{"gold_per_floor":[110,130,130,18,35,35,62,62,86,86,117,131,144,8,8,113,113,127,127,127,146,146,146,176,176,176,186,219,13,13,47,47,150,150,161,161,161,161,161,161,176,193,193,193,193,212,64,64,64,64],"floor_reached":50,"playtime":5562,"items_purged":["Strike_G","Strike_G","Accuracy"],"score":794,"play_id":"1c0489e1-a14a-481f-9e94-646193cd0b31","local_time":"20190512012727","is_ascension_mode":true,"campfire_choices":[{"floor":6.0,"key":"REST"},{"floor":8.0,"key":"REST"},{"floor":10.0,"key":"REST"},{"data":"Footwork","floor":15.0,"key":"SMITH"},{"data":"Terror","floor":25.0,"key":"SMITH"},{"floor":30.0,"key":"REST"},{"floor":32.0,"key":"REST"},{"floor":40.0,"key":"REST"},{"data":"Backflip","floor":45,"key":"SMITH"},{"data":"Skewer","floor":49,"key":"SMITH"}],"neow_cost":"NONE","seed_source_timestamp":2687807271005985,"circlet_count":0,"master_deck":["AscendersBane","Defend_G+1","Defend_G+1","Defend_G+1","Defend_G+1","Survivor","Neutralize","Deadly Poison","Footwork+1","Skewer+1","Underhanded Strike","Backflip+1","Acrobatics+1","Noxious Fumes","Corpse Explosion","Backflip+1","Riddle With Holes","Terror+1","Underhanded Strike+1","Footwork+1","Envenom+1","Footwork+1","Noxious Fumes+1","Doubt"],"special_seed":0,"relics":["HoveringKite","PreservedInsect","Boot","Ice Cream","Empty Cage","Happy Flower","Frozen Egg 2","Singing Bowl","Mummified Hand","Runic Dome","Juzu Bracelet","Strawberry"],"potions_floor_usage":[46,46,46],"damage_taken":[{"damage":10.0,"enemies":"Cultist","floor":1.0,"turns":5.0},{"damage":4.0,"enemies":"Jaw Worm","floor":2.0,"turns":3.0},{"damage":10.0,"enemies":"Small Slimes","floor":5.0,"turns":5.0},{"damage":32.0,"enemies":"Lagavulin","floor":7.0,"turns":7.0},{"damage":8.0,"enemies":"Gremlin Nob","floor":11.0,"turns":3.0},{"damage":0.0,"enemies":"2 Fungi Beasts","floor":12.0,"turns":4.0},{"damage":0.0,"enemies":"Blue Slaver","floor":13.0,"turns":3.0},{"damage":3.0,"enemies":"The Guardian","floor":16.0,"turns":9.0},{"damage":2.0,"enemies":"Shell Parasite","floor":18.0,"turns":6.0},{"damage":14.0,"enemies":"Spheric Guardian","floor":21.0,"turns":4.0},{"damage":5.0,"enemies":"Gremlin Leader","floor":24.0,"turns":4.0},{"damage":2.0,"enemies":"Centurion and Healer","floor":27.0,"turns":3.0},{"damage":11.0,"enemies":"Slavers","floor":28.0,"turns":3.0},{"damage":0.0,"enemies":"Gremlin Leader","floor":31.0,"turns":4.0},{"damage":30.0,"enemies":"Collector","floor":33.0,"turns":9.0},{"damage":12.0,"enemies":"3 Darklings","floor":35.0,"turns":3.0},{"damage":0.0,"enemies":"3 Shapes","floor":41.0,"turns":2.0},{"damage":17,"enemies":"3 Darklings","floor":42,"turns":2},{"damage":43,"enemies":"Writhing Mass","floor":46,"turns":4},{"damage":95,"enemies":"Time Eater","floor":50,"turns":13}],"seed_played":"3589307789682331499","potions_obtained":[{"floor":2.0,"key":"Block Potion"},{"floor":5.0,"key":"Energy Potion"},{"floor":12.0,"key":"GhostInAJar"},{"floor":13.0,"key":"Fire Potion"},{"floor":18.0,"key":"Energy Potion"},{"floor":33.0,"key":"Strength Potion"},{"floor":41.0,"key":"LiquidBronze"},{"floor":42,"key":"LiquidBronze"}],"is_trial":false,"path_per_floor":["M","M","?","$","M","R","E","R","T","R","E","M","M","$","R","B",null,"M","?","?","M","?","?","E","R","T","M","E","$","R","E","R","B",null,"M","?","?","?","?","R","M","M","T","?","R","M","$","?","R","B"],"character_chosen":"THE_SILENT","items_purchased":["Footwork","Noxious Fumes","Footwork+1","Strawberry"],"campfire_rested":6,"item_purchase_floors":[4,14,29,47],"current_hp_per_floor":[53,49,49,49,39,60,28,49,49,70,62,62,62,62,62,59,67,65,65,65,51,51,51,46,46,46,44,35,35,56,58,74,44,67,55,55,55,57,57,72,72,57,57,57,57,16,23,83,83,0],"gold":64,"neow_bonus":"BOSS_RELIC","is_prod":false,"is_daily":false,"chose_seed":false,"campfire_upgraded":4,"win_rate":0,"timestamp":1557613647,"path_taken":["M","?","?","$","M","R","E","R","T","R","E","M","M","$","R","BOSS","M","?","?","M","?","?","E","R","T","?","E","$","R","E","R","BOSS","M","?","?","?","?","R","M","M","T","?","R","M","$","?","R","BOSS"],"build_version":"2019-01-23","purchased_purges":3,"victory":false,"max_hp_per_floor":[70,70,70,70,70,70,70,70,70,70,70,70,70,70,70,70,70,70,70,70,70,70,70,70,70,70,70,72,72,72,74,74,74,74,74,74,70,72,72,72,72,74,74,74,74,76,83,83,83,83],"card_choices":[{"not_picked":["Cloak And Dagger","Slice"],"picked":"Eviscerate","floor":1.0},{"not_picked":["Reflex","Bane"],"picked":"Deadly Poison","floor":2.0},{"not_picked":["Blade Dance","Concentrate"],"picked":"Skewer","floor":5.0},{"not_picked":["Cloak And Dagger","Grand Finale"],"picked":"Underhanded Strike","floor":7.0},{"not_picked":["Noxious Fumes","Terror"],"picked":"Backflip","floor":11.0},{"not_picked":["Catalyst","Dagger Spray"],"picked":"Acrobatics","floor":12.0},{"not_picked":["Flying Knee","Blade Dance","Deflect"],"picked":"SKIP","floor":13.0},{"not_picked":["Malaise","Burst"],"picked":"Corpse Explosion","floor":16.0},{"not_picked":["PiercingWail","Prepared"],"picked":"Backflip","floor":18.0},{"not_picked":["Bouncing Flask","Cloak And Dagger"],"picked":"Terror","floor":21.0},{"not_picked":["Blade Dance","Sucker Punch","Backflip"],"picked":"SKIP","floor":24.0},{"not_picked":["Dodge and Roll","Caltrops+1"],"picked":"Underhanded Strike+1","floor":27.0},{"not_picked":["Acrobatics","Terror","Heel Hook"],"picked":"Singing Bowl","floor":28.0},{"not_picked":["Bane","After Image+1","Masterful Stab"],"picked":"Singing Bowl","floor":31.0},{"not_picked":["Die Die Die","Unload"],"picked":"Envenom+1","floor":33.0},{"not_picked":["Well Laid Plans+1","Calculated Gamble+1"],"picked":"Footwork+1","floor":35.0},{"not_picked":["Swift Strike","Deep Breath","Dramatic Entrance"],"picked":"Singing Bowl","floor":38.0},{"not_picked":["Blade Dance","Backflip"],"picked":"Noxious Fumes+1","floor":41.0},{"not_picked":["Bouncing Flask+1","Acrobatics","Backflip"],"picked":"Singing Bowl","floor":42},{"not_picked":["Slice","Quick Slash+1","Outmaneuver"],"picked":"Singing Bowl","floor":46}],"player_experience":968321,"relics_obtained":[{"floor":7.0,"key":"PreservedInsect"},{"floor":9.0,"key":"Boot"},{"floor":11.0,"key":"Ice Cream"},{"floor":24.0,"key":"Happy Flower"},{"floor":26.0,"key":"Frozen Egg 2"},{"floor":28.0,"key":"Singing Bowl"},{"floor":31.0,"key":"Mummified Hand"},{"floor":43,"key":"Juzu Bracelet"}],"event_choices":[{"cards_removed":["Strike_G"],"damage_healed":0.0,"max_hp_gain":0.0,"max_hp_loss":0.0,"gold_gain":0.0,"event_name":"Living Wall","player_choice":"Forget","floor":3.0,"gold_loss":0.0,"damage_taken":0.0},{"damage_healed":0.0,"max_hp_gain":0.0,"max_hp_loss":0.0,"gold_gain":0.0,"cards_transformed":["Eviscerate","Defend_G"],"event_name":"Drug Dealer","player_choice":"Became Test Subject","floor":19.0,"gold_loss":0.0,"damage_taken":0.0,"cards_obtained":["Accuracy","Riddle With Holes"]},{"damage_healed":0.0,"max_hp_gain":0.0,"max_hp_loss":0.0,"gold_gain":0.0,"event_name":"Back to Basics","player_choice":"Simplicity","floor":20.0,"gold_loss":0.0,"damage_taken":0.0,"cards_upgraded":["Defend_G","Defend_G","Defend_G","Defend_G"]},{"damage_healed":0.0,"max_hp_gain":0.0,"max_hp_loss":0.0,"gold_gain":0.0,"event_name":"Vampires","player_choice":"Ignored","floor":22.0,"gold_loss":0.0,"damage_taken":0.0},{"damage_healed":0.0,"max_hp_gain":0.0,"max_hp_loss":0.0,"gold_gain":0.0,"event_name":"The Mausoleum","player_choice":"Ignored","floor":23.0,"gold_loss":0.0,"damage_taken":0.0},{"damage_healed":0.0,"max_hp_gain":0.0,"max_hp_loss":0.0,"gold_gain":0.0,"event_name":"Tomb of Lord Red Mask","player_choice":"Ignored","floor":36.0,"gold_loss":0.0,"damage_taken":0.0},{"damage_healed":0.0,"max_hp_gain":0.0,"max_hp_loss":4.0,"gold_gain":0.0,"event_name":"Winding Halls","player_choice":"Max HP","floor":37.0,"gold_loss":0.0,"damage_taken":0.0},{"damage_healed":0.0,"max_hp_gain":0.0,"max_hp_loss":0.0,"gold_gain":0.0,"event_name":"SensoryStone","player_choice":"Memory 1","floor":38.0,"gold_loss":0.0,"damage_taken":0.0},{"damage_healed":0.0,"max_hp_gain":0.0,"max_hp_loss":0.0,"gold_gain":0.0,"event_name":"Upgrade Shrine","player_choice":"Upgraded","floor":39.0,"gold_loss":0.0,"damage_taken":0.0,"cards_upgraded":["Backflip"]},{"damage_healed":0,"gold_gain":0,"player_choice":"Forge","damage_taken":0,"max_hp_gain":0,"max_hp_loss":0,"event_name":"Accursed Blacksmith","floor":44,"gold_loss":0,"cards_upgraded":["Acrobatics"]},{"damage_healed":60,"gold_gain":0,"player_choice":"Heal","damage_taken":0,"max_hp_gain":0,"max_hp_loss":0,"event_name":"MindBloom","floor":48,"gold_loss":0,"cards_obtained":["Doubt"]}],"is_beta":false,"boss_relics":[{"not_picked":["Black Star","White Beast Statue"],"picked":"Empty Cage"},{"not_picked":["Coffee Dripper","Snecko Eye"],"picked":"Runic Dome"}],"items_purged_floors":[4,14,29],"is_endless":false,"potions_floor_spawned":[2,5,12,13,18,21,33,41,42],"killed_by":"Time Eater","ascension_level":10}