{"gold_per_floor":[116,116,15,32,42,42,76,94,94,109,109,129,129,129,129,129],"floor_reached":16,"playtime":843,"items_purged":["Strike_R"],"score":199,"play_id":"01c1510d-3a9a-4518-9d17-40f4e608466d","local_time":"20190211180320","is_ascension_mode":true,"campfire_choices":[{"floor":6.0,"key":"REST"},{"floor":13,"key":"REST"},{"floor":15,"key":"REST"}],"neow_cost":"NONE","seed_source_timestamp":411245675972722,"circlet_count":0,"master_deck":["AscendersBane","Strike_R","Strike_R","Strike_R","Strike_R","Defend_R","Defend_R","Defend_R","Defend_R","Bash+1","Shrug It Off","Iron Wave","Sword Boomerang","Headbutt","Cleave","Feed"],"special_seed":0,"relics":["Velvet Choker","Happy Flower","Ancient Tea Set"],"potions_floor_usage":[],"damage_taken":[{"damage":8.0,"enemies":"2 Louse","floor":1.0,"turns":4.0},{"damage":0.0,"enemies":"Cultist","floor":4.0,"turns":3.0},{"damage":12.0,"enemies":"Jaw Worm","floor":5.0,"turns":3.0},{"damage":26.0,"enemies":"Gremlin Nob","floor":7.0,"turns":4.0},{"damage":14.0,"enemies":"3 Louse","floor":8.0,"turns":3.0},{"damage":6.0,"enemies":"Large Slime","floor":10.0,"turns":5.0},{"damage":1,"enemies":"Looter","floor":12,"turns":3},{"damage":72,"enemies":"Slime Boss","floor":16,"turns":9}],"seed_played":"8525094706529055891","potions_obtained":[{"floor":4.0,"key":"Swift Potion"},{"floor":5.0,"key":"Explosive Potion"}],"is_trial":false,"path_per_floor":["M","?","$","M","M","R","E","M","T","M","?","M","R","?","R","B"],"character_chosen":"IRONCLAD","items_purchased":["Shrug It Off"],"campfire_rested":3,"item_purchase_floors":[3],"current_hp_per_floor":[60,60,60,60,48,70,44,30,30,24,42,41,63,56,72,0],"gold":129,"neow_bonus":"BOSS_RELIC","is_prod":false,"is_daily":false,"chose_seed":false,"campfire_upgraded":0,"win_rate":0,"timestamp":1549901000,"path_taken":["M","?","$","M","M","R","E","M","T","?","?","M","R","?","R","BOSS"],"build_version":"2019-01-23","purchased_purges":1,"victory":false,"max_hp_per_floor":[75,75,75,75,75,75,75,75,75,75,75,75,75,72,72,72],"card_choices":[{"not_picked":["Perfected Strike","Blood for Blood","Havoc"],"picked":"SKIP","floor":1.0},{"not_picked":["Warcry","True Grit"],"picked":"Iron Wave","floor":4.0},{"not_picked":["Thunderclap","Wild Strike","Fire Breathing"],"picked":"SKIP","floor":5.0},{"not_picked":["Havoc","Battle Trance"],"picked":"Sword Boomerang","floor":7.0},{"not_picked":["Flex","Heavy Blade"],"picked":"Headbutt","floor":8.0},{"not_picked":["Twin Strike","Armaments"],"picked":"Cleave","floor":10.0},{"not_picked":["Whirlwind","Cleave"],"picked":"Feed","floor":12}],"player_experience":587266,"relics_obtained":[{"floor":7.0,"key":"Happy Flower"},{"floor":9.0,"key":"Ancient Tea Set"}],"event_choices":[{"damage_healed":0.0,"max_hp_gain":0.0,"max_hp_loss":0.0,"gold_gain":0.0,"event_name":"Upgrade Shrine","player_choice":"Upgraded","floor":2.0,"gold_loss":0.0,"damage_taken":0.0,"cards_upgraded":["Bash"]},{"damage_healed":18.0,"max_hp_gain":0.0,"max_hp_loss":0.0,"gold_gain":0.0,"event_name":"Mushrooms","player_choice":"Healed and dodged fight","floor":11.0,"gold_loss":0.0,"damage_taken":0.0,"cards_obtained":["Parasite"]},{"cards_removed":["Parasite"],"damage_healed":0,"gold_gain":0,"player_choice":"Card Removal","damage_taken":7,"max_hp_gain":0,"max_hp_loss":0,"event_name":"Golden Wing","floor":14,"gold_loss":0}],"is_beta":false,"boss_relics":[],"items_purged_floors":[3],"is_endless":false,"potions_floor_spawned":[4,5],"killed_by":"Slime Boss","ascension_level":19}