{"gold_per_floor":[112,112,136,161,184,184,222,222,304,304,340,360,360,381,381,505,505,530,510,523,48,64,100,100,118,145,145,163,182,195,195,195,195],"floor_reached":33,"playtime":1428,"items_purged":[],"score":337,"play_id":"3afd29f7-820a-434c-be6e-a4c540d53c5e","local_time":"20181213190649","is_ascension_mode":true,"campfire_choices":[{"data":"Defragment","floor":6,"key":"SMITH"},{"floor":10,"key":"REST"},{"data":"Go for the Eyes","floor":13,"key":"SMITH"},{"data":"Loop","floor":15,"key":"SMITH"},{"floor":24,"key":"REST"},{"floor":27,"key":"REST"},{"floor":32,"key":"REST"}],"neow_cost":"NONE","seed_source_timestamp":31225073547030,"circlet_count":0,"master_deck":["Strike_B","Strike_B","Defend_B","Defend_B","Defend_B","Defend_B","Zap+1","Dualcast","Go for the Eyes+1","Conserve Battery","Cold Snap","Defragment+1","Multi-Cast","Steam","Ball Lightning","Loop+1","Electrodynamics","Go for the Eyes+1","Double Energy","Echo Form","Conserve Battery","Doom and Gloom","Turbo+1","Chill","Hologram+1","Rainbow","Scrape"],"relics":["Cracked Core","Golden Idol","Ginger","Kunai","Orichalcum","Philosopher\u0027s Stone","Singing Bowl","Potion Belt","Bag of Marbles"],"potions_floor_usage":[11,11,23,23,23,33],"damage_taken":[{"damage":5,"enemies":"Small Slimes","floor":1,"turns":2},{"damage":0,"enemies":"Cultist","floor":3,"turns":3},{"damage":0,"enemies":"Jaw Worm","floor":4,"turns":3},{"damage":14,"enemies":"3 Louse","floor":5,"turns":3},{"damage":25,"enemies":"3 Sentries","floor":7,"turns":7},{"damage":18,"enemies":"Gremlin Nob","floor":11,"turns":3},{"damage":0,"enemies":"2 Fungi Beasts","floor":12,"turns":5},{"damage":1,"enemies":"Looter","floor":14,"turns":4},{"damage":12,"enemies":"Hexaghost","floor":16,"turns":10},{"damage":4,"enemies":"Chosen","floor":18,"turns":3},{"damage":16,"enemies":"Shell Parasite","floor":20,"turns":4},{"damage":8,"enemies":"Chosen and Byrds","floor":22,"turns":4},{"damage":33,"enemies":"Slavers","floor":23,"turns":5},{"damage":13,"enemies":"Snecko","floor":25,"turns":5},{"damage":2,"enemies":"Cultist and Chosen","floor":28,"turns":4},{"damage":32,"enemies":"Shelled Parasite and Fungi","floor":29,"turns":4},{"damage":3,"enemies":"Snake Plant","floor":30,"turns":3},{"damage":33,"enemies":"Automaton","floor":33,"turns":8}],"seed_played":"-5407006983955608203","potions_obtained":[{"floor":3,"key":"Strength Potion"},{"floor":5,"key":"Fire Potion"},{"floor":14,"key":"Fire Potion"},{"floor":16,"key":"AttackPotion"},{"floor":19,"key":"FocusPotion"},{"floor":25,"key":"Weak Potion"},{"floor":28,"key":"Ancient Potion"},{"floor":30,"key":"Fire Potion"}],"is_trial":false,"path_per_floor":["M","?","M","M","M","R","E","?","T","R","E","M","R","M","R","B",null,"M","?","M","$","M","E","R","M","T","R","M","M","M","?","R","B"],"character_chosen":"DEFECT","items_purchased":["Echo Form","Conserve Battery","Singing Bowl"],"campfire_rested":4,"item_purchase_floors":[21,21,21],"current_hp_per_floor":[70,69,69,69,55,55,30,30,30,50,32,32,32,31,31,19,69,65,65,49,49,41,8,28,15,15,35,35,5,2,2,23,0],"gold":195,"neow_bonus":"UPGRADE_CARD","is_prod":false,"is_daily":false,"chose_seed":false,"campfire_upgraded":3,"win_rate":0,"timestamp":1544746009,"path_taken":["M","?","M","M","M","R","E","?","T","R","E","M","R","M","R","BOSS","M","?","M","$","M","E","R","?","T","R","M","M","M","?","R","BOSS"],"build_version":"2018-12-06","purchased_purges":0,"victory":false,"max_hp_per_floor":[75,69,69,69,69,69,69,69,69,69,69,69,69,69,69,69,69,69,69,69,69,69,69,69,69,69,69,71,73,73,73,73,73],"card_choices":[{"not_picked":["Scrape","Gash"],"picked":"Go for the Eyes","floor":1},{"not_picked":["Leap","Steam"],"picked":"Conserve Battery","floor":3},{"not_picked":["Steam Power","BootSequence"],"picked":"Cold Snap","floor":4},{"not_picked":["Steam","Reprogram"],"picked":"Defragment","floor":5},{"not_picked":["Lockon","Force Field"],"picked":"Multi-Cast","floor":7},{"not_picked":["Stack","Coolheaded"],"picked":"Steam","floor":11},{"not_picked":["Force Field","Gash"],"picked":"Ball Lightning","floor":12},{"not_picked":["Fusion","Rebound"],"picked":"Loop","floor":14},{"not_picked":["Amplify","Hyperbeam"],"picked":"Electrodynamics","floor":16},{"not_picked":["Lockon","Turbo"],"picked":"Go for the Eyes+1","floor":18},{"not_picked":["Go for the Eyes","Tempest+1"],"picked":"Double Energy","floor":20},{"not_picked":["White Noise","Turbo"],"picked":"Doom and Gloom","floor":22},{"not_picked":["Streamline","FTL+1"],"picked":"Turbo+1","floor":23},{"not_picked":["Turbo","Gash"],"picked":"Chill","floor":25},{"not_picked":["Doom and Gloom+1","Turbo","Hologram"],"picked":"Singing Bowl","floor":28},{"not_picked":["Redo","Steam Power+1","Echo Form"],"picked":"Singing Bowl","floor":29},{"not_picked":["Sunder","Go for the Eyes"],"picked":"Hologram+1","floor":30}],"player_experience":326086,"relics_obtained":[{"floor":7,"key":"Ginger"},{"floor":9,"key":"Kunai"},{"floor":11,"key":"Orichalcum"},{"floor":23,"key":"Potion Belt"},{"floor":26,"key":"Bag of Marbles"}],"event_choices":[{"damage_healed":0,"gold_gain":0,"player_choice":"Lose Max HP","damage_taken":0,"relics_obtained":["Golden Idol"],"max_hp_gain":0,"max_hp_loss":6,"event_name":"Golden Idol","floor":2,"gold_loss":0},{"damage_healed":0,"gold_gain":0,"player_choice":"Ignored","damage_taken":0,"max_hp_gain":0,"max_hp_loss":0,"event_name":"Liars Game","floor":8,"gold_loss":0},{"damage_healed":0,"gold_gain":0,"player_choice":"Bought 1 Potion","damage_taken":0,"max_hp_gain":0,"max_hp_loss":0,"event_name":"The Woman in Blue","floor":19,"gold_loss":0},{"damage_healed":0,"gold_gain":0,"cards_transformed":["Strike_B","Strike_B"],"player_choice":"Became Test Subject","damage_taken":0,"max_hp_gain":0,"max_hp_loss":0,"event_name":"Drug Dealer","floor":31,"gold_loss":0,"cards_obtained":["Rainbow","Scrape"]}],"is_beta":false,"boss_relics":[{"not_picked":["Tiny House","Lizard Tail"],"picked":"Philosopher\u0027s Stone"}],"items_purged_floors":[],"is_endless":false,"potions_floor_spawned":[3,5,14,16,20,22,25,28,30],"killed_by":"Automaton","ascension_level":4}