{"gold_per_floor":[111,36,47,66,79,79,89,20,43,43,43,93,69,103,103,179,179,191,91,105,155,165,165,165,180,180,207,207,225,244,257,257,257],"floor_reached":33,"playtime":1876,"items_purged":["Pain","Strike_B"],"score":496,"play_id":"7ecde350-375c-4748-b660-4ebdb7dad77f","local_time":"20190307005203","is_ascension_mode":true,"campfire_choices":[{"data":"Coolheaded","floor":6.0,"key":"SMITH"},{"floor":11.0,"key":"REST"},{"floor":15.0,"key":"REST"},{"floor":23.0,"key":"REST"},{"floor":28.0,"key":"REST"},{"floor":32.0,"key":"REST"}],"neow_cost":"CURSE","seed_source_timestamp":428953926086448,"circlet_count":0,"master_deck":["AscendersBane","Strike_B","Strike_B","Strike_B","Defend_B","Defend_B","Defend_B","Defend_B","Zap","Dualcast","Ball Lightning","Ball Lightning","FTL","Electrodynamics","Coolheaded+1","Leap","Echo Form","Genetic Algorithm","Leap","Leap","Machine Learning","Ball Lightning+1","Genetic Algorithm+1","Defragment","Capacitor+1","Biased Cognition","Leap","Leap","Capacitor+1","Self Repair"],"special_seed":0,"relics":["Cracked Core","Prayer Wheel","Ancient Tea Set","Blood Vial","Potion Belt","Fusion Hammer","FossilizedHelix","Lantern"],"potions_floor_usage":[33],"damage_taken":[{"damage":13.0,"enemies":"2 Louse","floor":1.0,"turns":2.0},{"damage":7.0,"enemies":"Jaw Worm","floor":3.0,"turns":2.0},{"damage":0.0,"enemies":"Cultist","floor":4.0,"turns":2.0},{"damage":0.0,"enemies":"Lots of Slimes","floor":5.0,"turns":1.0},{"damage":2.0,"enemies":"Red Slaver","floor":7.0,"turns":3.0},{"damage":18.0,"enemies":"Lagavulin","floor":14.0,"turns":5.0},{"damage":24.0,"enemies":"Slime Boss","floor":16.0,"turns":5.0},{"damage":21.0,"enemies":"Chosen","floor":18.0,"turns":6.0},{"damage":2.0,"enemies":"3 Byrds","floor":20.0,"turns":2.0},{"damage":26.0,"enemies":"Snake Plant","floor":22.0,"turns":4.0},{"damage":22.0,"enemies":"Snecko","floor":25.0,"turns":5.0},{"damage":24.0,"enemies":"Book of Stabbing","floor":27.0,"turns":7.0},{"damage":6.0,"enemies":"3 Cultists","floor":29.0,"turns":3.0},{"damage":16.0,"enemies":"Snake Plant","floor":30.0,"turns":3.0},{"damage":0.0,"enemies":"Cultist and Chosen","floor":31.0,"turns":4.0},{"damage":29,"enemies":"Collector","floor":33,"turns":7}],"seed_played":"2359455570171603035","potions_obtained":[{"floor":1.0,"key":"Poison Potion"},{"floor":3.0,"key":"LiquidBronze"},{"floor":5.0,"key":"EssenceOfSteel"},{"floor":14.0,"key":"LiquidBronze"},{"floor":18.0,"key":"PowerPotion"},{"floor":20.0,"key":"SteroidPotion"},{"floor":25.0,"key":"GamblersBrew"}],"is_trial":false,"path_per_floor":["M","$","M","M","M","R","M","$","T","?","R","T","$","E","R","B",null,"M","$","M","?","M","R","?","M","T","E","R","M","M","M","R","B"],"character_chosen":"DEFECT","items_purchased":["Genetic Algorithm","Leap"],"campfire_rested":5,"item_purchase_floors":[8,13],"current_hp_per_floor":[51,51,44,44,44,44,42,42,42,42,63,63,63,47,68,46,65,46,46,46,46,22,43,43,23,23,1,22,18,4,6,27,0],"gold":257,"neow_bonus":"ONE_RARE_RELIC","is_prod":false,"is_daily":false,"chose_seed":false,"campfire_upgraded":1,"win_rate":0,"timestamp":1551912723,"path_taken":["M","$","M","M","M","R","M","$","T","?","R","?","?","E","R","BOSS","M","$","M","?","M","R","?","?","T","E","R","?","M","M","R","BOSS"],"build_version":"2019-01-23","purchased_purges":2,"victory":false,"max_hp_per_floor":[71,71,71,71,71,71,71,71,71,71,71,71,71,71,71,71,71,71,71,71,71,71,71,71,71,71,71,71,71,71,71,71,71],"card_choices":[{"not_picked":["Consume","Double Energy"],"picked":"Ball Lightning","floor":1.0},{"not_picked":["Hologram","Gash"],"picked":"Ball Lightning","floor":1.0},{"not_picked":["Reprogram","Doom and Gloom"],"picked":"FTL","floor":3.0},{"not_picked":["Steam Power","Compile Driver","Lockon"],"picked":"SKIP","floor":3.0},{"not_picked":["Ball Lightning","Rebound"],"picked":"Electrodynamics","floor":4.0},{"not_picked":["Recycle","Compile Driver"],"picked":"Coolheaded","floor":4.0},{"not_picked":["FTL","Heatsinks"],"picked":"Leap","floor":5.0},{"not_picked":["Reprogram","Turbo","Sweeping Beam"],"picked":"SKIP","floor":5.0},{"not_picked":["Compile Driver","Cold Snap"],"picked":"Echo Form","floor":7.0},{"not_picked":["Compile Driver","Streamline","Sweeping Beam"],"picked":"SKIP","floor":7.0},{"not_picked":["Sweeping Beam","Hyperbeam"],"picked":"Leap","floor":14.0},{"not_picked":["Core Surge","Hyperbeam"],"picked":"Machine Learning","floor":16.0},{"not_picked":["Barrage+1","Turbo"],"picked":"Ball Lightning+1","floor":18.0},{"not_picked":["FTL","Barrage"],"picked":"Genetic Algorithm","floor":18.0},{"not_picked":["FTL","Darkness","Consume"],"picked":"SKIP","floor":20.0},{"not_picked":["Cold Snap","Rebound","Consume"],"picked":"SKIP","floor":20.0},{"not_picked":["Turbo","Cold Snap"],"picked":"Defragment","floor":22.0},{"not_picked":["Consume","Compile Driver","Aggregate+1"],"picked":"SKIP","floor":22.0},{"not_picked":["Double Energy","Darkness"],"picked":"Capacitor+1","floor":25.0},{"not_picked":["Hologram","Sunder"],"picked":"Biased Cognition","floor":25.0},{"not_picked":["Darkness","Hyperbeam"],"picked":"Leap","floor":27.0},{"not_picked":["Hello World+1","Sweeping Beam"],"picked":"Leap","floor":29.0},{"not_picked":["Ball Lightning","Hologram"],"picked":"Capacitor+1","floor":29.0},{"not_picked":["Beam Cell","Stack"],"picked":"Self Repair","floor":30.0},{"not_picked":["Coolheaded+1","Tempest","Capacitor"],"picked":"SKIP","floor":30.0},{"not_picked":["Sweeping Beam","Hologram","Cold Snap"],"picked":"SKIP","floor":31.0},{"not_picked":["Doom and Gloom","Streamline","Ball Lightning"],"picked":"SKIP","floor":31.0}],"player_experience":726110,"relics_obtained":[{"floor":9.0,"key":"Ancient Tea Set"},{"floor":12.0,"key":"Blood Vial"},{"floor":14.0,"key":"Potion Belt"},{"floor":26.0,"key":"FossilizedHelix"},{"floor":27.0,"key":"Lantern"}],"event_choices":[{"damage_healed":0.0,"max_hp_gain":0.0,"max_hp_loss":0.0,"gold_gain":0.0,"event_name":"Scrap Ooze","player_choice":"Fled","floor":10.0,"gold_loss":0.0,"damage_taken":0.0},{"damage_healed":0.0,"max_hp_gain":0.0,"max_hp_loss":0.0,"gold_gain":50.0,"event_name":"Nest","player_choice":"Stole From Cult","floor":21.0,"gold_loss":0.0,"damage_taken":0.0},{"damage_healed":0.0,"max_hp_gain":0.0,"max_hp_loss":0.0,"gold_gain":0.0,"event_name":"Accursed Blacksmith","player_choice":"Forge","floor":24.0,"gold_loss":0.0,"damage_taken":0.0,"cards_upgraded":["Genetic Algorithm"]}],"is_beta":false,"boss_relics":[{"not_picked":["Eternal Feather","Empty Cage"],"picked":"Fusion Hammer"}],"items_purged_floors":[2,19],"is_endless":false,"potions_floor_spawned":[1,3,5,14,18,20,25],"killed_by":"Collector","ascension_level":15}