{"gold_per_floor":[111,127,52,15,15,15,15,50,130,148,148],"floor_reached":11,"playtime":253,"items_purged":["Strike_R"],"score":91,"play_id":"70ceaec5-3826-4b41-8e8b-8b4239b62e88","local_time":"20190509183045","is_ascension_mode":true,"campfire_choices":[{"data":"Searing Blow","floor":6,"key":"SMITH"}],"neow_cost":"NONE","seed_source_timestamp":2175677602657826,"circlet_count":0,"master_deck":["Strike_R","Strike_R","Strike_R","Strike_R","Defend_R","Defend_R","Defend_R","Defend_R","Bash","Searing Blow+1"],"relics":["Burning Blood","NeowsBlessing","Blood Vial","Lantern","Kunai"],"potions_floor_usage":[],"damage_taken":[{"damage":0,"enemies":"Small Slimes","floor":1,"turns":1},{"damage":0,"enemies":"2 Louse","floor":2,"turns":1},{"damage":0,"enemies":"Cultist","floor":7,"turns":1},{"damage":60,"enemies":"Lagavulin","floor":8,"turns":7},{"damage":12,"enemies":"Looter","floor":10,"turns":3},{"damage":32,"enemies":"Gremlin Nob","floor":11,"turns":3}],"seed_played":"2256511313170340912","potions_obtained":[{"floor":10,"key":"SpeedPotion"}],"is_trial":false,"path_per_floor":["M","M","$","?","?","R","M","E","T","M","E"],"character_chosen":"IRONCLAD","items_purchased":[],"campfire_rested":0,"item_purchase_floors":[],"current_hp_per_floor":[80,80,80,80,80,80,80,26,26,22,0],"gold":148,"neow_bonus":"THREE_ENEMY_KILL","is_prod":false,"is_daily":false,"chose_seed":false,"campfire_upgraded":1,"win_rate":0,"timestamp":1557441045,"path_taken":["M","M","$","?","?","R","M","E","T","?","E"],"build_version":"2019-01-23","purchased_purges":1,"victory":false,"max_hp_per_floor":[80,80,80,80,80,80,80,80,80,80,80],"card_choices":[{"not_picked":["Rampage","Body Slam"],"picked":"Pommel Strike","floor":1},{"not_picked":["True Grit","Rampage"],"picked":"Searing Blow","floor":2},{"not_picked":["Body Slam","Havoc","Clash"],"picked":"SKIP","floor":7},{"not_picked":["Perfected Strike","Clothesline","Juggernaut"],"picked":"SKIP","floor":8},{"not_picked":["Flex","Cleave","Clothesline"],"picked":"SKIP","floor":10}],"player_experience":205412,"relics_obtained":[{"floor":8,"key":"Lantern"},{"floor":9,"key":"Kunai"}],"event_choices":[{"damage_healed":0,"gold_gain":0,"player_choice":"Left Gold","damage_taken":0,"max_hp_gain":0,"max_hp_loss":0,"event_name":"World of Goop","floor":4,"gold_loss":37},{"cards_removed":["Pommel Strike"],"damage_healed":0,"gold_gain":0,"player_choice":"Gave Card","damage_taken":0,"relics_obtained":["Blood Vial"],"max_hp_gain":0,"max_hp_loss":0,"event_name":"WeMeetAgain","floor":5,"gold_loss":0}],"is_beta":false,"boss_relics":[],"items_purged_floors":[3],"is_endless":false,"potions_floor_spawned":[7,10],"killed_by":"Gremlin Nob","ascension_level":5}