{"gold_per_floor":[114,114,30,47,103,132,149,175,252,252,252,272,272,292,292,388,388,401,401,54,73,90,90,102,102,102,120,120,46,75,90,90,191,191,206,206,217,234,249,249,268,286,313,313,325,148,163,163,163,163],"floor_reached":50,"playtime":3170,"items_purged":["Pain","Strike_B"],"score":528,"play_id":"637744b8-c39a-44c8-9edb-b7d17f7a1282","local_time":"20181104185903","is_ascension_mode":false,"campfire_choices":[{"data":"Loop","floor":13,"key":"SMITH"},{"floor":15,"key":"REST"},{"data":"Redo","floor":23,"key":"SMITH"},{"data":"Dualcast","floor":25,"key":"SMITH"},{"data":"Streamline","floor":28,"key":"SMITH"},{"data":"Skim","floor":32,"key":"SMITH"},{"floor":40,"key":"REST"},{"data":"Double Energy","floor":44,"key":"SMITH"},{"data":"Amplify","floor":49,"key":"SMITH"}],"neow_cost":"NONE","seed_source_timestamp":1637804057976254,"circlet_count":0,"master_deck":["Strike_B","Strike_B","Defend_B","Defend_B","Defend_B","Defend_B","Zap","Dualcast+1","Ball Lightning","Self Repair","Streamline+1","Compile Driver","Amplify+1","Loop+1","Chill","Barrage+1","Redo+1","Electrodynamics+1","Cold Snap+1","Defragment+1","Go for the Eyes+1","Skim+1","Leap","Ball Lightning+1","Consume+1","Doom and Gloom+1","Double Energy+1","Defragment+1","Compile Driver+1","Machine Learning+1","Barrage+1","Darkness+1","Double Energy+1","Go for the Eyes+1","Capacitor+1","Deep Breath"],"relics":["Cracked Core","NeowsBlessing","Ginger","PreservedInsect","Vajra","Molten Egg 2","Frozen Egg 2","Nuclear Battery","WarpedTongs","Meat on the Bone","Anchor","Busted Crown","Lantern"],"potions_floor_usage":[50,50],"damage_taken":[{"damage":0,"enemies":"Jaw Worm","floor":1,"turns":1},{"damage":0,"enemies":"Small Slimes","floor":4,"turns":1},{"damage":0,"enemies":"Gremlin Nob","floor":6,"turns":1},{"damage":0,"enemies":"2 Louse","floor":7,"turns":2},{"damage":22,"enemies":"3 Sentries","floor":8,"turns":4},{"damage":9,"enemies":"Blue Slaver","floor":12,"turns":3},{"damage":11,"enemies":"Looter","floor":14,"turns":3},{"damage":46,"enemies":"The Guardian","floor":16,"turns":12},{"damage":10,"enemies":"3 Byrds","floor":18,"turns":3},{"damage":6,"enemies":"Spheric Guardian","floor":21,"turns":3},{"damage":12,"enemies":"Centurion and Healer","floor":22,"turns":5},{"damage":36,"enemies":"Shelled Parasite and Fungi","floor":24,"turns":3},{"damage":18,"enemies":"Snake Plant","floor":27,"turns":4},{"damage":15,"enemies":"Gremlin Leader","floor":30,"turns":3},{"damage":10,"enemies":"Snecko","floor":31,"turns":4},{"damage":30,"enemies":"Automaton","floor":33,"turns":10},{"damage":13,"enemies":"Orb Walker","floor":35,"turns":3},{"damage":0,"enemies":"3 Darklings","floor":37,"turns":2},{"damage":18,"enemies":"Maw","floor":38,"turns":5},{"damage":32,"enemies":"Writhing Mass","floor":39,"turns":4},{"damage":19,"enemies":"Transient","floor":41,"turns":5},{"damage":5,"enemies":"4 Shapes","floor":42,"turns":3},{"damage":3,"enemies":"Sphere and 2 Shapes","floor":45,"turns":3},{"damage":0,"enemies":"3 Darklings","floor":47,"turns":2},{"damage":71,"enemies":"Awakened One","floor":50,"turns":6}],"seed_played":"-373413099540489805","potions_obtained":[{"floor":4,"key":"Dexterity Potion"},{"floor":14,"key":"Dexterity Potion"},{"floor":16,"key":"SteroidPotion"},{"floor":22,"key":"Strength Potion"}],"is_trial":false,"path_per_floor":["M","?","$","M","?","E","M","E","T","?","T","M","R","M","R","B",null,"M","?","$","M","M","R","M","R","T","M","R","$","E","M","R","B",null,"M","?","M","M","M","R","M","M","T","R","M","$","M","?","R","B"],"character_chosen":"DEFECT","items_purchased":["Self Repair","Streamline","Defragment+1","Go for the Eyes+1","Skim","Leap","Ball Lightning+1","Defragment+1","Capacitor+1"],"campfire_rested":2,"item_purchase_floors":[3,3,20,20,20,20,20,29,46],"current_hp_per_floor":[75,68,68,68,68,75,75,53,53,53,53,51,51,40,62,23,75,72,72,72,66,68,68,42,42,42,50,50,50,47,49,49,51,75,62,62,62,44,31,53,60,62,62,62,66,66,66,66,66,0],"gold":163,"neow_bonus":"THREE_ENEMY_KILL","is_prod":false,"is_daily":false,"chose_seed":false,"campfire_upgraded":7,"win_rate":0.0,"timestamp":1541375943,"path_taken":["M","?","$","M","?","E","M","E","T","?","?","?","R","M","R","BOSS","M","?","$","M","?","R","M","R","T","M","R","$","E","M","R","BOSS","M","?","M","M","M","R","M","M","T","R","?","$","M","?","R","BOSS"],"build_version":"2018-11-01","purchased_purges":2,"victory":false,"max_hp_per_floor":[75,75,75,75,75,75,75,75,75,75,75,75,75,75,75,75,75,75,75,75,75,75,75,75,75,75,75,75,75,75,75,75,75,75,75,75,75,75,75,75,75,75,75,75,75,75,75,75,75,75],"card_choices":[{"not_picked":["Force Field","FTL"],"picked":"Ball Lightning","floor":1},{"not_picked":["Scrape","FTL"],"picked":"Compile Driver","floor":4},{"not_picked":["Conserve Battery","Leap"],"picked":"Amplify","floor":6},{"not_picked":["Cold Snap","Blizzard"],"picked":"Loop","floor":7},{"not_picked":["Sweeping Beam","Blizzard"],"picked":"Chill","floor":8},{"not_picked":["Steam","Streamline+1"],"picked":"Barrage+1","floor":12},{"not_picked":["Blizzard+1","Sweeping Beam+1"],"picked":"Redo","floor":14},{"not_picked":["Multi-Cast","Amplify"],"picked":"Electrodynamics+1","floor":16},{"not_picked":["Lockon+1","Streamline+1"],"picked":"Cold Snap+1","floor":18},{"not_picked":["Beam Cell+1","Melter+1"],"picked":"Consume+1","floor":21},{"not_picked":["Steam","Double Energy"],"picked":"Doom and Gloom+1","floor":22},{"not_picked":["Sweeping Beam+1","Melter+1","Darkness"],"picked":"SKIP","floor":24},{"not_picked":["Doom and Gloom+1","Loop+1"],"picked":"Double Energy+1","floor":27},{"not_picked":["Barrage+1","Go for the Eyes+1"],"picked":"Compile Driver+1","floor":30},{"not_picked":["Ball Lightning+1","Stack","Streamline+1"],"picked":"SKIP","floor":31},{"not_picked":["Fission","Electrodynamics+1"],"picked":"Machine Learning+1","floor":33},{"not_picked":[],"picked":"Barrage+1","floor":35},{"not_picked":[],"picked":"Darkness+1","floor":37},{"not_picked":[],"picked":"Double Energy","floor":38},{"not_picked":["Beam Cell+1"],"picked":"SKIP","floor":39},{"not_picked":[],"picked":"Go for the Eyes+1","floor":41},{"not_picked":["Gash+1"],"picked":"SKIP","floor":42},{"not_picked":["Sweeping Beam+1"],"picked":"SKIP","floor":45},{"not_picked":["Rip and Tear+1"],"picked":"SKIP","floor":47},{"not_picked":[],"picked":"Deep Breath","floor":48}],"player_experience":103882,"relics_obtained":[{"floor":6,"key":"PreservedInsect"},{"floor":8,"key":"Vajra"},{"floor":9,"key":"Molten Egg 2"},{"floor":11,"key":"Frozen Egg 2"},{"floor":26,"key":"Meat on the Bone"},{"floor":30,"key":"Anchor"},{"floor":43,"key":"Lantern"}],"event_choices":[{"damage_healed":0,"gold_gain":0,"player_choice":"Success","damage_taken":7,"relics_obtained":["Ginger"],"max_hp_gain":0,"max_hp_loss":0,"event_name":"Scrap Ooze","floor":2,"gold_loss":0},{"damage_healed":0,"gold_gain":56,"player_choice":"Gained Gold","damage_taken":0,"max_hp_gain":0,"max_hp_loss":0,"event_name":"Golden Wing","floor":5,"gold_loss":0},{"damage_healed":0,"gold_gain":0,"player_choice":"Leave","damage_taken":0,"max_hp_gain":0,"max_hp_loss":0,"event_name":"The Cleric","floor":10,"gold_loss":0},{"damage_healed":0,"gold_gain":0,"player_choice":"Rummage","damage_taken":0,"relics_obtained":["WarpedTongs"],"max_hp_gain":0,"max_hp_loss":0,"event_name":"Accursed Blacksmith","floor":19,"gold_loss":0,"cards_obtained":["Pain"]},{"cards_removed":["Strike_B"],"damage_healed":0,"gold_gain":0,"player_choice":"Purged","damage_taken":0,"max_hp_gain":0,"max_hp_loss":0,"event_name":"Purifier","floor":36,"gold_loss":0},{"damage_healed":0,"gold_gain":0,"player_choice":"Memory 1","damage_taken":0,"max_hp_gain":0,"max_hp_loss":0,"event_name":"SensoryStone","floor":48,"gold_loss":0}],"is_beta":false,"boss_relics":[{"not_picked":["Philosopher\u0027s Stone","Fusion Hammer"],"picked":"Nuclear Battery"},{"not_picked":["Orrery","Tiny House"],"picked":"Busted Crown"}],"items_purged_floors":[20,46],"is_endless":false,"potions_floor_spawned":[4,14,16,22,24,27,31,38,39,41,47],"killed_by":"Awakened One","ascension_level":0}