{"gold_per_floor":[119,119,62,79,99,126,126,126,205,232,252,252,278,298,298,376,376,390,440,440,72,88,88,88,88,169,189,189,222,222,303,303,375,375,386,403,428,443,443,477,477,304,304,114,133,233,233,243,243,243,243],"floor_reached":52,"playtime":2647,"items_purged":["Strike_R+1","Strike_R+1"],"score":1837,"play_id":"a49ac4b7-44f8-4974-b504-da8ef7ca2100","local_time":"20190408171253","is_ascension_mode":true,"campfire_choices":[{"data":"Inflame","floor":8.0,"key":"SMITH"},{"data":"Immolate","floor":12.0,"key":"SMITH"},{"data":"Inflame","floor":15.0,"key":"SMITH"},{"data":"Fiend Fire","floor":23.0,"key":"SMITH"},{"data":"Offering","floor":25.0,"key":"SMITH"},{"data":"Armaments","floor":30.0,"key":"SMITH"},{"floor":32.0,"key":"REST"},{"data":"Corruption","floor":41,"key":"SMITH"},{"data":"Body Slam","floor":49,"key":"SMITH"}],"neow_cost":"NONE","seed_source_timestamp":251872538028767,"circlet_count":0,"master_deck":["AscendersBane","Defend_R+1","Defend_R+1","Defend_R+1","Defend_R+1","Bash+1","Offering+1","Cleave","Shrug It Off","Sword Boomerang","Inflame+1","Immolate+1","Inflame+1","Fiend Fire+1","Corruption+1","Disarm","Sentinel","Power Through","Armaments+1","Juggernaut","Entrench","Clothesline+1","Body Slam+1","Shrug It Off","Feel No Pain+1","Impervious","Reaper","Body Slam","Spot Weakness"],"special_seed":0,"relics":["Burning Blood","Art of War","Tiny Chest","Bag of Marbles","Sundial","Runic Pyramid","Membership Card","Singing Bowl","Lantern","Dodecahedron","Orrery","Ancient Tea Set","Blood Vial","Pantograph","Meat on the Bone","Magic Flower","Happy Flower"],"potions_floor_usage":[45,50,51],"damage_taken":[{"damage":13.0,"enemies":"Jaw Worm","floor":1.0,"turns":2.0},{"damage":4.0,"enemies":"Small Slimes","floor":4.0,"turns":3.0},{"damage":6.0,"enemies":"Cultist","floor":5.0,"turns":2.0},{"damage":9.0,"enemies":"Gremlin Nob","floor":6.0,"turns":3.0},{"damage":7.0,"enemies":"Looter","floor":11.0,"turns":3.0},{"damage":28.0,"enemies":"Lagavulin","floor":13.0,"turns":5.0},{"damage":0.0,"enemies":"3 Louse","floor":14.0,"turns":1.0},{"damage":28.0,"enemies":"The Guardian","floor":16.0,"turns":8.0},{"damage":13.0,"enemies":"Shell Parasite","floor":18.0,"turns":2.0},{"damage":6.0,"enemies":"Spheric Guardian","floor":22.0,"turns":3.0},{"damage":15.0,"enemies":"Snake Plant","floor":27.0,"turns":3.0},{"damage":15.0,"enemies":"Book of Stabbing","floor":29.0,"turns":3.0},{"damage":35,"enemies":"Champ","floor":33,"turns":7},{"damage":15,"enemies":"3 Shapes","floor":35,"turns":5},{"damage":0,"enemies":"Orb Walker","floor":36,"turns":3},{"damage":27,"enemies":"Spire Growth","floor":38,"turns":5},{"damage":24,"enemies":"Reptomancer","floor":40,"turns":6},{"damage":14,"enemies":"Writhing Mass","floor":45,"turns":5},{"damage":6,"enemies":"Mind Bloom Boss Battle","floor":46,"turns":3},{"damage":6,"enemies":"Maw","floor":48,"turns":5},{"damage":115,"enemies":"Awakened One","floor":50,"turns":9},{"damage":66,"enemies":"Time Eater","floor":51,"turns":7}],"seed_played":"-5258548995525855715","potions_obtained":[{"floor":4.0,"key":"Fire Potion"},{"floor":6.0,"key":"Ancient Potion"},{"floor":16.0,"key":"LiquidBronze"},{"floor":29.0,"key":"Strength Potion"},{"floor":45,"key":"Ancient Potion"}],"is_trial":false,"path_per_floor":["M","?","$","M","M","E","?","R","T","T","M","R","E","M","R","B",null,"M","?","?","$","M","R","?","R","T","M","?","E","R","T","R","B",null,"M","M","T","M","?","E","R","$","T","$","M","?","T","M","R","B","B",null],"character_chosen":"IRONCLAD","items_purchased":["Weak Potion","Membership Card","Disarm","Sentinel","Block Potion","Impervious","Reaper","Body Slam","Meat on the Bone","Spot Weakness"],"campfire_rested":1,"item_purchase_floors":[3,21,21,21,21,42,42,44,44,44],"current_hp_per_floor":[61,61,61,63,63,60,53,53,53,53,52,52,30,36,36,14,60,53,53,53,53,53,53,53,53,53,46,46,39,39,39,62,33,72,63,69,69,50,50,34,34,34,34,34,54,83,83,91,91,32,34],"gold":243,"neow_bonus":"ONE_RANDOM_RARE_CARD","is_prod":false,"is_daily":false,"chose_seed":false,"campfire_upgraded":8,"win_rate":0,"timestamp":1554757973,"path_taken":["M","?","$","M","M","E","?","R","T","?","?","R","E","M","R","BOSS","M","?","?","?","M","R","?","R","T","?","?","E","R","?","R","BOSS","M","M","?","M","?","E","R","$","T","$","?","?","?","M","R","BOSS","BOSS"],"build_version":"2019-01-23","purchased_purges":2,"victory":true,"max_hp_per_floor":[75,75,75,75,75,75,75,75,75,75,75,75,75,75,75,75,75,75,75,75,75,75,75,75,75,75,77,77,79,79,79,79,79,83,83,83,83,85,85,87,87,87,87,87,89,91,91,93,93,93,93],"card_choices":[{"not_picked":["Shrug It Off","Havoc"],"picked":"Cleave","floor":1.0},{"not_picked":["Armaments","Thunderclap"],"picked":"Shrug It Off","floor":4.0},{"not_picked":["Clash","Perfected Strike"],"picked":"Sword Boomerang","floor":5.0},{"not_picked":["Armaments","Havoc"],"picked":"Inflame","floor":6.0},{"not_picked":["Shrug It Off","Twin Strike"],"picked":"Immolate","floor":11.0},{"not_picked":["Warcry","Dark Embrace","Rage"],"picked":"SKIP","floor":13.0},{"not_picked":["Heavy Blade","Infernal Blade"],"picked":"Inflame","floor":14.0},{"not_picked":["Brutality","Exhume"],"picked":"Fiend Fire","floor":16.0},{"not_picked":["Havoc","True Grit"],"picked":"Corruption","floor":18.0},{"not_picked":["Intimidate","Second Wind","Clash"],"picked":"SKIP","floor":22.0},{"not_picked":["Heavy Blade+1","Headbutt","Rampage"],"picked":"Singing Bowl","floor":27.0},{"not_picked":["Iron Wave","Clothesline","Blood for Blood"],"picked":"Singing Bowl","floor":29.0},{"not_picked":["Dark Embrace","Bludgeon"],"picked":"Juggernaut","floor":33},{"not_picked":["Clash","Combust+1"],"picked":"Entrench","floor":34},{"not_picked":["Pommel Strike","Flex"],"picked":"Clothesline+1","floor":34},{"not_picked":["Combust","Rage"],"picked":"Body Slam","floor":34},{"not_picked":["Cleave+1","Combust","Armaments"],"picked":"Singing Bowl","floor":34},{"not_picked":["Flex","Hemokinesis","Rupture"],"picked":"Singing Bowl","floor":34},{"not_picked":["Rampage","Flex"],"picked":"Shrug It Off","floor":35},{"not_picked":["True Grit","Reckless Charge"],"picked":"Feel No Pain","floor":36},{"not_picked":["Headbutt+1","Armaments","Wild Strike"],"picked":"Singing Bowl","floor":38},{"not_picked":["Perfected Strike+1","Metallicize","Body Slam"],"picked":"Singing Bowl","floor":40},{"not_picked":["Flex","Feed","Twin Strike"],"picked":"Singing Bowl","floor":45},{"not_picked":["Uppercut","Flex","Sword Boomerang"],"picked":"Singing Bowl","floor":46},{"not_picked":["Pommel Strike","Body Slam","Bloodletting"],"picked":"Singing Bowl","floor":48}],"player_experience":550811,"relics_obtained":[{"floor":6.0,"key":"Art of War"},{"floor":9.0,"key":"Tiny Chest"},{"floor":10.0,"key":"Bag of Marbles"},{"floor":13.0,"key":"Sundial"},{"floor":26.0,"key":"Singing Bowl"},{"floor":29.0,"key":"Lantern"},{"floor":31.0,"key":"Dodecahedron"},{"floor":37,"key":"Ancient Tea Set"},{"floor":40,"key":"Blood Vial"},{"floor":43,"key":"Pantograph"},{"floor":46,"key":"Magic Flower"},{"floor":47,"key":"Happy Flower"}],"event_choices":[{"damage_healed":0.0,"max_hp_gain":0.0,"max_hp_loss":0.0,"gold_gain":0.0,"event_name":"Living Wall","player_choice":"Grow","floor":2.0,"gold_loss":0.0,"damage_taken":0.0,"cards_upgraded":["Bash"]},{"cards_removed":["Strike_R"],"damage_healed":0.0,"max_hp_gain":0.0,"max_hp_loss":0.0,"gold_gain":0.0,"event_name":"Golden Wing","player_choice":"Card Removal","floor":7.0,"gold_loss":0.0,"damage_taken":7.0},{"damage_healed":0.0,"max_hp_gain":0.0,"max_hp_loss":0.0,"gold_gain":50.0,"event_name":"Nest","player_choice":"Stole From Cult","floor":19.0,"gold_loss":0.0,"damage_taken":0.0},{"damage_healed":0.0,"max_hp_gain":0.0,"max_hp_loss":0.0,"gold_gain":0.0,"event_name":"Back to Basics","player_choice":"Simplicity","floor":20.0,"gold_loss":0.0,"damage_taken":0.0,"cards_upgraded":["Strike_R","Strike_R","Strike_R","Strike_R","Defend_R","Defend_R","Defend_R","Defend_R"]},{"damage_healed":0.0,"max_hp_gain":0.0,"max_hp_loss":0.0,"gold_gain":0.0,"event_name":"Ghosts","player_choice":"Ignored","floor":24.0,"gold_loss":0.0,"damage_taken":0.0},{"damage_healed":0.0,"max_hp_gain":0.0,"max_hp_loss":0.0,"gold_gain":0.0,"cards_transformed":["Strike_R","Strike_R"],"event_name":"Drug Dealer","player_choice":"Became Test Subject","floor":28.0,"gold_loss":0.0,"damage_taken":0.0,"cards_obtained":["Power Through","Armaments"]},{"damage_healed":0,"gold_gain":0,"player_choice":"Upgraded","damage_taken":0,"max_hp_gain":0,"max_hp_loss":0,"event_name":"Upgrade Shrine","floor":39,"gold_loss":0,"cards_upgraded":["Feel No Pain"]},{"damage_healed":0,"gold_gain":0,"player_choice":"Fight","damage_taken":0,"max_hp_gain":0,"max_hp_loss":0,"event_name":"MindBloom","floor":46,"gold_loss":0}],"is_beta":false,"boss_relics":[{"not_picked":["Runic Dome","White Beast Statue"],"picked":"Runic Pyramid"},{"not_picked":["Calling Bell","Empty Cage"],"picked":"Orrery"}],"items_purged_floors":[21,42],"is_endless":false,"potions_floor_spawned":[4,6,11,16,22,29,45,48],"ascension_level":20}