{"gold_per_floor":[114,114,114,125,141,141,141,176,176,176,195,195,195,208,208,208],"floor_reached":16,"playtime":253,"items_purged":[],"score":100,"play_id":"4d89df79-90cc-4143-a2ff-41f2e7a09d94","local_time":"20190507184010","is_ascension_mode":false,"campfire_choices":[{"data":"Poisoned Stab","floor":7,"key":"SMITH"},{"data":"Quick Slash","floor":10,"key":"SMITH"},{"data":"All Out Attack","floor":13,"key":"SMITH"},{"data":"Quick Slash","floor":15,"key":"SMITH"}],"neow_cost":"NONE","seed_source_timestamp":1753299937600,"circlet_count":0,"master_deck":["Defend_G","Defend_G","Defend_G","Defend_G","Defend_G","Strike_G","Strike_G","Strike_G","Strike_G","Strike_G","Survivor","Neutralize","Quick Slash+1","Poisoned Stab+1","Sucker Punch","All Out Attack+1","Regret","Quick Slash+1"],"relics":["Ring of the Snake","NeowsBlessing","Mercury Hourglass","Paper Crane","Potion Belt"],"potions_floor_usage":[16],"damage_taken":[{"damage":0,"enemies":"Jaw Worm","floor":1,"turns":1},{"damage":0,"enemies":"Cultist","floor":4,"turns":1},{"damage":0,"enemies":"2 Louse","floor":5,"turns":1},{"damage":10,"enemies":"Gremlin Nob","floor":8,"turns":4},{"damage":10,"enemies":"Large Slime","floor":11,"turns":5},{"damage":0,"enemies":"2 Fungi Beasts","floor":14,"turns":1},{"damage":44,"enemies":"Hexaghost","floor":16,"turns":9}],"seed_played":"3037162322027574744","potions_obtained":[{"floor":11,"key":"SpeedPotion"}],"is_trial":false,"path_per_floor":["M","$","?","M","M","$","R","E","T","R","M","?","R","M","R","B"],"character_chosen":"THE_SILENT","items_purchased":[],"campfire_rested":0,"item_purchase_floors":[],"current_hp_per_floor":[70,70,63,63,63,63,63,53,53,53,43,43,43,43,43,0],"gold":208,"neow_bonus":"THREE_ENEMY_KILL","is_prod":false,"is_daily":false,"chose_seed":false,"campfire_upgraded":4,"win_rate":0,"timestamp":1557243610,"path_taken":["M","$","?","M","?","$","R","E","T","R","M","?","R","M","R","BOSS"],"build_version":"2019-01-23","purchased_purges":0,"victory":false,"max_hp_per_floor":[70,70,70,70,70,70,70,70,70,70,70,70,70,70,70,70],"card_choices":[{"not_picked":["Riddle With Holes","Prepared"],"picked":"Quick Slash","floor":1},{"not_picked":["Dagger Spray","Predator"],"picked":"Poisoned Stab","floor":4},{"not_picked":["Acrobatics","Backflip"],"picked":"Sucker Punch","floor":5},{"not_picked":["Acrobatics","Masterful Stab","Backflip"],"picked":"SKIP","floor":8},{"not_picked":["Expertise","Backflip"],"picked":"All Out Attack","floor":11},{"not_picked":["Bullet Time","Deflect"],"picked":"Quick Slash","floor":14}],"player_experience":290081,"relics_obtained":[{"floor":8,"key":"Mercury Hourglass"},{"floor":9,"key":"Paper Crane"}],"event_choices":[{"damage_healed":0,"gold_gain":0,"player_choice":"Damaged","damage_taken":7,"max_hp_gain":0,"max_hp_loss":0,"event_name":"Wheel of Change","floor":3,"gold_loss":0},{"damage_healed":0,"gold_gain":0,"player_choice":"Box","damage_taken":0,"relics_obtained":["Potion Belt"],"max_hp_gain":0,"max_hp_loss":0,"event_name":"Big Fish","floor":12,"gold_loss":0,"cards_obtained":["Regret"]}],"is_beta":false,"boss_relics":[],"items_purged_floors":[],"is_endless":false,"potions_floor_spawned":[11],"killed_by":"Hexaghost","ascension_level":0}