{"gold_per_floor":[110,130,140,153,164,164,164,164,164,164,184,184,7,17,17,89,89,106,117,128,28,28,28,56,56,103,103,119,119,83,102,102,179,179,196,212,226,101,101,101,114,114,114,134,134,134,134,134,134],"floor_reached":49,"playtime":3661,"items_purged":["Pain","Strike_B","Strike_B"],"score":848,"play_id":"5b14b2ec-42e0-41c0-9968-0d718dc5a91f","local_time":"20190228190730","is_ascension_mode":true,"campfire_choices":[{"floor":6.0,"key":"REST"},{"data":"Creative AI","floor":8.0,"key":"SMITH"},{"data":"Tempest","floor":10.0,"key":"SMITH"},{"floor":15.0,"key":"REST"},{"floor":23.0,"key":"REST"},{"floor":27.0,"key":"REST"},{"floor":29.0,"key":"REST"},{"floor":32.0,"key":"RECALL"},{"floor":40.0,"key":"REST"},{"floor":42.0,"key":"REST"},{"floor":47.0,"key":"REST"}],"neow_cost":"CURSE","seed_source_timestamp":18065662218548,"circlet_count":0,"master_deck":["AscendersBane","Defend_B","Defend_B","Defend_B","Defend_B","Zap","Dualcast","Genetic Algorithm","Creative AI+1","Storm","Tempest+1","Defragment","Glacier","Auto Shields","Seek","Self Repair+1","Defragment+1","Self Repair","Electrodynamics","Conserve Battery","Meteor Strike","Leap+1","Dark Shackles"],"special_seed":0,"relics":["Cracked Core","Question Card","Fusion Hammer","Ancient Tea Set","Lantern","Busted Crown","FossilizedHelix"],"potions_floor_usage":[],"damage_taken":[{"damage":7.0,"enemies":"Small Slimes","floor":1.0,"turns":4.0},{"damage":7.0,"enemies":"Cultist","floor":2.0,"turns":3.0},{"damage":9.0,"enemies":"Jaw Worm","floor":3.0,"turns":5.0},{"damage":8.0,"enemies":"2 Fungi Beasts","floor":4.0,"turns":5.0},{"damage":13.0,"enemies":"Exordium Wildlife","floor":5.0,"turns":6.0},{"damage":7.0,"enemies":"Exordium Thugs","floor":11.0,"turns":4.0},{"damage":8.0,"enemies":"2 Fungi Beasts","floor":14.0,"turns":3.0},{"damage":0.0,"enemies":"The Guardian","floor":16.0,"turns":11.0},{"damage":0.0,"enemies":"Chosen","floor":18.0,"turns":4.0},{"damage":23.0,"enemies":"2 Thieves","floor":19.0,"turns":4.0},{"damage":9.0,"enemies":"Centurion and Healer","floor":20.0,"turns":14.0},{"damage":27.0,"enemies":"Gremlin Leader","floor":24.0,"turns":7.0},{"damage":4.0,"enemies":"Sentry and Sphere","floor":28.0,"turns":4.0},{"damage":0.0,"enemies":"Shelled Parasite and Fungi","floor":31.0,"turns":5.0},{"damage":54.0,"enemies":"Automaton","floor":33.0,"turns":11.0},{"damage":26.0,"enemies":"3 Darklings","floor":35.0,"turns":3.0},{"damage":0.0,"enemies":"3 Shapes","floor":36.0,"turns":5.0},{"damage":34.0,"enemies":"Writhing Mass","floor":37.0,"turns":5.0},{"damage":12.0,"enemies":"Jaw Worm Horde","floor":41.0,"turns":2.0},{"damage":22.0,"enemies":"Sphere and 2 Shapes","floor":44.0,"turns":6.0},{"damage":77,"enemies":"Awakened One","floor":49,"turns":5}],"seed_played":"-8848779726262136053","potions_obtained":[{"floor":1.0,"key":"FearPotion"},{"floor":2.0,"key":"Block Potion"},{"floor":14.0,"key":"Block Potion"},{"floor":18.0,"key":"Ancient Potion"},{"floor":20.0,"key":"Block Potion"},{"floor":35.0,"key":"Energy Potion"},{"floor":37.0,"key":"SpeedPotion"}],"is_trial":false,"path_per_floor":["M","M","M","M","M","R","?","R","T","R","M","?","$","M","R","B",null,"M","M","M","$","?","R","E","?","T","R","M","R","$","M","R","B",null,"M","M","M","$","?","R","M","R","T","M","?","?","R","?","B"],"character_chosen":"DEFECT","items_purchased":["Glacier","Auto Shields","Self Repair"],"campfire_rested":8,"item_purchase_floors":[13,13,30],"current_hp_per_floor":[57,50,41,33,20,41,64,64,64,64,57,57,57,49,70,70,71,71,48,39,39,26,48,31,31,31,53,59,76,76,76,76,39,67,58,68,51,51,51,72,72,72,72,67,67,67,72,72,0],"gold":134,"neow_bonus":"TRANSFORM_TWO_CARDS","is_prod":false,"is_daily":false,"chose_seed":false,"campfire_upgraded":2,"win_rate":0,"timestamp":1551373650,"path_taken":["M","M","M","M","M","R","?","R","T","R","M","?","$","?","R","BOSS","M","?","M","$","?","R","E","?","T","R","M","R","?","M","R","BOSS","M","M","M","$","?","R","M","R","T","M","?","?","R","?","BOSS"],"build_version":"2019-01-23","purchased_purges":3,"victory":false,"max_hp_per_floor":[71,71,71,71,71,71,71,71,71,71,71,71,71,71,71,71,71,71,71,71,71,76,76,76,76,76,76,76,76,76,76,76,76,76,76,76,76,76,72,72,72,72,72,72,72,72,72,72,72],"card_choices":[{"not_picked":["Go for the Eyes","Recycle","Barrage"],"picked":"SKIP","floor":1.0},{"not_picked":["Cold Snap","Sweeping Beam"],"picked":"Storm","floor":2.0},{"not_picked":["Gash","Sunder"],"picked":"Ball Lightning","floor":3.0},{"not_picked":["Sweeping Beam","Rebound","Fusion"],"picked":"SKIP","floor":4.0},{"not_picked":["Steam","Aggregate"],"picked":"Tempest","floor":5.0},{"not_picked":["Rebound","Lockon","Multi-Cast"],"picked":"Defragment","floor":11.0},{"not_picked":["White Noise","Compile Driver","Hologram","Streamline"],"picked":"SKIP","floor":14.0},{"not_picked":["Multi-Cast","Creative AI","Thunder Strike"],"picked":"Seek","floor":16.0},{"not_picked":["Turbo","Streamline","Reprogram+1","Compile Driver"],"picked":"SKIP","floor":18.0},{"not_picked":["Ball Lightning","Steam","Fission","Loop"],"picked":"SKIP","floor":19.0},{"not_picked":["BootSequence+1","Beam Cell","Storm"],"picked":"Self Repair+1","floor":20.0},{"not_picked":["Barrage","Compile Driver","Go for the Eyes","Rebound"],"picked":"SKIP","floor":24.0},{"not_picked":["Leap","Gash","Steam"],"picked":"Defragment+1","floor":28.0},{"not_picked":["Loop","Reprogram","Rainbow","Ball Lightning"],"picked":"SKIP","floor":31.0},{"not_picked":["Machine Learning","Seek","Meteor Strike"],"picked":"Electrodynamics","floor":33.0},{"not_picked":["Compile Driver+1","Redo"],"picked":"SKIP","floor":35.0},{"not_picked":["Coolheaded"],"picked":"Conserve Battery","floor":36.0},{"not_picked":["Darkness"],"picked":"Meteor Strike","floor":37.0},{"not_picked":["Consume+1"],"picked":"Leap+1","floor":41.0},{"not_picked":["White Noise+1","Cold Snap+1"],"picked":"SKIP","floor":44.0},{"not_picked":["White Noise+1","Cold Snap+1"],"picked":"SKIP","floor":44.0},{"not_picked":["Thinking Ahead"],"picked":"Dark Shackles","floor":46.0}],"player_experience":706297,"relics_obtained":[{"floor":9.0,"key":"Question Card"},{"floor":24.0,"key":"Ancient Tea Set"},{"floor":26.0,"key":"Lantern"},{"floor":43.0,"key":"FossilizedHelix"}],"event_choices":[{"damage_healed":23.0,"max_hp_gain":0.0,"max_hp_loss":0.0,"gold_gain":0.0,"event_name":"Big Fish","player_choice":"Banana","floor":7.0,"gold_loss":0.0,"damage_taken":0.0},{"damage_healed":0.0,"max_hp_gain":0.0,"max_hp_loss":0.0,"gold_gain":0.0,"event_name":"The Woman in Blue","player_choice":"Bought 0 Potions","floor":12.0,"gold_loss":0.0,"damage_taken":0.0},{"damage_healed":0.0,"max_hp_gain":5.0,"max_hp_loss":0.0,"gold_gain":0.0,"event_name":"Forgotten Altar","player_choice":"Shed Blood","floor":22.0,"gold_loss":0.0,"damage_taken":18.0},{"damage_healed":0.0,"max_hp_gain":0.0,"max_hp_loss":4.0,"gold_gain":0.0,"event_name":"Winding Halls","player_choice":"Max HP","floor":39.0,"gold_loss":0.0,"damage_taken":0.0},{"cards_removed":["Ball Lightning"],"damage_healed":0.0,"max_hp_gain":0.0,"max_hp_loss":0.0,"gold_gain":0.0,"event_name":"Falling","player_choice":"Removed Attack","floor":45.0,"gold_loss":0.0,"damage_taken":0.0},{"damage_healed":0.0,"max_hp_gain":0.0,"max_hp_loss":0.0,"gold_gain":0.0,"event_name":"SensoryStone","player_choice":"Memory 1","floor":46.0,"gold_loss":0.0,"damage_taken":0.0},{"damage_healed":0.0,"max_hp_gain":0.0,"max_hp_loss":0.0,"gold_gain":0.0,"event_name":"SecretPortal","player_choice":"Took Portal","floor":48.0,"gold_loss":0.0,"damage_taken":0.0}],"is_beta":false,"boss_relics":[{"not_picked":["Lizard Tail","Calling Bell"],"picked":"Fusion Hammer"},{"not_picked":["Pandora\u0027s Box","Nuclear Battery"],"picked":"Busted Crown"}],"items_purged_floors":[13,21,38],"is_endless":false,"potions_floor_spawned":[1,2,14,16,18,20,24,33,35,37],"killed_by":"Awakened One","ascension_level":14}