{"gold_per_floor":[364,364,0,12,29,29,54,54,132,144,179,179,179,179,179,256,256,272,288,288,288,63,63,95,115,185,185,202,220,220,74,74,146,146,161,172,217,217,44,44,72,72,72,88,88,98,25,39,39,39],"floor_reached":51,"playtime":2460,"items_purged":["Decay","Strike_G","Strike_G","Doubt"],"score":1218,"play_id":"28acb7ce-9eae-43d7-ab85-4b47f4ebc10b","local_time":"20190403015749","is_ascension_mode":true,"campfire_choices":[{"data":"Apotheosis","floor":6,"key":"SMITH"},{"data":"Well Laid Plans","floor":8,"key":"SMITH"},{"floor":13,"key":"REST"},{"data":"Bouncing Flask","floor":15,"key":"SMITH"},{"floor":23,"key":"REST"},{"floor":30,"key":"REST"},{"floor":32,"key":"REST"},{"floor":40,"key":"REST"},{"data":"Backstab","floor":42,"key":"SMITH"},{"floor":49,"key":"REST"}],"neow_cost":"CURSE","seed_source_timestamp":297907364925489,"circlet_count":0,"master_deck":["AscendersBane","Defend_G","Defend_G","Defend_G","Defend_G","Defend_G","Strike_G","Strike_G","Strike_G","Survivor","Neutralize+1","Apotheosis+1","Well Laid Plans+1","Dash","Poisoned Stab","Backflip","Bouncing Flask+1","Die Die Die","Deadly Poison","Burst","Escape Plan","Deadly Poison","Backstab+1","Escape Plan+1","Acrobatics+1","Cloak And Dagger+1","Crippling Poison+1","Deflect+1","Malaise+1","Dodge and Roll+1","Thinking Ahead+1","Good Instincts+1","PiercingWail+1","Blur+1","Dodge and Roll+1","Footwork","Injury","Deflect+1","Deflect+1"],"relics":["Ring of the Snake","Bronze Scales","The Specimen","Tiny Chest","Snake Skull","Bottled Tornado","Philosopher\u0027s Stone","Toxic Egg 2","Regal Pillow","Bag of Marbles","Kunai","Cursed Key","Prayer Wheel","Smiling Mask","Pear","Frozen Egg 2"],"potions_floor_usage":[29,44,50],"damage_taken":[{"damage":4,"enemies":"2 Louse","floor":1,"turns":5},{"damage":0,"enemies":"Small Slimes","floor":4,"turns":3},{"damage":0,"enemies":"Jaw Worm","floor":5,"turns":3},{"damage":6,"enemies":"3 Sentries","floor":7,"turns":7},{"damage":0,"enemies":"Exordium Wildlife","floor":10,"turns":4},{"damage":19,"enemies":"Gremlin Nob","floor":11,"turns":4},{"damage":2,"enemies":"The Guardian","floor":16,"turns":7},{"damage":22,"enemies":"3 Byrds","floor":18,"turns":3},{"damage":13,"enemies":"2 Thieves","floor":19,"turns":3},{"damage":28,"enemies":"Slavers","floor":24,"turns":5},{"damage":3,"enemies":"Snecko","floor":25,"turns":4},{"damage":17,"enemies":"Centurion and Healer","floor":28,"turns":4},{"damage":0,"enemies":"Snake Plant","floor":29,"turns":2},{"damage":4,"enemies":"Automaton","floor":33,"turns":11},{"damage":3,"enemies":"3 Shapes","floor":35,"turns":4},{"damage":6,"enemies":"Orb Walker","floor":36,"turns":4},{"damage":18,"enemies":"2 Orb Walkers","floor":37,"turns":5},{"damage":11,"enemies":"Nemesis","floor":41,"turns":7},{"damage":6,"enemies":"Spire Growth","floor":44,"turns":5},{"damage":4,"enemies":"Jaw Worm Horde","floor":46,"turns":5},{"damage":0,"enemies":"4 Shapes","floor":48,"turns":4},{"damage":23,"enemies":"Time Eater","floor":50,"turns":14}],"seed_played":"-1341631670529432444","potions_obtained":[{"floor":1,"key":"GamblersBrew"},{"floor":5,"key":"FearPotion"},{"floor":11,"key":"GhostInAJar"},{"floor":33,"key":"Ancient Potion"},{"floor":36,"key":"EssenceOfSteel"}],"is_trial":false,"path_per_floor":["M","?","$","M","M","R","E","R","T","M","E","?","R","T","R","B",null,"M","M","?","T","$","R","E","M","T","?","M","M","R","$","R","B",null,"M","M","?","?","$","R","E","R","T","M","T","M","$","M","R","B",null],"character_chosen":"THE_SILENT","items_purchased":["Apotheosis","Well Laid Plans","Dash","Regal Pillow","Escape Plan+1","Deflect+1","PiercingWail+1","Deflect+1"],"campfire_rested":6,"item_purchase_floors":[3,3,3,22,22,31,39,47],"current_hp_per_floor":[55,50,50,50,50,50,44,44,44,44,25,25,44,44,44,42,60,38,25,25,25,25,59,31,28,28,28,11,11,45,45,66,62,65,62,56,38,28,28,62,51,51,61,55,55,51,51,51,76,53],"gold":39,"neow_bonus":"TWO_FIFTY_GOLD","is_prod":false,"is_daily":false,"chose_seed":false,"campfire_upgraded":4,"win_rate":0,"timestamp":1554271069,"path_taken":["M","?","$","M","M","R","E","R","T","M","E","?","R","?","R","BOSS","M","M","?","?","$","R","E","M","T","?","?","M","R","$","R","BOSS","M","M","?","?","$","R","E","R","T","?","?","M","?","M","R","BOSS"],"build_version":"2019-01-23","purchased_purges":4,"victory":true,"max_hp_per_floor":[66,66,66,66,66,66,66,66,66,66,66,66,66,66,66,66,66,66,66,66,66,66,66,66,66,66,66,66,66,66,66,66,66,66,66,66,66,66,66,66,66,66,76,76,76,76,76,76,76,76],"card_choices":[{"not_picked":["Outmaneuver","PiercingWail","Accuracy"],"picked":"SKIP","floor":1},{"not_picked":["Leg Sweep","PiercingWail"],"picked":"Poisoned Stab","floor":4},{"not_picked":["Blade Dance","Slice"],"picked":"Backflip","floor":5},{"not_picked":["Prepared","Bane"],"picked":"Bouncing Flask","floor":7},{"not_picked":["Dodge and Roll","Outmaneuver"],"picked":"Die Die Die","floor":10},{"not_picked":["Bane","Cloak And Dagger"],"picked":"Deadly Poison","floor":11},{"not_picked":["Envenom","Unload"],"picked":"Burst","floor":16},{"not_picked":["Flying Knee","Blur"],"picked":"Escape Plan","floor":18},{"not_picked":["Poisoned Stab","Quick Slash"],"picked":"Deadly Poison","floor":19},{"not_picked":["Poisoned Stab","Underhanded Strike+1"],"picked":"Acrobatics+1","floor":24},{"not_picked":["Quick Slash","Unload","Dagger Spray+1"],"picked":"SKIP","floor":25},{"not_picked":["Outmaneuver+1","Slice"],"picked":"Cloak And Dagger+1","floor":28},{"not_picked":["Quick Slash","Sucker Punch"],"picked":"Crippling Poison+1","floor":29},{"not_picked":["Envenom","Venomology+1"],"picked":"Malaise+1","floor":33},{"not_picked":["Underhanded Strike","Poisoned Stab+1","Outmaneuver+1"],"picked":"SKIP","floor":35},{"not_picked":["Riddle With Holes+1","Prepared+1"],"picked":"Dodge and Roll+1","floor":36},{"not_picked":["Deep Breath+1","Jack Of All Trades+1"],"picked":"Thinking Ahead+1","floor":38},{"not_picked":["Impatience+1","Swift Strike"],"picked":"Good Instincts+1","floor":38},{"not_picked":["Dash","Heel Hook"],"picked":"Blur+1","floor":41},{"not_picked":["Backstab","Dagger Throw"],"picked":"Dodge and Roll+1","floor":44},{"not_picked":["Underhanded Strike","Dagger Throw"],"picked":"Footwork","floor":44},{"not_picked":["Slice+1","Bouncing Flask+1"],"picked":"Deflect+1","floor":46},{"not_picked":["Slice","Expertise+1","Well Laid Plans+1"],"picked":"SKIP","floor":46},{"not_picked":["Concentrate+1","Caltrops+1","Quick Slash"],"picked":"SKIP","floor":48},{"not_picked":["Bane","Endless Agony","Deadly Poison+1"],"picked":"SKIP","floor":48}],"player_experience":527705,"relics_obtained":[{"floor":7,"key":"The Specimen"},{"floor":9,"key":"Tiny Chest"},{"floor":11,"key":"Snake Skull"},{"floor":14,"key":"Bottled Tornado"},{"floor":21,"key":"Toxic Egg 2"},{"floor":24,"key":"Bag of Marbles"},{"floor":26,"key":"Kunai"},{"floor":37,"key":"Prayer Wheel"},{"floor":41,"key":"Smiling Mask"},{"floor":43,"key":"Pear"},{"floor":45,"key":"Frozen Egg 2"}],"event_choices":[{"damage_healed":0,"gold_gain":0,"player_choice":"Success","damage_taken":5,"relics_obtained":["Bronze Scales"],"max_hp_gain":0,"max_hp_loss":0,"event_name":"Scrap Ooze","floor":2,"gold_loss":0},{"damage_healed":0,"gold_gain":0,"player_choice":"Grow","damage_taken":0,"max_hp_gain":0,"max_hp_loss":0,"event_name":"Living Wall","floor":12,"gold_loss":0,"cards_upgraded":["Neutralize"]},{"damage_healed":0,"gold_gain":0,"player_choice":"Read","damage_taken":0,"max_hp_gain":0,"max_hp_loss":0,"event_name":"The Library","floor":20,"gold_loss":0,"cards_obtained":["Backstab"]},{"damage_healed":0,"gold_gain":0,"player_choice":"Ignored","damage_taken":0,"max_hp_gain":0,"max_hp_loss":0,"event_name":"Vampires","floor":27,"gold_loss":0},{"damage_healed":0,"gold_gain":0,"player_choice":"Fight","damage_taken":0,"max_hp_gain":0,"max_hp_loss":0,"event_name":"Mysterious Sphere","floor":37,"gold_loss":0},{"damage_healed":0,"gold_gain":0,"player_choice":"Memory 3","damage_taken":10,"max_hp_gain":0,"max_hp_loss":0,"event_name":"SensoryStone","floor":38,"gold_loss":0}],"is_beta":false,"boss_relics":[{"not_picked":["Empty Cage","HoveringKite"],"picked":"Philosopher\u0027s Stone"},{"not_picked":["Tiny House","Orrery"],"picked":"Cursed Key"}],"items_purged_floors":[3,31,39,47],"is_endless":false,"potions_floor_spawned":[1,5,11,18,24,33,36,37],"ascension_level":15}