{"gold_per_floor":[113,125,144,144,164,181,208,208,255,282,299,299,314,327,327,426,426,444,444,459,56,69,69,94,94,94,120,130,140,11,31,31,130,130,141,154,154,154,154,154,182,182,182,33,133,133,163,179,179,179],"floor_reached":50,"playtime":2193,"items_purged":["Strike_R","Strike_R"],"score":608,"play_id":"5c8c341c-4b15-4b82-a1b0-72ebe9133f9f","local_time":"20181128092334","is_ascension_mode":true,"campfire_choices":[{"data":"Limit Break","floor":12,"key":"SMITH"},{"data":"Spot Weakness","floor":15,"key":"SMITH"},{"data":"Pommel Strike","floor":23,"key":"SMITH"},{"data":"True Grit","floor":25,"key":"SMITH"},{"floor":32,"key":"REST"},{"data":"Demon Form","floor":40,"key":"SMITH"},{"data":"Intimidate","floor":42,"key":"SMITH"},{"data":"Sword Boomerang","floor":46,"key":"SMITH"},{"floor":49,"key":"REST"}],"neow_cost":"NONE","seed_source_timestamp":469563374251235,"circlet_count":0,"master_deck":["Strike_R","Defend_R","Defend_R","Defend_R","Defend_R+1","Bash","Twin Strike+1","Heavy Blade+1","Twin Strike","Warcry+1","Limit Break+1","Feed","True Grit+1","Iron Wave","Thunderclap","Spot Weakness+1","Demon Form+1","Headbutt+1","Searing Blow","True Grit","Shrug It Off","Pommel Strike+1","Impervious","Cleave+1","Intimidate+1","Inflame","Battle Trance","Immolate","Intimidate+1","Madness","Madness","Sword Boomerang+1","Demon Form","Clothesline+1"],"relics":["Burning Blood","Anchor","Lantern","Shuriken","Whetstone","War Paint","Snecko Eye","Vajra","Membership Card","Sundial","Ornamental Fan","Letter Opener","Happy Flower","Sozu","Meat on the Bone","Red Skull","Dodecahedron","PreservedInsect","Du-Vu Doll"],"potions_floor_usage":[10,24,31,33,47,50],"damage_taken":[{"damage":0,"enemies":"Small Slimes","floor":1,"turns":3},{"damage":0,"enemies":"Cultist","floor":2,"turns":2},{"damage":1,"enemies":"Jaw Worm","floor":3,"turns":2},{"damage":11,"enemies":"3 Louse","floor":5,"turns":4},{"damage":3,"enemies":"Red Slaver","floor":6,"turns":2},{"damage":31,"enemies":"3 Sentries","floor":7,"turns":8},{"damage":32,"enemies":"Lagavulin","floor":10,"turns":6},{"damage":0,"enemies":"Looter","floor":11,"turns":2},{"damage":0,"enemies":"Large Slime","floor":13,"turns":3},{"damage":0,"enemies":"Blue Slaver","floor":14,"turns":2},{"damage":12,"enemies":"The Guardian","floor":16,"turns":6},{"damage":8,"enemies":"3 Byrds","floor":18,"turns":4},{"damage":5,"enemies":"Shell Parasite","floor":20,"turns":3},{"damage":11,"enemies":"Snake Plant","floor":22,"turns":2},{"damage":23,"enemies":"Book of Stabbing","floor":24,"turns":3},{"damage":38,"enemies":"Slavers","floor":27,"turns":5},{"damage":0,"enemies":"Cultist and Chosen","floor":28,"turns":3},{"damage":20,"enemies":"Shelled Parasite and Fungi","floor":29,"turns":4},{"damage":0,"enemies":"Chosen and Byrds","floor":31,"turns":5},{"damage":45,"enemies":"Automaton","floor":33,"turns":8},{"damage":0,"enemies":"3 Darklings","floor":35,"turns":2},{"damage":5,"enemies":"Orb Walker","floor":36,"turns":3},{"damage":28,"enemies":"Nemesis","floor":41,"turns":5},{"damage":26,"enemies":"Giant Head","floor":47,"turns":6},{"damage":32,"enemies":"Spire Growth","floor":48,"turns":3},{"damage":77,"enemies":"Donu and Deca","floor":50,"turns":5}],"seed_played":"-550807844425687119","potions_obtained":[{"floor":5,"key":"LiquidBronze"},{"floor":6,"key":"EssenceOfSteel"},{"floor":13,"key":"GamblersBrew"},{"floor":14,"key":"Strength Potion"},{"floor":24,"key":"EssenceOfSteel"},{"floor":29,"key":"AttackPotion"},{"floor":31,"key":"SkillPotion"}],"is_trial":false,"path_per_floor":["M","M","M","$","M","M","E","?","T","E","M","R","M","M","R","B",null,"M","?","M","$","M","R","E","R","T","E","M","M","$","M","R","B",null,"M","M","?","?","T","R","E","R","T","$","?","R","E","M","R","B"],"character_chosen":"IRONCLAD","items_purchased":["Shrug It Off","Vajra","Membership Card","Happy Flower","Inflame","Battle Trance","PreservedInsect","Sword Boomerang"],"campfire_rested":2,"item_purchase_floors":[21,21,21,30,30,30,44,44],"current_hp_per_floor":[80,80,80,80,75,78,53,46,46,23,29,29,35,41,41,35,83,84,84,85,85,80,80,63,63,63,31,37,26,26,32,58,22,92,92,92,80,80,80,80,58,58,58,58,58,58,50,36,63,0],"gold":179,"neow_bonus":"RANDOM_COMMON_RELIC","is_prod":false,"is_daily":false,"chose_seed":false,"campfire_upgraded":7,"win_rate":0,"timestamp":1543415014,"path_taken":["M","M","M","$","M","M","E","?","T","E","M","R","M","M","R","BOSS","M","?","M","$","?","R","E","R","T","E","M","M","?","M","R","BOSS","M","M","?","?","?","R","E","R","T","$","?","R","E","M","R","BOSS"],"build_version":"2018-11-15","purchased_purges":2,"victory":false,"max_hp_per_floor":[80,80,80,80,80,80,80,80,80,83,83,83,83,83,83,83,83,86,86,86,86,86,86,86,86,86,86,86,89,89,89,89,92,92,92,92,92,92,92,92,92,92,92,92,92,92,92,92,92,92],"card_choices":[{"not_picked":["Thunderclap","Armaments"],"picked":"Twin Strike","floor":1},{"not_picked":["Armaments","Clash"],"picked":"Heavy Blade","floor":2},{"not_picked":["Shrug It Off","Body Slam"],"picked":"Twin Strike","floor":3},{"not_picked":["Hemokinesis","Clash"],"picked":"Warcry","floor":5},{"not_picked":["Perfected Strike","Headbutt"],"picked":"Limit Break","floor":6},{"not_picked":["Searing Blow","Fire Breathing"],"picked":"Feed","floor":7},{"not_picked":["Seeing Red","Armaments"],"picked":"True Grit","floor":10},{"not_picked":["Body Slam","Clash"],"picked":"Iron Wave","floor":11},{"not_picked":["Clash","Perfected Strike"],"picked":"Thunderclap","floor":13},{"not_picked":["Clash","Havoc"],"picked":"Spot Weakness","floor":14},{"not_picked":["Reaper","Offering"],"picked":"Demon Form","floor":16},{"not_picked":["Entrench","Wild Strike"],"picked":"Headbutt+1","floor":18},{"not_picked":["Burning Pact","Havoc+1"],"picked":"True Grit","floor":20},{"not_picked":["Wild Strike","Immolate"],"picked":"Pommel Strike","floor":22},{"not_picked":["Fire Breathing","Thunderclap","Dropkick"],"picked":"SKIP","floor":24},{"not_picked":["Wild Strike","Twin Strike"],"picked":"Impervious","floor":27},{"not_picked":["Iron Wave","Body Slam"],"picked":"Cleave+1","floor":28},{"not_picked":["Berserk","Evolve"],"picked":"Intimidate","floor":29},{"not_picked":["Thunderclap+1","Cleave","Fire Breathing"],"picked":"SKIP","floor":31},{"not_picked":["Double Tap","Exhume"],"picked":"Immolate","floor":33},{"not_picked":["Body Slam+1","Blood for Blood"],"picked":"Intimidate+1","floor":35},{"not_picked":["Thunderclap+1","Spot Weakness+1","Perfected Strike+1"],"picked":"SKIP","floor":36},{"not_picked":["Sentinel","Anger","Clash+1"],"picked":"SKIP","floor":41},{"not_picked":["Sword Boomerang+1","Warcry"],"picked":"Demon Form","floor":47},{"not_picked":["Warcry","Twin Strike+1"],"picked":"Clothesline+1","floor":48}],"player_experience":242537,"relics_obtained":[{"floor":7,"key":"Lantern"},{"floor":9,"key":"Whetstone"},{"floor":10,"key":"War Paint"},{"floor":24,"key":"Sundial"},{"floor":26,"key":"Ornamental Fan"},{"floor":27,"key":"Letter Opener"},{"floor":39,"key":"Meat on the Bone"},{"floor":41,"key":"Red Skull"},{"floor":43,"key":"Dodecahedron"},{"floor":47,"key":"Du-Vu Doll"}],"event_choices":[{"damage_healed":0,"gold_gain":0,"player_choice":"Success","damage_taken":7,"relics_obtained":["Shuriken"],"max_hp_gain":0,"max_hp_loss":0,"event_name":"Scrap Ooze","floor":8,"gold_loss":0},{"damage_healed":0,"gold_gain":0,"cards_transformed":["Strike_R"],"player_choice":"Transformed","damage_taken":0,"max_hp_gain":0,"max_hp_loss":0,"event_name":"Transmorgrifier","floor":19,"gold_loss":0,"cards_obtained":["Searing Blow"]},{"damage_healed":0,"gold_gain":0,"player_choice":"Embrace Madness","damage_taken":12,"max_hp_gain":0,"max_hp_loss":0,"event_name":"Winding Halls","floor":37,"gold_loss":0,"cards_obtained":["Madness","Madness"]},{"cards_removed":["Strike_R"],"damage_healed":0,"gold_gain":0,"player_choice":"Removed Attack","damage_taken":0,"max_hp_gain":0,"max_hp_loss":0,"event_name":"Falling","floor":38,"gold_loss":0},{"damage_healed":0,"gold_gain":100,"player_choice":"Pray","damage_taken":0,"max_hp_gain":0,"max_hp_loss":0,"event_name":"Golden Shrine","floor":45,"gold_loss":0}],"is_beta":false,"boss_relics":[{"not_picked":["Pandora\u0027s Box","Orrery"],"picked":"Snecko Eye"},{"not_picked":["Black Blood","White Beast Statue"],"picked":"Sozu"}],"items_purged_floors":[21,44],"is_endless":false,"potions_floor_spawned":[5,6,13,14,18,24,27,28,29,31,36],"killed_by":"Donu and Deca","ascension_level":1}