{"gold_per_floor":[112,62,62,74,93,93,154,166,178,219,231,418,495,118,118,220,220,175,75,75,75,75,75,75,75,75,75,75,75,75,75,75,75,75,75,75,75,75,75,75,75,75,75,75,75,75,1,1,1,1],"floor_reached":50,"playtime":5330,"items_purged":["Doubt","Defend_R"],"score":654,"play_id":"605772d3-e414-44eb-b69e-038595f84c66","local_time":"20190107200309","is_ascension_mode":true,"campfire_choices":[{"floor":6,"key":"RECALL"},{"floor":8,"key":"REST"},{"floor":11,"key":"REST"},{"floor":15,"key":"REST"},{"floor":23,"key":"REST"},{"floor":29,"key":"REST"},{"floor":32,"key":"DIG"},{"floor":41,"key":"DIG"},{"floor":44,"key":"DIG"},{"floor":49,"key":"REST"}],"neow_cost":"TEN_PERCENT_HP_LOSS","seed_source_timestamp":436480422978946,"circlet_count":0,"master_deck":["Strike_R","Strike_R","Strike_R","Strike_R","Strike_R","Defend_R","Bash+1","Heavy Blade","Cleave","Flex","Cleave","Immolate+1","Flame Barrier","Impervious","Shockwave+1","Twin Strike+1","Blood for Blood+1","Offering","Body Slam+1","J.A.X.","Thunderclap+1","Warcry+1","Battle Trance","Impervious","Body Slam+1","Cleave+1","Swift Strike+1","Carnage+1","Headbutt+1","Power Through","Blood for Blood+1","Wild Strike+1","Carnage+1","Dual Wield+1","Reaper+1","Power Through+1","Spot Weakness+1"],"relics":["Burning Blood","Calipers","MawBank","Molten Egg 2","Matryoshka","Tiny Chest","Ectoplasm","Shovel","Mercury Hourglass","Lantern","Red Skull","Bronze Scales","Singing Bowl","Empty Cage","Ice Cream","Strawberry","Prayer Wheel","Magic Flower","Darkstone Periapt"],"potions_floor_usage":[10,16,27,27,28,33,39,40,40],"damage_taken":[{"damage":0,"enemies":"2 Louse","floor":1,"turns":5},{"damage":4,"enemies":"Jaw Worm","floor":4,"turns":4},{"damage":0,"enemies":"Small Slimes","floor":5,"turns":2},{"damage":31,"enemies":"Gremlin Nob","floor":7,"turns":4},{"damage":32,"enemies":"Gremlin Nob","floor":10,"turns":4},{"damage":10,"enemies":"3 Sentries","floor":13,"turns":3},{"damage":53,"enemies":"The Guardian","floor":16,"turns":10},{"damage":16,"enemies":"2 Thieves","floor":18,"turns":3},{"damage":3,"enemies":"Chosen","floor":21,"turns":4},{"damage":14,"enemies":"Colosseum Slavers","floor":22,"turns":4},{"damage":23,"enemies":"Colosseum Nobs","floor":22,"turns":3},{"damage":11,"enemies":"Snecko","floor":25,"turns":4},{"damage":16,"enemies":"Cultist and Chosen","floor":27,"turns":3},{"damage":0,"enemies":"Snake Plant","floor":28,"turns":1},{"damage":0,"enemies":"Snecko","floor":31,"turns":2},{"damage":51,"enemies":"Automaton","floor":33,"turns":7},{"damage":15,"enemies":"Orb Walker","floor":35,"turns":3},{"damage":9,"enemies":"2 Orb Walkers","floor":39,"turns":3},{"damage":3,"enemies":"Nemesis","floor":40,"turns":3},{"damage":3,"enemies":"3 Darklings","floor":42,"turns":3},{"damage":33,"enemies":"Maw","floor":45,"turns":6},{"damage":9,"enemies":"Transient","floor":46,"turns":5},{"damage":0,"enemies":"Sphere and 2 Shapes","floor":48,"turns":3},{"damage":76,"enemies":"Awakened One","floor":50,"turns":4}],"seed_played":"-5053914995667943213","potions_obtained":[{"floor":1,"key":"SpeedPotion"},{"floor":5,"key":"LiquidBronze"},{"floor":10,"key":"Weak Potion"},{"floor":22,"key":"Explosive Potion"},{"floor":25,"key":"Swift Potion"},{"floor":27,"key":"AttackPotion"},{"floor":28,"key":"EssenceOfSteel"},{"floor":33,"key":"Fire Potion"},{"floor":35,"key":"GamblersBrew"},{"floor":39,"key":"AttackPotion"},{"floor":46,"key":"Dexterity Potion"}],"is_trial":false,"path_per_floor":["M","?","?","M","M","R","?","R","T","E","R","?","E","$","R","B",null,"M","$","?","M","?","R","?","M","T","M","M","R","T","M","R","B",null,"M","?","$","?","?","E","R","M","T","R","M","M","$","M","R","B"],"character_chosen":"IRONCLAD","items_purchased":["Impervious","Shockwave","Twin Strike+1","Blood for Blood+1","Reaper+1"],"campfire_rested":6,"item_purchase_floors":[14,14,14,14,47],"current_hp_per_floor":[72,72,72,72,72,72,47,68,68,42,63,63,59,59,72,25,60,50,50,50,53,28,49,49,44,44,34,40,61,61,67,67,22,60,53,53,53,53,50,60,60,63,63,63,41,41,41,50,74,0],"gold":1,"neow_bonus":"ONE_RARE_RELIC","is_prod":false,"is_daily":false,"chose_seed":false,"campfire_upgraded":0,"win_rate":0,"timestamp":1546884189,"path_taken":["M","?","?","?","M","R","?","R","T","E","R","?","E","$","R","BOSS","M","$","?","M","?","R","?","M","T","M","?","R","?","M","R","BOSS","M","?","$","?","?","E","R","M","T","R","M","M","$","M","R","BOSS"],"build_version":"2019-01-03v4","purchased_purges":2,"victory":false,"max_hp_per_floor":[72,72,72,72,72,72,72,72,72,72,72,72,72,72,72,72,72,72,72,72,72,72,72,72,72,72,72,72,72,72,72,72,72,72,74,74,74,74,74,81,81,81,81,81,83,83,83,83,83,83],"card_choices":[{"not_picked":["Rampage","Headbutt"],"picked":"Heavy Blade","floor":1},{"not_picked":["Sword Boomerang","Dual Wield"],"picked":"Cleave","floor":4},{"not_picked":["Warcry","Sword Boomerang"],"picked":"Flex","floor":5},{"not_picked":["Headbutt","Body Slam"],"picked":"Cleave","floor":7},{"not_picked":["Blood for Blood+1","Cleave+1"],"picked":"Immolate+1","floor":10},{"not_picked":["Entrench","Dropkick+1"],"picked":"Flame Barrier","floor":13},{"not_picked":["Impervious","Barricade"],"picked":"Offering","floor":16},{"not_picked":["Disarm+1","Shrug It Off"],"picked":"Body Slam+1","floor":18},{"not_picked":["Reckless Charge+1","Clash+1"],"picked":"Thunderclap+1","floor":21},{"not_picked":["Body Slam+1","True Grit+1"],"picked":"Warcry+1","floor":22},{"not_picked":["Perfected Strike+1","Bloodletting"],"picked":"Battle Trance","floor":25},{"not_picked":["Heavy Blade+1","Flex"],"picked":"Impervious","floor":27},{"not_picked":["Cleave+1","Shrug It Off"],"picked":"Body Slam+1","floor":28},{"not_picked":["Combust","Armaments"],"picked":"Cleave+1","floor":31},{"not_picked":["Brutality","Berserk"],"picked":"Demon Form","floor":33},{"not_picked":["Havoc+1","Iron Wave+1","Body Slam+1"],"picked":"Singing Bowl","floor":35},{"not_picked":["Forethought","Blind"],"picked":"Swift Strike+1","floor":36},{"not_picked":["Iron Wave+1","Armaments+1"],"picked":"Carnage+1","floor":39},{"not_picked":["Intimidate+1","Perfected Strike+1"],"picked":"Headbutt+1","floor":40},{"not_picked":["Twin Strike+1","Flex+1"],"picked":"Power Through","floor":42},{"not_picked":["Headbutt+1","Disarm"],"picked":"Blood for Blood+1","floor":42},{"not_picked":["Heavy Blade+1","Sentinel+1"],"picked":"Wild Strike+1","floor":45},{"not_picked":["Shrug It Off+1","Sever Soul+1","Intimidate+1"],"picked":"Singing Bowl","floor":45},{"not_picked":["Dual Wield","Body Slam+1"],"picked":"Carnage+1","floor":46},{"not_picked":["Infernal Blade","Anger+1"],"picked":"Dual Wield+1","floor":46},{"not_picked":["Pummel+1","Disarm"],"picked":"Power Through+1","floor":48},{"not_picked":["Headbutt+1","Carnage+1"],"picked":"Spot Weakness+1","floor":48}],"player_experience":120142,"relics_obtained":[{"floor":9,"key":"Molten Egg 2"},{"floor":10,"key":"Matryoshka"},{"floor":13,"key":"Tiny Chest"},{"floor":22,"key":"Shovel"},{"floor":22,"key":"Mercury Hourglass"},{"floor":26,"key":"Lantern"},{"floor":26,"key":"Red Skull"},{"floor":30,"key":"Bronze Scales"},{"floor":32,"key":"Singing Bowl"},{"floor":39,"key":"Ice Cream"},{"floor":40,"key":"Strawberry"},{"floor":41,"key":"Prayer Wheel"},{"floor":43,"key":"Magic Flower"},{"floor":44,"key":"Darkstone Periapt"}],"event_choices":[{"damage_healed":0,"gold_gain":0,"player_choice":"Left Gold","damage_taken":0,"max_hp_gain":0,"max_hp_loss":0,"event_name":"World of Goop","floor":2,"gold_loss":50},{"damage_healed":0,"gold_gain":0,"player_choice":"Grow","damage_taken":0,"max_hp_gain":0,"max_hp_loss":0,"event_name":"Living Wall","floor":3,"gold_loss":0,"cards_upgraded":["Bash"]},{"damage_healed":0,"gold_gain":0,"player_choice":"Searched \u00272\u0027 times","damage_taken":0,"relics_obtained":["MawBank"],"max_hp_gain":0,"max_hp_loss":0,"event_name":"Dead Adventurer","floor":7,"gold_loss":0},{"damage_healed":0,"gold_gain":175,"player_choice":"AGREE","damage_taken":0,"max_hp_gain":0,"max_hp_loss":0,"event_name":"Liars Game","floor":12,"gold_loss":0,"cards_obtained":["Doubt"]},{"damage_healed":0,"gold_gain":0,"player_choice":"Obtain J.A.X.","damage_taken":0,"max_hp_gain":0,"max_hp_loss":0,"event_name":"Drug Dealer","floor":20,"gold_loss":0,"cards_obtained":["J.A.X."]},{"damage_healed":0,"gold_gain":0,"player_choice":"Fight","damage_taken":0,"max_hp_gain":0,"max_hp_loss":0,"event_name":"Colosseum","floor":22,"gold_loss":0},{"damage_healed":0,"gold_gain":0,"player_choice":"Fought Nobs","damage_taken":0,"max_hp_gain":0,"max_hp_loss":0,"event_name":"Colosseum","floor":22,"gold_loss":0},{"damage_healed":0,"gold_gain":0,"player_choice":"Upgraded","damage_taken":0,"max_hp_gain":0,"max_hp_loss":0,"event_name":"Upgrade Shrine","floor":24,"gold_loss":0,"cards_upgraded":["Shockwave"]},{"damage_healed":0,"gold_gain":0,"player_choice":"Memory 1","damage_taken":0,"max_hp_gain":0,"max_hp_loss":0,"event_name":"SensoryStone","floor":36,"gold_loss":0},{"cards_removed":["Demon Form"],"damage_healed":0,"gold_gain":0,"player_choice":"Removed Power","damage_taken":0,"max_hp_gain":0,"max_hp_loss":0,"event_name":"Falling","floor":38,"gold_loss":0},{"damage_healed":0,"gold_gain":0,"player_choice":"Fight","damage_taken":0,"max_hp_gain":0,"max_hp_loss":0,"event_name":"Mysterious Sphere","floor":39,"gold_loss":0}],"is_beta":false,"boss_relics":[{"not_picked":["Snecko Eye","Eternal Feather"],"picked":"Ectoplasm"},{"not_picked":["Runic Dome","Coffee Dripper"],"picked":"Empty Cage"}],"items_purged_floors":[14,19],"is_endless":false,"potions_floor_spawned":[1,5,10,22,25,27,28,33,35,39,46],"killed_by":"Awakened One","ascension_level":5}