{"gold_per_floor":[219,230,230,230,246,246,279,279,279,331,91,122,133,83,83,83],"floor_reached":16,"playtime":947,"items_purged":["Strike_R"],"score":205,"play_id":"385b2c55-d88a-4103-9110-2ac911ddfe84","local_time":"20190116073628","is_ascension_mode":true,"campfire_choices":[{"data":"Bash","floor":6,"key":"SMITH"},{"data":"Whirlwind","floor":8,"key":"SMITH"},{"data":"True Grit","floor":15,"key":"SMITH"}],"neow_cost":"NONE","seed_source_timestamp":469196155122959,"circlet_count":0,"master_deck":["AscendersBane","Strike_R","Strike_R","Strike_R","Strike_R","Defend_R","Defend_R+1","Defend_R","Defend_R+1","Bash+1","Uppercut+1","Clothesline","Metallicize","Whirlwind+1","Flame Barrier","Flame Barrier","True Grit+1"],"relics":["Burning Blood","Mummified Hand","Paper Frog","War Paint","Strawberry"],"potions_floor_usage":[16,16],"damage_taken":[{"damage":12,"enemies":"Small Slimes","floor":1,"turns":4},{"damage":9,"enemies":"Jaw Worm","floor":2,"turns":4},{"damage":8,"enemies":"2 Louse","floor":5,"turns":4},{"damage":29,"enemies":"3 Sentries","floor":7,"turns":11},{"damage":20,"enemies":"Gremlin Nob","floor":12,"turns":4},{"damage":0,"enemies":"Looter","floor":13,"turns":3},{"damage":33,"enemies":"Slime Boss","floor":16,"turns":10}],"seed_played":"2707344896820174527","potions_obtained":[{"floor":2,"key":"SteroidPotion"},{"floor":13,"key":"SkillPotion"}],"is_trial":false,"path_per_floor":["M","M","?","?","M","R","E","R","T","?","$","E","M","$","R","B"],"character_chosen":"IRONCLAD","items_purchased":["War Paint","True Grit"],"campfire_rested":0,"item_purchase_floors":[11,14],"current_hp_per_floor":[62,59,59,59,57,57,34,34,34,34,34,27,33,33,33,0],"gold":83,"neow_bonus":"HUNDRED_GOLD","is_prod":false,"is_daily":false,"chose_seed":false,"campfire_upgraded":3,"win_rate":0,"timestamp":1547642188,"path_taken":["M","M","?","?","M","R","E","R","T","?","$","E","M","$","R","BOSS"],"build_version":"2019-01-10","purchased_purges":1,"victory":false,"max_hp_per_floor":[75,75,75,75,75,75,75,75,75,75,75,82,82,82,82,82],"card_choices":[{"not_picked":["Sword Boomerang","Anger"],"picked":"Uppercut","floor":1},{"not_picked":["Iron Wave","Warcry"],"picked":"Clothesline","floor":2},{"not_picked":["Clothesline","Clash"],"picked":"Metallicize","floor":5},{"not_picked":["Pummel","Ghostly Armor"],"picked":"Whirlwind","floor":7},{"not_picked":["Juggernaut","Iron Wave"],"picked":"Flame Barrier","floor":12},{"not_picked":["Ghostly Armor","Power Through"],"picked":"Flame Barrier","floor":13}],"player_experience":393253,"relics_obtained":[{"floor":7,"key":"Mummified Hand"},{"floor":9,"key":"Paper Frog"},{"floor":12,"key":"Strawberry"}],"event_choices":[{"damage_healed":0,"gold_gain":0,"player_choice":"Ignored","damage_taken":0,"max_hp_gain":0,"max_hp_loss":0,"event_name":"Shining Light","floor":3,"gold_loss":0},{"damage_healed":0,"gold_gain":0,"player_choice":"Grow","damage_taken":0,"max_hp_gain":0,"max_hp_loss":0,"event_name":"Living Wall","floor":4,"gold_loss":0,"cards_upgraded":["Uppercut"]},{"damage_healed":0,"gold_gain":52,"player_choice":"Gained Gold","damage_taken":0,"max_hp_gain":0,"max_hp_loss":0,"event_name":"Golden Wing","floor":10,"gold_loss":0}],"is_beta":false,"boss_relics":[],"items_purged_floors":[11],"is_endless":false,"potions_floor_spawned":[2,13],"killed_by":"Slime Boss","ascension_level":18}