{"gold_per_floor":[109,122,7,22,22,54,54,54,78,90,112,124,171,12,12,12],"floor_reached":16,"playtime":521,"items_purged":["Strike_R"],"score":216,"play_id":"34827a9e-af6c-409f-a6dd-0b28712429cd","local_time":"20190502195323","is_ascension_mode":true,"campfire_choices":[{"data":"Bash","floor":7,"key":"SMITH"},{"floor":10,"key":"REST"},{"data":"True Grit","floor":15,"key":"SMITH"}],"neow_cost":"PERCENT_DAMAGE","seed_source_timestamp":509994190821249,"circlet_count":0,"master_deck":["AscendersBane","Strike_R","Strike_R","Strike_R","Strike_R","Defend_R","Defend_R","Defend_R","Defend_R","Bash+1","Clothesline","Carnage","Battle Trance","True Grit+1"],"relics":["Burning Blood","Bag of Preparation","MawBank","Bronze Scales","Red Skull"],"potions_floor_usage":[6,16],"damage_taken":[{"damage":4,"enemies":"Jaw Worm","floor":1,"turns":4},{"damage":0,"enemies":"Cultist","floor":2,"turns":3},{"damage":6,"enemies":"Small Slimes","floor":4,"turns":5},{"damage":45,"enemies":"Gremlin Nob","floor":6,"turns":5},{"damage":5,"enemies":"Blue Slaver","floor":11,"turns":3},{"damage":52,"enemies":"Lagavulin","floor":13,"turns":7},{"damage":14,"enemies":"Hexaghost","floor":16,"turns":9}],"seed_played":"-8557741609075586678","potions_obtained":[{"floor":2,"key":"SpeedPotion"},{"floor":6,"key":"LiquidBronze"},{"floor":13,"key":"FearPotion"}],"is_trial":false,"path_per_floor":["M","M","$","M","?","E","R","?","T","R","M","$","E","$","R","B"],"character_chosen":"IRONCLAD","items_purchased":["Carnage","Red Skull"],"campfire_rested":1,"item_purchase_floors":[3,14],"current_hp_per_floor":[66,72,72,72,72,33,33,33,33,59,60,60,14,14,14,0],"gold":12,"neow_bonus":"TWENTY_PERCENT_HP_BONUS","is_prod":false,"is_daily":false,"chose_seed":false,"campfire_upgraded":2,"win_rate":0,"timestamp":1556841203,"path_taken":["M","M","$","M","?","E","R","?","T","R","M","?","E","$","R","BOSS"],"build_version":"2019-01-23","purchased_purges":1,"victory":false,"max_hp_per_floor":[89,89,89,89,89,89,89,89,89,89,89,89,89,89,89,89],"card_choices":[{"not_picked":["Perfected Strike","Bloodletting"],"picked":"Clothesline","floor":1},{"not_picked":["Dual Wield","Iron Wave","Havoc"],"picked":"SKIP","floor":2},{"not_picked":["Pommel Strike","Flex"],"picked":"Battle Trance","floor":4},{"not_picked":["Ghostly Armor","Seeing Red","Heavy Blade"],"picked":"SKIP","floor":6},{"not_picked":["Entrench","Rupture","Wild Strike"],"picked":"SKIP","floor":11},{"not_picked":["Dark Embrace","Clash"],"picked":"True Grit","floor":13}],"player_experience":591892,"relics_obtained":[{"floor":6,"key":"Bag of Preparation"},{"floor":9,"key":"MawBank"},{"floor":13,"key":"Bronze Scales"}],"event_choices":[{"damage_healed":0,"gold_gain":0,"player_choice":"Leave","damage_taken":0,"max_hp_gain":0,"max_hp_loss":0,"event_name":"The Cleric","floor":5,"gold_loss":0},{"damage_healed":0,"gold_gain":0,"player_choice":"Ignored","damage_taken":0,"max_hp_gain":0,"max_hp_loss":0,"event_name":"Shining Light","floor":8,"gold_loss":0}],"is_beta":false,"boss_relics":[],"items_purged_floors":[3],"is_endless":false,"potions_floor_spawned":[2,6,13],"killed_by":"Hexaghost","ascension_level":20}