{"gold_per_floor":[119,119,130,130,6,6,6,6,53,65,77,118,30,45,45,146,146,159,159,159,174,174,174],"floor_reached":23,"playtime":1787,"items_purged":["Defend_G","Strike_G"],"score":363,"play_id":"5ca4893f-5ab0-42f8-bf05-00af3b5deae2","local_time":"20190513220441","is_ascension_mode":true,"campfire_choices":[{"floor":6.0,"key":"REST"},{"data":"Footwork","floor":8.0,"key":"SMITH"},{"data":"Neutralize","floor":10.0,"key":"SMITH"},{"data":"Bouncing Flask","floor":15.0,"key":"SMITH"}],"neow_cost":"TEN_PERCENT_HP_LOSS","seed_source_timestamp":0,"circlet_count":0,"master_deck":["AscendersBane","Defend_G","Defend_G","Defend_G+1","Defend_G+1","Strike_G","Strike_G","Survivor","Neutralize+1","Dagger Spray","Footwork+1","Bouncing Flask+1","Poisoned Stab","Terror","Corpse Explosion"],"special_seed":0,"relics":["Ring of the Serpent","MawBank"],"potions_floor_usage":[19,23],"damage_taken":[{"damage":7.0,"enemies":"Jaw Worm","floor":1.0,"turns":6.0},{"damage":0.0,"enemies":"2 Louse","floor":3.0,"turns":2.0},{"damage":0.0,"enemies":"Small Slimes","floor":12.0,"turns":4.0},{"damage":12.0,"enemies":"Exordium Wildlife","floor":14.0,"turns":6.0},{"damage":0.0,"enemies":"Hexaghost","floor":16.0,"turns":10.0},{"damage":7.0,"enemies":"3 Byrds","floor":18.0,"turns":3.0},{"damage":42,"enemies":"Colosseum Slavers","floor":19,"turns":5},{"damage":3,"enemies":"Shell Parasite","floor":21,"turns":5},{"damage":46,"enemies":"Gremlin Leader","floor":23,"turns":7}],"seed_played":"-2082286291326614740","potions_obtained":[{"floor":1.0,"key":"Dexterity Potion"},{"floor":12.0,"key":"Block Potion"},{"floor":16.0,"key":"Regen Potion"},{"floor":21,"key":"EssenceOfSteel"}],"is_trial":false,"path_per_floor":["M","?","M","?","$","R","$","R","T","R","?","M","$","M","R","B",null,"M","?","?","M","?","E"],"character_chosen":"THE_SILENT","items_purchased":["Poisoned Stab"],"campfire_rested":1,"item_purchase_floors":[5],"current_hp_per_floor":[56,49,49,36,36,54,54,54,54,54,59,59,59,47,47,47,63,56,26,48,45,45,0],"gold":174,"neow_bonus":"TRANSFORM_TWO_CARDS","is_prod":false,"is_daily":false,"chose_seed":false,"campfire_upgraded":3,"win_rate":0,"timestamp":1557774281,"path_taken":["M","?","M","?","$","R","$","R","T","R","?","?","?","M","R","BOSS","M","?","?","?","?","E"],"build_version":"2019-01-23","purchased_purges":2,"victory":false,"max_hp_per_floor":[63,63,63,63,63,63,63,63,63,63,68,68,68,68,68,68,68,68,68,68,68,68,68],"card_choices":[{"not_picked":["Backstab","Dodge and Roll"],"picked":"Footwork","floor":1.0},{"not_picked":["Heel Hook","Prepared"],"picked":"Bouncing Flask","floor":3.0},{"not_picked":["Bane","Underhanded Strike"],"picked":"Terror","floor":12.0},{"not_picked":["Quick Slash","Prepared","Underhanded Strike"],"picked":"SKIP","floor":14.0},{"not_picked":["Glass Knife","A Thousand Cuts"],"picked":"Corpse Explosion","floor":16.0},{"not_picked":["Underhanded Strike","PiercingWail","Acrobatics"],"picked":"SKIP","floor":18.0},{"not_picked":["Dagger Spray","Quick Slash","Underhanded Strike"],"picked":"SKIP","floor":21}],"player_experience":991730,"relics_obtained":[{"floor":9.0,"key":"MawBank"}],"event_choices":[{"cards_removed":["Prepared"],"damage_healed":0.0,"max_hp_gain":0.0,"max_hp_loss":0.0,"gold_gain":0.0,"event_name":"Golden Wing","player_choice":"Card Removal","floor":2.0,"gold_loss":0.0,"damage_taken":7.0},{"damage_healed":0.0,"max_hp_gain":0.0,"max_hp_loss":0.0,"gold_gain":0.0,"event_name":"Shining Light","player_choice":"Entered Light","floor":4.0,"gold_loss":0.0,"damage_taken":13.0,"cards_upgraded":["Defend_G","Defend_G"]},{"damage_healed":0.0,"max_hp_gain":5.0,"max_hp_loss":0.0,"gold_gain":0.0,"event_name":"Big Fish","player_choice":"Donut","floor":11.0,"gold_loss":0.0,"damage_taken":0.0},{"damage_healed":0,"gold_gain":0,"player_choice":"Fight","damage_taken":0,"max_hp_gain":0,"max_hp_loss":0,"event_name":"Colosseum","floor":19,"gold_loss":0},{"damage_healed":0,"gold_gain":0,"player_choice":"Fled From Nobs","damage_taken":0,"max_hp_gain":0,"max_hp_loss":0,"event_name":"Colosseum","floor":19,"gold_loss":0},{"damage_healed":22,"gold_gain":0,"player_choice":"Heal","damage_taken":0,"max_hp_gain":0,"max_hp_loss":0,"event_name":"The Library","floor":20,"gold_loss":0},{"damage_healed":0,"gold_gain":0,"player_choice":"Ignored","damage_taken":0,"max_hp_gain":0,"max_hp_loss":0,"event_name":"Ghosts","floor":22,"gold_loss":0}],"is_beta":false,"boss_relics":[{"not_picked":["Lizard Tail","White Beast Statue"],"picked":"Ring of the Serpent"}],"items_purged_floors":[5,13],"is_endless":false,"potions_floor_spawned":[1,12,16,21],"killed_by":"Gremlin Leader","ascension_level":12}