{"gold_per_floor":[114,114,11,31,52,52,72,72,129,154,154,179,179,193,193,193],"floor_reached":16,"playtime":964,"items_purged":["Injury"],"score":183,"play_id":"ff9922b2-2eb2-4515-b188-a13540410ebe","local_time":"20190412185515","is_ascension_mode":true,"campfire_choices":[{"data":"Zap","floor":6.0,"key":"SMITH"},{"data":"Dualcast","floor":8.0,"key":"SMITH"},{"data":"White Noise","floor":11.0,"key":"SMITH"},{"floor":15,"key":"REST"}],"neow_cost":"NONE","seed_source_timestamp":163703131186847,"circlet_count":0,"master_deck":["AscendersBane","Strike_B","Strike_B","Strike_B","Defend_B","Defend_B","Defend_B","Defend_B","Zap+1","Dualcast+1","All For One","White Noise+1","Leap","Go for the Eyes"],"special_seed":0,"relics":["Cracked Core","Golden Idol","Tiny Chest"],"potions_floor_usage":[14],"damage_taken":[{"damage":2.0,"enemies":"2 Louse","floor":1.0,"turns":2.0},{"damage":1.0,"enemies":"Cultist","floor":4.0,"turns":3.0},{"damage":0.0,"enemies":"Jaw Worm","floor":5.0,"turns":3.0},{"damage":4.0,"enemies":"2 Fungi Beasts","floor":7.0,"turns":3.0},{"damage":2.0,"enemies":"Looter","floor":10.0,"turns":3.0},{"damage":1.0,"enemies":"Red Slaver","floor":12.0,"turns":3.0},{"damage":8,"enemies":"Exordium Thugs","floor":14,"turns":4},{"damage":68,"enemies":"Hexaghost","floor":16,"turns":10}],"seed_played":"5272263362148340777","potions_obtained":[{"floor":1.0,"key":"Explosive Potion"},{"floor":12.0,"key":"Explosive Potion"}],"is_trial":false,"path_per_floor":["M","?","$","M","M","R","M","R","T","M","R","M","?","M","R","B"],"character_chosen":"DEFECT","items_purchased":["Leap"],"campfire_rested":1,"item_purchase_floors":[3],"current_hp_per_floor":[62,62,62,61,61,61,57,57,57,55,55,54,54,46,67,0],"gold":193,"neow_bonus":"ONE_RANDOM_RARE_CARD","is_prod":false,"is_daily":false,"chose_seed":false,"campfire_upgraded":3,"win_rate":0,"timestamp":1555084515,"path_taken":["M","?","$","M","M","R","M","R","T","M","R","M","?","M","R","BOSS"],"build_version":"2019-01-23","purchased_purges":1,"victory":false,"max_hp_per_floor":[71,71,71,71,71,71,71,71,71,71,71,71,71,71,71,71],"card_choices":[{"not_picked":["Double Energy","Recycle"],"picked":"White Noise","floor":1.0},{"not_picked":["Cold Snap","Conserve Battery"],"picked":"Go for the Eyes","floor":4.0},{"not_picked":["Coolheaded","Stack","Leap"],"picked":"SKIP","floor":5.0},{"not_picked":["Capacitor","Fusion","Stack"],"picked":"SKIP","floor":7.0},{"not_picked":["Hologram","Darkness","Coolheaded"],"picked":"SKIP","floor":10.0},{"not_picked":["Coolheaded","Glacier","Cold Snap"],"picked":"SKIP","floor":12.0},{"not_picked":["Tempest","Melter","Doom and Gloom"],"picked":"SKIP","floor":14}],"player_experience":807347,"relics_obtained":[{"floor":9.0,"key":"Tiny Chest"}],"event_choices":[{"damage_healed":0.0,"max_hp_gain":0.0,"max_hp_loss":0.0,"gold_gain":0.0,"event_name":"Golden Idol","player_choice":"Take Wound","floor":2.0,"gold_loss":0.0,"damage_taken":0.0,"relics_obtained":["Golden Idol"],"cards_obtained":["Injury"]},{"cards_removed":["Strike_B"],"damage_healed":0,"gold_gain":0,"player_choice":"Forget","damage_taken":0,"max_hp_gain":0,"max_hp_loss":0,"event_name":"Living Wall","floor":13,"gold_loss":0}],"is_beta":false,"boss_relics":[],"items_purged_floors":[3],"is_endless":false,"potions_floor_spawned":[1,12],"killed_by":"Hexaghost","ascension_level":19}