{"gold_per_floor":[219,230,230,243,243,272,64,82,82,56,87,262,279,230,230,230],"floor_reached":16,"playtime":567,"items_purged":[],"score":110,"play_id":"fc266907-8353-40b7-8e41-23f1bb7f26a5","local_time":"20190514080855","is_ascension_mode":false,"campfire_choices":[{"data":"Adrenaline","floor":15,"key":"SMITH"}],"neow_cost":"NONE","seed_source_timestamp":731514234000,"circlet_count":0,"master_deck":["Defend_G","Defend_G","Defend_G","Defend_G","Defend_G","Strike_G","Strike_G","Strike_G","Strike_G","Strike_G","Survivor","Neutralize","Backstab","Dagger Throw","Finesse","Footwork","Slice","Underhanded Strike","Adrenaline+1","Doubt","Cloak And Dagger"],"relics":["Ring of the Snake","Orichalcum","HandDrill","Strawberry","Ninja Scroll"],"potions_floor_usage":[16,16],"damage_taken":[{"damage":2,"enemies":"Cultist","floor":1,"turns":5},{"damage":3,"enemies":"Jaw Worm","floor":2,"turns":3},{"damage":2,"enemies":"Small Slimes","floor":4,"turns":3},{"damage":20,"enemies":"Gremlin Nob","floor":6,"turns":5},{"damage":5,"enemies":"Exordium Thugs","floor":8,"turns":8},{"damage":6,"enemies":"3 Sentries","floor":11,"turns":10},{"damage":0,"enemies":"Blue Slaver","floor":13,"turns":1},{"damage":39,"enemies":"Hexaghost","floor":16,"turns":17}],"seed_played":"-7334465619640394361","potions_obtained":[{"floor":1,"key":"EssenceOfSteel"},{"floor":5,"key":"Swift Potion"},{"floor":5,"key":"SmokeBomb"},{"floor":13,"key":"Dexterity Potion"}],"is_trial":false,"path_per_floor":["M","M","?","M","?","E","$","M","T","$","E","?","M","?","R","B"],"character_chosen":"THE_SILENT","items_purchased":["HandDrill","Underhanded Strike"],"campfire_rested":0,"item_purchase_floors":[7,10],"current_hp_per_floor":[68,65,65,63,63,43,43,38,45,45,39,39,39,39,39,0],"gold":230,"neow_bonus":"HUNDRED_GOLD","is_prod":false,"is_daily":false,"chose_seed":false,"campfire_upgraded":1,"win_rate":0,"timestamp":1557810535,"path_taken":["M","?","?","?","?","E","?","M","T","$","E","?","M","?","R","BOSS"],"build_version":"2019-01-23","purchased_purges":0,"victory":false,"max_hp_per_floor":[70,70,70,70,70,70,70,70,77,77,77,77,77,77,77,77],"card_choices":[{"not_picked":["PiercingWail","Flying Knee"],"picked":"Backstab","floor":1},{"not_picked":["Backflip","Dagger Spray"],"picked":"Dagger Throw","floor":2},{"not_picked":["Dagger Spray","PiercingWail"],"picked":"Footwork","floor":4},{"not_picked":["Expertise","Bane"],"picked":"Slice","floor":6},{"not_picked":["Calculated Gamble","Dagger Throw","Skewer"],"picked":"SKIP","floor":8},{"not_picked":["Footwork","Quick Slash"],"picked":"Adrenaline","floor":11},{"not_picked":["Dagger Spray","Deflect"],"picked":"Cloak And Dagger","floor":13}],"player_experience":318502,"relics_obtained":[{"floor":6,"key":"Orichalcum"},{"floor":9,"key":"Strawberry"},{"floor":11,"key":"Ninja Scroll"}],"event_choices":[{"damage_healed":0,"gold_gain":0,"player_choice":"1 cards matched","damage_taken":0,"max_hp_gain":0,"max_hp_loss":0,"event_name":"Match and Keep!","floor":3,"gold_loss":0,"cards_obtained":["Finesse"]},{"damage_healed":0,"gold_gain":0,"player_choice":"Got Potions","damage_taken":0,"max_hp_gain":0,"max_hp_loss":0,"event_name":"Lab","floor":5,"gold_loss":0},{"damage_healed":0,"gold_gain":175,"player_choice":"AGREE","damage_taken":0,"max_hp_gain":0,"max_hp_loss":0,"event_name":"Liars Game","floor":12,"gold_loss":0,"cards_obtained":["Doubt"]},{"damage_healed":0,"gold_gain":0,"player_choice":"Left Gold","damage_taken":0,"max_hp_gain":0,"max_hp_loss":0,"event_name":"World of Goop","floor":14,"gold_loss":49}],"is_beta":false,"boss_relics":[],"items_purged_floors":[],"is_endless":false,"potions_floor_spawned":[1,8,13],"killed_by":"Hexaghost","ascension_level":0}