{"gold_per_floor":[10,20,20,35,49,80,80,95,173,173,25,42,42,62,62,157,157,170,170,57,57,41,41,41],"floor_reached":24,"playtime":1408,"items_purged":["Strike_R"],"score":208,"play_id":"62a44a1f-ed3d-4559-8fb7-f2bbbc357351","local_time":"20190427023339","is_ascension_mode":true,"campfire_choices":[{"floor":7,"key":"REST"},{"data":"Rupture","floor":10,"key":"SMITH"},{"data":"Wild Strike","floor":13,"key":"SMITH"},{"data":"Wild Strike","floor":15,"key":"SMITH"},{"data":"RitualDagger","floor":23,"key":"SMITH"}],"neow_cost":"NO_GOLD","seed_source_timestamp":1080301705615683,"circlet_count":0,"master_deck":["Defend_R","Defend_R","Defend_R","Defend_R","Bash","Reckless Charge","Iron Wave","Rupture+1","Twin Strike","Wild Strike+1","Wild Strike+1","Thunderclap","Sword Boomerang","Reaper","Carnage+1","Bloodletting","RitualDagger+1","Metallicize"],"relics":["Burning Blood","Orichalcum","Paper Frog","Bag of Marbles","Empty Cage"],"potions_floor_usage":[16,24,24],"damage_taken":[{"damage":14,"enemies":"Jaw Worm","floor":1,"turns":5},{"damage":5,"enemies":"Cultist","floor":2,"turns":4},{"damage":2,"enemies":"Small Slimes","floor":4,"turns":3},{"damage":7,"enemies":"3 Louse","floor":5,"turns":4},{"damage":55,"enemies":"Lagavulin","floor":6,"turns":8},{"damage":3,"enemies":"2 Fungi Beasts","floor":8,"turns":3},{"damage":10,"enemies":"Exordium Wildlife","floor":12,"turns":2},{"damage":11,"enemies":"Large Slime","floor":14,"turns":3},{"damage":29,"enemies":"Slime Boss","floor":16,"turns":9},{"damage":2,"enemies":"3 Byrds","floor":18,"turns":5},{"damage":23,"enemies":"2 Thieves","floor":22,"turns":4},{"damage":74,"enemies":"Slavers","floor":24,"turns":4}],"seed_played":"705543152451796237","potions_obtained":[{"floor":1,"key":"PowerPotion"},{"floor":4,"key":"SteroidPotion"},{"floor":5,"key":"Explosive Potion"},{"floor":16,"key":"LiquidBronze"}],"is_trial":false,"path_per_floor":["M","M","?","M","M","E","R","M","T","R","$","M","R","M","R","B",null,"M","?","$","?","M","R","E"],"character_chosen":"IRONCLAD","items_purchased":["Bag of Marbles","Bloodletting"],"campfire_rested":1,"item_purchase_floors":[11,20],"current_hp_per_floor":[72,73,80,80,79,30,54,57,57,57,57,53,53,48,48,25,80,80,80,80,74,57,57,0],"gold":41,"neow_bonus":"REMOVE_TWO","is_prod":false,"is_daily":false,"chose_seed":false,"campfire_upgraded":4,"win_rate":0,"timestamp":1556346819,"path_taken":["M","M","?","?","M","E","R","M","T","R","$","M","R","M","R","BOSS","M","?","$","?","M","R","E"],"build_version":"2019-01-23","purchased_purges":1,"victory":false,"max_hp_per_floor":[80,80,80,80,80,80,80,80,80,80,80,80,80,80,80,80,80,80,80,80,80,80,80,80],"card_choices":[{"not_picked":["Havoc","Fire Breathing"],"picked":"Reckless Charge","floor":1},{"not_picked":["Corruption","Disarm"],"picked":"Iron Wave","floor":2},{"not_picked":["Pummel","Twin Strike"],"picked":"Rupture","floor":4},{"not_picked":["Searing Blow","Perfected Strike"],"picked":"Twin Strike","floor":5},{"not_picked":["Heavy Blade","Cleave"],"picked":"Wild Strike","floor":6},{"not_picked":["Metallicize","Ghostly Armor"],"picked":"Wild Strike","floor":8},{"not_picked":["Power Through","Second Wind"],"picked":"Thunderclap","floor":12},{"not_picked":["Rampage","Second Wind"],"picked":"Sword Boomerang","floor":14},{"not_picked":["Double Tap","Immolate"],"picked":"Reaper","floor":16},{"not_picked":["Body Slam+1","Perfected Strike"],"picked":"Carnage+1","floor":18},{"not_picked":["Wild Strike","Perfected Strike"],"picked":"Metallicize","floor":22}],"player_experience":114875,"relics_obtained":[{"floor":6,"key":"Orichalcum"},{"floor":9,"key":"Paper Frog"}],"event_choices":[{"damage_healed":7,"gold_gain":0,"player_choice":"Full Heal","damage_taken":0,"max_hp_gain":0,"max_hp_loss":0,"event_name":"Wheel of Change","floor":3,"gold_loss":0},{"damage_healed":0,"gold_gain":0,"player_choice":"Ignored","damage_taken":0,"max_hp_gain":0,"max_hp_loss":0,"event_name":"Ghosts","floor":19,"gold_loss":0},{"damage_healed":0,"gold_gain":0,"player_choice":"Joined the Cult","damage_taken":6,"max_hp_gain":0,"max_hp_loss":0,"event_name":"Nest","floor":21,"gold_loss":0,"cards_obtained":["RitualDagger"]}],"is_beta":false,"boss_relics":[{"not_picked":["Lizard Tail","White Beast Statue"],"picked":"Empty Cage"}],"items_purged_floors":[20],"is_endless":false,"potions_floor_spawned":[1,4,5,6,16,22],"killed_by":"Slavers","ascension_level":1}