{"gold_per_floor":[119,129,54,54,54,88,101,101,155,155,169,85,116,141,141,240,240,255,276,315,330,355,355,53,96,120,120,153,176,176,194,194,194],"floor_reached":33,"playtime":1708,"items_purged":["Strike_R"],"score":594,"play_id":"768f34e9-b3a5-4c8c-838c-222dbe3f1396","local_time":"20190405194133","is_ascension_mode":true,"campfire_choices":[{"floor":10,"key":"REST"},{"data":"Fiend Fire","floor":15,"key":"SMITH"},{"floor":23,"key":"REST"},{"floor":27,"key":"REST"},{"floor":30,"key":"REST"},{"floor":32,"key":"REST"}],"neow_cost":"NONE","seed_source_timestamp":2684524429205,"circlet_count":0,"master_deck":["AscendersBane","Strike_R","Strike_R","Strike_R","Defend_R","Defend_R","Defend_R","Defend_R","Bash","Shrug It Off","Anger","Twin Strike","Shockwave","Battle Trance","Fiend Fire+1","Metallicize","Reaper","Uppercut","Spot Weakness","Shrug It Off","Offering","Corruption","Disarm","Spot Weakness","Warcry+1","Burning Pact"],"relics":["Burning Blood","Strawberry","Bag of Preparation","Golden Idol","Pen Nib","Vajra","Orrery","Red Mask","Shovel","Potion Belt","PreservedInsect"],"potions_floor_usage":[13,19,22,25],"damage_taken":[{"damage":13,"enemies":"Cultist","floor":1,"turns":5},{"damage":9,"enemies":"Jaw Worm","floor":2,"turns":4},{"damage":52,"enemies":"Lagavulin","floor":6,"turns":7},{"damage":1,"enemies":"2 Louse","floor":7,"turns":3},{"damage":8,"enemies":"Large Slime","floor":11,"turns":7},{"damage":14,"enemies":"Gremlin Nob","floor":13,"turns":4},{"damage":0,"enemies":"Looter","floor":14,"turns":2},{"damage":12,"enemies":"Slime Boss","floor":16,"turns":6},{"damage":18,"enemies":"Shell Parasite","floor":18,"turns":7},{"damage":3,"enemies":"Spheric Guardian","floor":19,"turns":3},{"damage":18,"enemies":"Masked Bandits","floor":20,"turns":4},{"damage":21,"enemies":"Cultist and Chosen","floor":21,"turns":4},{"damage":26,"enemies":"Sentry and Sphere","floor":22,"turns":4},{"damage":48,"enemies":"Gremlin Leader","floor":25,"turns":5},{"damage":32,"enemies":"Slavers","floor":28,"turns":5},{"damage":6,"enemies":"Chosen and Byrds","floor":29,"turns":4},{"damage":15,"enemies":"Snecko","floor":31,"turns":5},{"damage":117,"enemies":"Collector","floor":33,"turns":6}],"seed_played":"-2896413666502678722","potions_obtained":[{"floor":2,"key":"Energy Potion"},{"floor":7,"key":"Ancient Potion"},{"floor":13,"key":"Swift Potion"},{"floor":20,"key":"SteroidPotion"},{"floor":25,"key":"EssenceOfSteel"},{"floor":29,"key":"FearPotion"}],"is_trial":false,"path_per_floor":["M","M","$","?","?","E","M","?","T","R","M","$","E","M","R","B",null,"M","M","?","M","M","R","$","E","T","R","E","M","R","M","R","B"],"character_chosen":"IRONCLAD","items_purchased":["Battle Trance","Offering","Corruption","Disarm"],"campfire_rested":5,"item_purchase_floors":[12,24,24,24],"current_hp_per_floor":[68,65,65,58,58,12,17,17,17,39,37,37,29,35,35,29,63,51,54,42,27,11,33,33,15,15,37,19,27,49,40,62,0],"gold":194,"neow_bonus":"RANDOM_COMMON_RELIC","is_prod":false,"is_daily":false,"chose_seed":false,"campfire_upgraded":1,"win_rate":0,"timestamp":1554507693,"path_taken":["M","M","$","?","?","E","M","?","T","R","M","$","E","M","R","BOSS","M","M","?","M","M","R","$","E","T","R","E","M","R","M","R","BOSS"],"build_version":"2019-01-23","purchased_purges":1,"victory":false,"max_hp_per_floor":[82,82,82,82,82,82,82,74,74,74,74,74,74,74,74,74,74,74,74,74,74,74,74,74,74,74,74,74,74,74,74,74,74],"card_choices":[{"not_picked":["True Grit","Dual Wield"],"picked":"Shrug It Off","floor":1},{"not_picked":["Armaments","Cleave"],"picked":"Anger","floor":2},{"not_picked":["Twin Strike","Pummel","Warcry"],"picked":"SKIP","floor":6},{"not_picked":["Pummel","Warcry"],"picked":"Twin Strike","floor":6},{"not_picked":["Cleave","Heavy Blade"],"picked":"Shockwave","floor":7},{"not_picked":["Iron Wave","Whirlwind","Dual Wield"],"picked":"SKIP","floor":11},{"not_picked":["Infernal Blade","Wild Strike"],"picked":"Fiend Fire","floor":13},{"not_picked":["Shockwave","Body Slam"],"picked":"Metallicize","floor":14},{"not_picked":["Feed","Bludgeon"],"picked":"Reaper","floor":16},{"not_picked":["Pommel Strike","Havoc"],"picked":"Uppercut","floor":17},{"not_picked":["True Grit","Thunderclap"],"picked":"Spot Weakness","floor":18},{"not_picked":["Power Through","Combust","Thunderclap"],"picked":"SKIP","floor":19},{"not_picked":["Warcry","Twin Strike","Dropkick"],"picked":"SKIP","floor":21},{"not_picked":["Intimidate","Perfected Strike"],"picked":"Shrug It Off","floor":22},{"not_picked":["Flex","Combust"],"picked":"Spot Weakness","floor":25},{"not_picked":["Sword Boomerang","Fiend Fire"],"picked":"Warcry+1","floor":28},{"not_picked":["Spot Weakness","Carnage+1","Sword Boomerang"],"picked":"SKIP","floor":29},{"not_picked":["Sever Soul","Warcry"],"picked":"Burning Pact","floor":31}],"player_experience":536701,"relics_obtained":[{"floor":6,"key":"Bag of Preparation"},{"floor":9,"key":"Pen Nib"},{"floor":13,"key":"Vajra"},{"floor":20,"key":"Red Mask"},{"floor":25,"key":"Shovel"},{"floor":26,"key":"Potion Belt"},{"floor":28,"key":"PreservedInsect"}],"event_choices":[{"cards_removed":["Strike_R"],"damage_healed":0,"gold_gain":0,"player_choice":"Card Removal","damage_taken":7,"max_hp_gain":0,"max_hp_loss":0,"event_name":"Golden Wing","floor":4,"gold_loss":0},{"damage_healed":0,"gold_gain":0,"player_choice":"Ignored","damage_taken":0,"max_hp_gain":0,"max_hp_loss":0,"event_name":"Shining Light","floor":5,"gold_loss":0},{"damage_healed":0,"gold_gain":0,"player_choice":"Lose Max HP","damage_taken":0,"relics_obtained":["Golden Idol"],"max_hp_gain":0,"max_hp_loss":8,"event_name":"Golden Idol","floor":8,"gold_loss":0},{"damage_healed":0,"gold_gain":0,"player_choice":"Fought Bandits","damage_taken":0,"max_hp_gain":0,"max_hp_loss":0,"event_name":"Masked Bandits","floor":20,"gold_loss":0}],"is_beta":false,"boss_relics":[{"not_picked":["Mark of Pain","Black Blood"],"picked":"Orrery"}],"items_purged_floors":[3],"is_endless":false,"potions_floor_spawned":[2,7,13,16,20,21,25,29],"killed_by":"Collector","ascension_level":20}