{"gold_per_floor":[119,20,20,20,20,20,20,51,105,122,122,138,138,148,148,226,226,237,237,137,147,147,147,147,147,147,165,183,183,183,202,202,278,278,293,307,307,48,48,48,65,65,65,65,76,76,76,76,76,76],"floor_reached":50,"playtime":3295,"items_purged":["Strike_R","Strike_R"],"score":784,"play_id":"2326d968-6290-4157-929d-6468b86e594e","local_time":"20190129220711","is_ascension_mode":true,"campfire_choices":[{"data":"Armaments","floor":6.0,"key":"SMITH"},{"data":"Bash","floor":11.0,"key":"SMITH"},{"data":"Whirlwind","floor":13.0,"key":"SMITH"},{"data":"Clothesline","floor":15.0,"key":"SMITH"},{"floor":23.0,"key":"REST"},{"floor":25.0,"key":"REST"},{"data":"Shockwave","floor":30.0,"key":"SMITH"},{"floor":32.0,"key":"REST"},{"floor":40.0,"key":"REST"},{"floor":42.0,"key":"REST"},{"data":"Limit Break","floor":44.0,"key":"SMITH"},{"floor":47,"key":"RECALL"},{"data":"Flame Barrier","floor":49,"key":"SMITH"}],"neow_cost":"NONE","seed_source_timestamp":1566953100793743,"circlet_count":0,"master_deck":["AscendersBane","Strike_R+1","Strike_R+1","Defend_R+1","Defend_R+1","Defend_R+1","Defend_R+1","Bash+1","Anger","Armaments+1","Whirlwind+1","Flex","Inflame","Clothesline+1","Impervious","Rampage","RitualDagger","Shockwave+1","Power Through+1","Limit Break+1","Flame Barrier+1","Parasite","Shame"],"special_seed":0,"relics":["Burning Blood","NeowsBlessing","Anchor","Vajra","Cursed Key","Paper Frog","Philosopher\u0027s Stone","Bottled Lightning"],"potions_floor_usage":[45,50],"damage_taken":[{"damage":0.0,"enemies":"Jaw Worm","floor":1.0,"turns":1.0},{"damage":0.0,"enemies":"Gremlin Nob","floor":8.0,"turns":1.0},{"damage":0.0,"enemies":"Small Slimes","floor":10.0,"turns":1.0},{"damage":1.0,"enemies":"Cultist","floor":12.0,"turns":4.0},{"damage":6.0,"enemies":"Exordium Wildlife","floor":14.0,"turns":5.0},{"damage":57.0,"enemies":"Hexaghost","floor":16.0,"turns":10.0},{"damage":19.0,"enemies":"Spheric Guardian","floor":18.0,"turns":4.0},{"damage":2.0,"enemies":"Shell Parasite","floor":21.0,"turns":4.0},{"damage":23.0,"enemies":"3 Cultists","floor":27.0,"turns":6.0},{"damage":33.0,"enemies":"Snake Plant","floor":28.0,"turns":5.0},{"damage":11.0,"enemies":"Snecko","floor":31.0,"turns":4.0},{"damage":68.0,"enemies":"Collector","floor":33.0,"turns":11.0},{"damage":7.0,"enemies":"Orb Walker","floor":35.0,"turns":3.0},{"damage":41.0,"enemies":"3 Darklings","floor":36.0,"turns":4.0},{"damage":18.0,"enemies":"Writhing Mass","floor":41.0,"turns":7.0},{"damage":0,"enemies":"Spire Growth","floor":45,"turns":4},{"damage":81,"enemies":"Donu and Deca","floor":50,"turns":6}],"seed_played":"6544566455792202078","potions_obtained":[{"floor":12.0,"key":"Energy Potion"},{"floor":14.0,"key":"Ancient Potion"},{"floor":16.0,"key":"SteroidPotion"},{"floor":18.0,"key":"Block Potion"},{"floor":21.0,"key":"Ancient Potion"},{"floor":28.0,"key":"Swift Potion"},{"floor":33.0,"key":"Dexterity Potion"},{"floor":41.0,"key":"Fire Potion"},{"floor":45,"key":"AttackPotion"}],"is_trial":false,"path_per_floor":["M","$","?","$","?","R","?","E","T","M","R","M","R","M","R","B",null,"M","?","$","M","?","R","?","R","T","M","M","?","R","M","R","B",null,"M","M","?","$","?","R","M","R","T","R","M","$","R","?","R","B"],"character_chosen":"IRONCLAD","items_purchased":["Armaments","Bottled Lightning"],"campfire_rested":5,"item_purchase_floors":[2,38],"current_hp_per_floor":[74,74,74,74,74,74,79,80,80,80,80,80,80,80,80,29,67,54,48,48,52,37,62,62,85,85,68,41,69,69,64,85,23,70,69,34,34,34,34,59,47,72,72,72,78,78,78,78,78,0],"gold":76,"neow_bonus":"THREE_ENEMY_KILL","is_prod":false,"is_daily":false,"chose_seed":false,"campfire_upgraded":7,"win_rate":0,"timestamp":1548792431,"path_taken":["M","$","?","$","?","R","?","E","T","?","R","M","R","M","R","BOSS","M","?","$","M","?","R","?","R","T","M","M","?","R","M","R","BOSS","M","M","?","?","?","R","?","R","T","R","M","$","R","?","R","BOSS"],"build_version":"2019-01-23","purchased_purges":2,"victory":false,"max_hp_per_floor":[75,75,75,75,75,75,80,80,80,80,80,80,80,80,80,80,80,80,80,80,80,85,85,85,85,85,85,85,85,85,85,85,85,85,85,85,85,85,85,85,85,85,85,85,85,85,85,81,81,81],"card_choices":[{"not_picked":["Thunderclap","Searing Blow"],"picked":"Anger","floor":1.0},{"not_picked":["Evolve","Combust"],"picked":"Flex","floor":8.0},{"not_picked":["Uppercut","Headbutt"],"picked":"Inflame","floor":10.0},{"not_picked":["Twin Strike","Juggernaut","Clash"],"picked":"SKIP","floor":12.0},{"not_picked":["Searing Blow","Body Slam"],"picked":"Clothesline","floor":14.0},{"not_picked":["Offering","Brutality"],"picked":"Impervious","floor":16.0},{"not_picked":["Uppercut","True Grit"],"picked":"Rampage","floor":18.0},{"not_picked":["Armaments","Intimidate"],"picked":"Shockwave","floor":21.0},{"not_picked":["Twin Strike","Sever Soul","Iron Wave"],"picked":"SKIP","floor":27.0},{"not_picked":["Cleave","Thunderclap"],"picked":"Power Through+1","floor":28.0},{"not_picked":["Hemokinesis","Wild Strike","Clothesline"],"picked":"SKIP","floor":31.0},{"not_picked":["Brutality","Feed"],"picked":"Limit Break","floor":33.0},{"not_picked":["Havoc","Warcry","Cleave+1"],"picked":"SKIP","floor":35.0},{"not_picked":["Pommel Strike+1","True Grit"],"picked":"Flame Barrier","floor":36.0},{"not_picked":["Sword Boomerang","Corruption+1","Heavy Blade+1"],"picked":"SKIP","floor":41.0},{"not_picked":["Flex","Wild Strike+1","Warcry+1"],"picked":"SKIP","floor":45}],"player_experience":455799,"relics_obtained":[{"floor":8.0,"key":"Anchor"},{"floor":9.0,"key":"Vajra"},{"floor":26.0,"key":"Paper Frog"}],"event_choices":[{"damage_healed":0.0,"max_hp_gain":0.0,"max_hp_loss":0.0,"gold_gain":0.0,"cards_transformed":["Strike_R"],"event_name":"Living Wall","player_choice":"Change","floor":3.0,"gold_loss":0.0,"damage_taken":0.0,"cards_obtained":["Whirlwind"]},{"damage_healed":0.0,"max_hp_gain":0.0,"max_hp_loss":0.0,"gold_gain":0.0,"event_name":"The Cleric","player_choice":"Leave","floor":5.0,"gold_loss":0.0,"damage_taken":0.0},{"damage_healed":0.0,"max_hp_gain":5.0,"max_hp_loss":0.0,"gold_gain":0.0,"event_name":"Big Fish","player_choice":"Donut","floor":7.0,"gold_loss":0.0,"damage_taken":0.0},{"damage_healed":0.0,"max_hp_gain":0.0,"max_hp_loss":0.0,"gold_gain":0.0,"event_name":"Nest","player_choice":"Joined the Cult","floor":19.0,"gold_loss":0.0,"damage_taken":6.0,"cards_obtained":["RitualDagger"]},{"damage_healed":0.0,"max_hp_gain":5.0,"max_hp_loss":0.0,"gold_gain":0.0,"event_name":"Forgotten Altar","player_choice":"Shed Blood","floor":22.0,"gold_loss":0.0,"damage_taken":20.0},{"damage_healed":0.0,"max_hp_gain":0.0,"max_hp_loss":0.0,"gold_gain":0.0,"event_name":"Back to Basics","player_choice":"Simplicity","floor":24.0,"gold_loss":0.0,"damage_taken":0.0,"cards_upgraded":["Strike_R","Strike_R","Defend_R","Defend_R","Defend_R","Defend_R"]},{"damage_healed":28.0,"max_hp_gain":0.0,"max_hp_loss":0.0,"gold_gain":0.0,"event_name":"The Library","player_choice":"Heal","floor":29.0,"gold_loss":0.0,"damage_taken":0.0},{"damage_healed":0.0,"max_hp_gain":0.0,"max_hp_loss":0.0,"gold_gain":0.0,"event_name":"Tomb of Lord Red Mask","player_choice":"Ignored","floor":37.0,"gold_loss":0.0,"damage_taken":0.0},{"cards_removed":["Regret"],"damage_healed":0.0,"max_hp_gain":0.0,"max_hp_loss":0.0,"gold_gain":0.0,"event_name":"Purifier","player_choice":"Purged","floor":39.0,"gold_loss":0.0,"damage_taken":0.0},{"damage_healed":0,"gold_gain":0,"player_choice":"Max HP","damage_taken":0,"max_hp_gain":0,"max_hp_loss":4,"event_name":"Winding Halls","floor":48,"gold_loss":0}],"is_beta":false,"boss_relics":[{"not_picked":["Tiny House","Runic Pyramid"],"picked":"Cursed Key"},{"not_picked":["Runic Dome","Snecko Eye"],"picked":"Philosopher\u0027s Stone"}],"items_purged_floors":[2,20],"is_endless":false,"potions_floor_spawned":[12,14,16,18,21,28,33,41,45],"killed_by":"Donu and Deca","ascension_level":14}