{"gold_per_floor":[118,118,138,151,163,191,191,156,183,203,218,218,237,268,268,364,364,376,395,445,459,471,471,482,482,505,517,517],"floor_reached":28,"playtime":3422,"items_purged":[],"score":261,"play_id":"643d817d-1a21-4004-a604-d353953d0319","local_time":"20180702161520","is_ascension_mode":false,"campfire_choices":[{"data":"Fire Breathing","floor":12,"key":"SMITH"},{"floor":15,"key":"REST"},{"floor":23,"key":"REST"}],"neow_cost":"NONE","seed_source_timestamp":1617099413080533,"circlet_count":0,"master_deck":["Strike_R+1","Strike_R","Defend_R","Defend_R","Defend_R","Bash","Sword Boomerang","Cleave+1","Clash","Cleave","Cleave","Twin Strike","Ghostly Armor","Fire Breathing+1","Pommel Strike","Pummel","Barricade","Dual Wield+1","Seeing Red+1","Cleave+1","Metallicize","Body Slam","Entrench","Shrug It Off+1","Iron Wave+1","Metallicize","Sword Boomerang"],"relics":["Burning Blood","Strawberry","Boot","Bronze Scales","Astrolabe","Vajra"],"potions_floor_usage":[6,6,6,16,16,24,28],"damage_taken":[{"damage":0,"enemies":"Small Slimes","floor":1,"turns":5},{"damage":7,"enemies":"2 Louse","floor":3,"turns":2},{"damage":3,"enemies":"Jaw Worm","floor":4,"turns":3},{"damage":13,"enemies":"Lots of Slimes","floor":5,"turns":3},{"damage":17,"enemies":"Gremlin Nob","floor":6,"turns":4},{"damage":0,"enemies":"2 Fungi Beasts","floor":10,"turns":2},{"damage":8,"enemies":"3 Louse","floor":11,"turns":2},{"damage":2,"enemies":"Blue Slaver","floor":13,"turns":3},{"damage":33,"enemies":"Lagavulin","floor":14,"turns":7},{"damage":46,"enemies":"Hexaghost","floor":16,"turns":9},{"damage":27,"enemies":"Shell Parasite","floor":18,"turns":5},{"damage":10,"enemies":"Spheric Guardian","floor":19,"turns":3},{"damage":23,"enemies":"Cultist and Chosen","floor":21,"turns":6},{"damage":33,"enemies":"3 Cultists","floor":22,"turns":4},{"damage":31,"enemies":"Chosen and Byrds","floor":24,"turns":5},{"damage":9,"enemies":"Snecko","floor":27,"turns":5},{"damage":18,"enemies":"Slaver and Parasite","floor":28,"turns":2}],"seed_played":"-713053724176903136","potions_obtained":[{"floor":3,"key":"EntropicBrew"},{"floor":5,"key":"Weak Potion"},{"floor":14,"key":"SneckoOil"},{"floor":16,"key":"LiquidBronze"},{"floor":24,"key":"AttackPotion"},{"floor":27,"key":"Energy Potion"}],"is_trial":false,"path_per_floor":["M","?","M","M","M","E","?","?","T","M","M","R","M","E","R","B",null,"M","M","?","M","M","R","M","?","T","M"],"character_chosen":"IRONCLAD","items_purchased":[],"campfire_rested":2,"item_purchase_floors":[],"current_hp_per_floor":[80,73,72,75,68,64,47,68,68,74,72,72,76,49,75,35,87,66,62,62,45,18,44,19,19,19,16,0],"gold":517,"neow_bonus":"THREE_CARDS","is_prod":false,"is_daily":false,"chose_seed":false,"campfire_upgraded":1,"win_rate":0.0,"timestamp":1530562520,"path_taken":["M","?","M","M","?","E","?","?","T","M","M","R","M","E","R","BOSS","M","M","?","M","?","R","M","?","T","M","?"],"build_version":"2018-06-28","purchased_purges":0,"victory":false,"max_hp_per_floor":[80,80,80,80,80,87,87,87,87,87,87,87,87,87,87,87,87,87,87,87,87,87,87,87,87,87,87,87],"card_choices":[{"not_picked":["Shrug It Off","Flex"],"picked":"Sword Boomerang","floor":0},{"not_picked":["Headbutt","Flame Barrier"],"picked":"Cleave","floor":1},{"not_picked":["Warcry","Corruption"],"picked":"Clash","floor":3},{"not_picked":["Twin Strike","Shrug It Off"],"picked":"Cleave","floor":4},{"not_picked":["Feed","Corruption"],"picked":"Cleave","floor":5},{"not_picked":["Armaments","Headbutt"],"picked":"Twin Strike","floor":6},{"not_picked":["Bloodletting","Warcry"],"picked":"Ghostly Armor","floor":10},{"not_picked":["Flex","Headbutt"],"picked":"Fire Breathing","floor":11},{"not_picked":["Infernal Blade","Sever Soul"],"picked":"Pommel Strike","floor":13},{"not_picked":["Twin Strike","Iron Wave"],"picked":"Pummel","floor":14},{"not_picked":["Brutality","Offering"],"picked":"Barricade","floor":16},{"not_picked":["Sword Boomerang","Pommel Strike"],"picked":"Metallicize","floor":18},{"not_picked":["Rupture+1","Clothesline"],"picked":"Body Slam","floor":19},{"not_picked":["Corruption+1","Cleave"],"picked":"Entrench","floor":21},{"not_picked":["Cleave","Fire Breathing"],"picked":"Shrug It Off+1","floor":22},{"not_picked":["Perfected Strike","Sword Boomerang"],"picked":"Iron Wave+1","floor":24},{"not_picked":["Clothesline","Reckless Charge"],"picked":"Sword Boomerang","floor":27}],"player_experience":4034,"relics_obtained":[{"floor":6,"key":"Strawberry"},{"floor":9,"key":"Boot"},{"floor":14,"key":"Bronze Scales"},{"floor":26,"key":"Vajra"}],"event_choices":[{"event_name":"Golden Wing","player_choice":"Card Removal","floor":2,"damage_taken":0},{"event_name":"Shining Light","player_choice":"Entered Light","floor":7,"damage_taken":0},{"event_name":"The Cleric","player_choice":"Healed","floor":8,"damage_taken":0},{"event_name":"The Joust","player_choice":"Bet on Murderer","floor":20,"damage_taken":0},{"event_name":"Duplicator","player_choice":"One dupe","floor":25,"damage_taken":0}],"boss_relics":[{"not_picked":["Calling Bell","Snecko Eye"],"picked":"Astrolabe"}],"items_purged_floors":[],"is_endless":false,"potions_floor_spawned":[3,5,14,16,24,27],"killed_by":"Slaver and Parasite","ascension_level":0}