{"gold_per_floor":[166,166,185,185,73,73,107,107,107,135,154,165,216,216],"floor_reached":14,"playtime":1273,"items_purged":["Strike_G"],"score":113,"play_id":"ced4620b-d95f-4cd6-8191-0c669f897175","local_time":"20190112222919","is_ascension_mode":true,"campfire_choices":[{"floor":6,"key":"REST"},{"floor":8,"key":"REST"}],"neow_cost":"NONE","seed_source_timestamp":101653339017171,"circlet_count":0,"master_deck":["Defend_G","Defend_G","Defend_G","Defend_G","Defend_G","Strike_G","Strike_G+1","Strike_G","Strike_G","Survivor","Neutralize","Sucker Punch","Deadly Poison","Cloak And Dagger","Catalyst","Adrenaline","Leg Sweep","Predator","Catalyst"],"relics":["Tiny House","Juzu Bracelet","Strawberry","Blue Candle","Regal Pillow","Bag of Marbles"],"potions_floor_usage":[10],"damage_taken":[{"damage":0,"enemies":"2 Louse","floor":1,"turns":2},{"damage":7,"enemies":"Cultist","floor":3,"turns":4},{"damage":33,"enemies":"Lagavulin","floor":7,"turns":8},{"damage":30,"enemies":"Gremlin Nob","floor":10,"turns":6},{"damage":2,"enemies":"Jaw Worm","floor":11,"turns":4},{"damage":0,"enemies":"Blue Slaver","floor":12,"turns":4},{"damage":21,"enemies":"Lagavulin Event","floor":14,"turns":6}],"seed_played":"-5790117447749977081","potions_obtained":[{"floor":0,"key":"Strength Potion"},{"floor":7,"key":"EssenceOfSteel"},{"floor":12,"key":"Swift Potion"}],"is_trial":false,"path_per_floor":["M","?","M","?","$","R","E","R","T","E","M","M","?","?"],"character_chosen":"THE_SILENT","items_purchased":["Catalyst"],"campfire_rested":2,"item_purchase_floors":[5],"current_hp_per_floor":[75,75,68,42,42,66,33,57,57,27,25,25,25,4],"gold":216,"neow_bonus":"BOSS_RELIC","is_prod":false,"is_daily":false,"chose_seed":false,"campfire_upgraded":0,"win_rate":0,"timestamp":1547324959,"path_taken":["M","?","M","?","$","R","E","R","T","E","M","M","?","?"],"build_version":"2019-01-10","purchased_purges":1,"victory":false,"max_hp_per_floor":[75,75,75,82,82,82,82,82,82,82,82,82,82,82],"card_choices":[{"not_picked":["Acrobatics","Outmaneuver"],"picked":"Sucker Punch","floor":0},{"not_picked":["Poisoned Stab","Dodge and Roll"],"picked":"Deadly Poison","floor":1},{"not_picked":["Underhanded Strike","Slice"],"picked":"Cloak And Dagger","floor":3},{"not_picked":["Infinite Blades","Slice"],"picked":"Adrenaline","floor":7},{"not_picked":["Sucker Punch","Acrobatics"],"picked":"Leg Sweep","floor":10},{"not_picked":["Dodge and Roll","Acrobatics"],"picked":"Predator","floor":11},{"not_picked":["Tactician","Reflex"],"picked":"Catalyst","floor":12}],"player_experience":193655,"relics_obtained":[{"floor":7,"key":"Blue Candle"},{"floor":9,"key":"Regal Pillow"},{"floor":10,"key":"Bag of Marbles"}],"event_choices":[{"damage_healed":0,"gold_gain":0,"player_choice":"Gave Potion","damage_taken":0,"relics_obtained":["Juzu Bracelet"],"max_hp_gain":0,"max_hp_loss":0,"event_name":"WeMeetAgain","floor":2,"gold_loss":0},{"damage_healed":0,"gold_gain":0,"player_choice":"Success","damage_taken":33,"relics_obtained":["Strawberry"],"max_hp_gain":0,"max_hp_loss":0,"event_name":"Scrap Ooze","floor":4,"gold_loss":0},{"damage_healed":0,"gold_gain":51,"player_choice":"Gained Gold","damage_taken":0,"max_hp_gain":0,"max_hp_loss":0,"event_name":"Golden Wing","floor":13,"gold_loss":0},{"damage_healed":0,"gold_gain":0,"player_choice":"Searched \u00271\u0027 times","damage_taken":0,"max_hp_gain":0,"max_hp_loss":0,"event_name":"Dead Adventurer","floor":14,"gold_loss":0}],"is_beta":false,"boss_relics":[],"items_purged_floors":[5],"is_endless":false,"potions_floor_spawned":[7,12],"killed_by":"Lagavulin Event","ascension_level":3}