{"gold_per_floor":[114,114,114,114,114,144,144,154,154,154,174,189,207,207,207,285,285,295,245,257,273,8,8,8,8,59,71,16,91,16,16,16,89,89,106,126,126,126,142,142,156,156,228,241,241,251,7,25,25,25,25],"floor_reached":52,"playtime":5798,"items_purged":["Strike_R"],"score":1729,"play_id":"5042a67e-4ec6-4d15-a2e8-e0b777f9701b","local_time":"20190218102650","is_ascension_mode":true,"campfire_choices":[{"floor":7.0,"key":"REST"},{"floor":10.0,"key":"REST"},{"floor":15.0,"key":"REST"},{"floor":23.0,"key":"REST"},{"floor":25.0,"key":"REST"},{"floor":32.0,"key":"REST"},{"floor":40,"key":"REST"},{"floor":42,"key":"REST"},{"floor":49,"key":"REST"}],"neow_cost":"NONE","seed_source_timestamp":300503110052418,"circlet_count":0,"master_deck":["AscendersBane","Strike_R","Strike_R","Defend_R","Defend_R","Defend_R","Defend_R","Bash","Pommel Strike","Iron Wave","Seeing Red","Infernal Blade","Armaments+1","Feed+1","Inflame","Flame Barrier+1","Headbutt","Shockwave+1","Demon Form+1","Shrug It Off+1","Bandage Up+1","Shockwave+1","Shrug It Off+1","Power Through+1","Shrug It Off+1","Limit Break+1","Madness+1","Iron Wave+1","Ghostly Armor+1","Limit Break+1","Second Wind+1","Heavy Blade+1"],"special_seed":0,"relics":["Orrery","Sundial","Toxic Egg 2","Fusion Hammer","Bronze Scales","Dream Catcher","Self Forming Clay","Runic Pyramid","Frozen Egg 2","Pen Nib"],"potions_floor_usage":[44,46,46],"damage_taken":[{"damage":3.0,"enemies":"2 Louse","floor":1.0,"turns":4.0},{"damage":50.0,"enemies":"Lagavulin","floor":6.0,"turns":6.0},{"damage":0.0,"enemies":"Small Slimes","floor":8.0,"turns":2.0},{"damage":0.0,"enemies":"Cultist","floor":11.0,"turns":2.0},{"damage":8.0,"enemies":"Blue Slaver","floor":12.0,"turns":4.0},{"damage":0.0,"enemies":"Exordium Thugs","floor":13.0,"turns":1.0},{"damage":30.0,"enemies":"Slime Boss","floor":16.0,"turns":9.0},{"damage":34.0,"enemies":"Shell Parasite","floor":18.0,"turns":6.0},{"damage":19.0,"enemies":"Spheric Guardian","floor":20.0,"turns":4.0},{"damage":16.0,"enemies":"Centurion and Healer","floor":21.0,"turns":7.0},{"damage":27.0,"enemies":"Cultist and Chosen","floor":27.0,"turns":6.0},{"damage":26.0,"enemies":"Automaton","floor":33.0,"turns":10.0},{"damage":2.0,"enemies":"3 Darklings","floor":35.0,"turns":4.0},{"damage":11.0,"enemies":"3 Shapes","floor":36.0,"turns":4.0},{"damage":20,"enemies":"3 Darklings","floor":39,"turns":4},{"damage":52,"enemies":"Spire Growth","floor":41,"turns":7},{"damage":3,"enemies":"Maw","floor":44,"turns":9},{"damage":6,"enemies":"Jaw Worm Horde","floor":46,"turns":6},{"damage":43,"enemies":"Sphere and 2 Shapes","floor":48,"turns":6},{"damage":52,"enemies":"Donu and Deca","floor":50,"turns":6},{"damage":47,"enemies":"Awakened One","floor":51,"turns":8}],"seed_played":"5122266578102800946","potions_obtained":[{"floor":6.0,"key":"Energy Potion"},{"floor":11.0,"key":"SteroidPotion"},{"floor":14.0,"key":"BloodPotion"},{"floor":14.0,"key":"Strength Potion"},{"floor":16.0,"key":"FearPotion"},{"floor":20.0,"key":"Strength Potion"},{"floor":21.0,"key":"Poison Potion"},{"floor":35.0,"key":"FearPotion"},{"floor":36.0,"key":"SpeedPotion"},{"floor":41,"key":"AttackPotion"},{"floor":44,"key":"Energy Potion"}],"is_trial":false,"path_per_floor":["M","?","?","?","?","E","R","M","T","R","M","M","M","?","R","B",null,"M","?","M","M","$","R","?","R","T","M","$","T","$","?","R","B",null,"M","M","?","?","M","R","M","R","T","M","?","M","$","M","R","B","B",null],"character_chosen":"IRONCLAD","items_purchased":["Bronze Scales","Bandage Up+1","Shrug It Off+1","Limit Break+1","Pen Nib"],"campfire_rested":9,"item_purchase_floors":[22,22,28,47,47],"current_hp_per_floor":[65,58,58,58,58,8,30,34,34,57,61,57,61,61,88,71,89,59,59,40,28,28,58,58,88,88,71,71,71,71,71,103,83,101,99,98,98,98,88,109,67,100,100,107,107,111,111,78,115,67,30],"gold":25,"neow_bonus":"BOSS_RELIC","is_prod":false,"is_daily":false,"chose_seed":false,"campfire_upgraded":0,"win_rate":0,"timestamp":1550478410,"path_taken":["M","?","?","?","?","E","R","M","T","R","M","M","?","?","R","BOSS","M","?","?","M","$","R","?","R","T","?","?","?","?","?","R","BOSS","M","M","?","?","M","R","?","R","T","M","?","M","$","M","R","BOSS","BOSS"],"build_version":"2019-01-23","purchased_purges":1,"victory":true,"max_hp_per_floor":[75,75,75,75,75,75,75,79,79,79,83,87,91,91,91,95,95,99,99,99,103,103,103,103,103,103,107,107,107,107,107,107,107,107,107,111,105,105,109,109,113,113,113,117,117,121,121,125,125,129,133],"card_choices":[{"not_picked":["Clash","Reckless Charge"],"picked":"Pommel Strike","floor":0.0},{"not_picked":["Havoc","Warcry"],"picked":"Iron Wave","floor":0.0},{"not_picked":["Perfected Strike","Body Slam"],"picked":"Seeing Red","floor":0.0},{"not_picked":["Cleave","Combust"],"picked":"Infernal Blade","floor":0.0},{"not_picked":["Pummel","Perfected Strike"],"picked":"Armaments","floor":0.0},{"not_picked":["Flex","Thunderclap"],"picked":"Feed","floor":1.0},{"not_picked":["Sword Boomerang","Twin Strike","Reckless Charge"],"picked":"SKIP","floor":6.0},{"not_picked":["Searing Blow","Warcry"],"picked":"Inflame","floor":8.0},{"not_picked":["Battle Trance+1","Havoc+1"],"picked":"Flame Barrier+1","floor":11.0},{"not_picked":["Sword Boomerang","Infernal Blade+1"],"picked":"Headbutt","floor":12.0},{"not_picked":["Sword Boomerang","Dark Embrace"],"picked":"Shockwave+1","floor":13.0},{"not_picked":["Exhume+1","Offering+1"],"picked":"Demon Form","floor":16.0},{"not_picked":["Hemokinesis+1","Sword Boomerang","Wild Strike"],"picked":"SKIP","floor":18.0},{"not_picked":["Perfected Strike","Heavy Blade"],"picked":"Shrug It Off+1","floor":20.0},{"not_picked":["Flex+1","Wild Strike","Cleave"],"picked":"SKIP","floor":21.0},{"not_picked":["Flex+1","Clothesline"],"picked":"Shockwave+1","floor":27.0},{"not_picked":["Disarm+1","Pommel Strike"],"picked":"Shrug It Off+1","floor":32.0},{"not_picked":["Exhume+1","Bludgeon"],"picked":"Limit Break+1","floor":33.0},{"not_picked":["Wild Strike","Body Slam","Hemokinesis+1"],"picked":"SKIP","floor":35.0},{"not_picked":["Pummel","Bloodletting+1","Clothesline"],"picked":"SKIP","floor":36.0},{"not_picked":["Dramatic Entrance","Jack Of All Trades+1"],"picked":"Madness+1","floor":38},{"not_picked":["Anger+1","Shrug It Off+1","Havoc+1"],"picked":"SKIP","floor":39},{"not_picked":["Battle Trance+1","Body Slam"],"picked":"Iron Wave+1","floor":41},{"not_picked":["Pummel+1","Intimidate+1"],"picked":"Ghostly Armor+1","floor":44},{"not_picked":["Combust+1","Sever Soul+1","Warcry+1"],"picked":"SKIP","floor":46},{"not_picked":["Dropkick","Twin Strike"],"picked":"Second Wind+1","floor":48},{"not_picked":["Dropkick","Sever Soul"],"picked":"Heavy Blade+1","floor":49}],"player_experience":631057,"relics_obtained":[{"floor":6.0,"key":"Sundial"},{"floor":9.0,"key":"Toxic Egg 2"},{"floor":26.0,"key":"Dream Catcher"},{"floor":29.0,"key":"Self Forming Clay"},{"floor":43,"key":"Frozen Egg 2"}],"event_choices":[{"cards_removed":["Strike_R"],"damage_healed":0.0,"max_hp_gain":0.0,"max_hp_loss":0.0,"gold_gain":0.0,"event_name":"Golden Wing","player_choice":"Card Removal","floor":2.0,"gold_loss":0.0,"damage_taken":7.0},{"damage_healed":0.0,"max_hp_gain":0.0,"max_hp_loss":0.0,"gold_gain":0.0,"event_name":"Living Wall","player_choice":"Grow","floor":3.0,"gold_loss":0.0,"damage_taken":0.0,"cards_upgraded":["Feed"]},{"damage_healed":0.0,"max_hp_gain":0.0,"max_hp_loss":0.0,"gold_gain":0.0,"event_name":"Golden Idol","player_choice":"Ignored","floor":4.0,"gold_loss":0.0,"damage_taken":0.0},{"damage_healed":0.0,"max_hp_gain":0.0,"max_hp_loss":0.0,"gold_gain":0.0,"event_name":"Accursed Blacksmith","player_choice":"Forge","floor":5.0,"gold_loss":0.0,"damage_taken":0.0,"cards_upgraded":["Armaments"]},{"damage_healed":0.0,"max_hp_gain":0.0,"max_hp_loss":0.0,"gold_gain":0.0,"event_name":"Lab","player_choice":"Got Potions","floor":14.0,"gold_loss":0.0,"damage_taken":0.0},{"damage_healed":0.0,"max_hp_gain":0.0,"max_hp_loss":0.0,"gold_gain":0.0,"event_name":"Designer","player_choice":"Upgrade","floor":19.0,"gold_loss":50.0,"damage_taken":0.0,"cards_upgraded":["Demon Form"]},{"cards_removed":["Strike_R"],"damage_healed":0.0,"max_hp_gain":0.0,"max_hp_loss":0.0,"gold_gain":0.0,"event_name":"Bonfire Elementals","player_choice":"Offered Basic","floor":24.0,"gold_loss":0.0,"damage_taken":0.0},{"damage_healed":0.0,"max_hp_gain":0.0,"max_hp_loss":0.0,"gold_gain":0.0,"event_name":"The Library","player_choice":"Read","floor":31.0,"gold_loss":0.0,"damage_taken":0.0,"cards_obtained":["Power Through"]},{"damage_healed":0,"gold_gain":0,"player_choice":"Max HP","damage_taken":0,"max_hp_gain":0,"max_hp_loss":6,"event_name":"Winding Halls","floor":37,"gold_loss":0},{"damage_healed":0,"gold_gain":0,"player_choice":"Memory 1","damage_taken":0,"max_hp_gain":0,"max_hp_loss":0,"event_name":"SensoryStone","floor":38,"gold_loss":0},{"damage_healed":0,"gold_gain":0,"player_choice":"Ignored","damage_taken":0,"max_hp_gain":0,"max_hp_loss":0,"event_name":"Mysterious Sphere","floor":45,"gold_loss":0}],"is_beta":false,"boss_relics":[{"not_picked":["Tiny House","Eternal Feather"],"picked":"Fusion Hammer"},{"not_picked":["White Beast Statue","Runic Cube"],"picked":"Runic Pyramid"}],"items_purged_floors":[30],"is_endless":false,"potions_floor_spawned":[6,11,16,20,21,27,35,36,41,44],"ascension_level":20}