{"gold_per_floor":[210,210,229,229,243,243,258,258,307,332,332,347,363,14,14,14],"floor_reached":16,"playtime":527,"items_purged":["Strike_R"],"score":194,"play_id":"08a56b8d-055d-4a1b-9ce9-4bb646661ce2","local_time":"20190220232824","is_ascension_mode":true,"campfire_choices":[{"data":"Bash","floor":6,"key":"SMITH"},{"data":"Clothesline","floor":8,"key":"SMITH"},{"floor":11,"key":"REST"},{"floor":15,"key":"REST"}],"neow_cost":"NONE","seed_source_timestamp":291648698492162,"circlet_count":0,"master_deck":["AscendersBane","Strike_R","Strike_R","Strike_R","Defend_R","Defend_R","Defend_R","Defend_R","Bash+1","Clothesline+1","Shockwave","Cleave","Barricade","Flame Barrier"],"relics":["Burning Blood","Blood Vial","Omamori","Smiling Mask","Happy Flower"],"potions_floor_usage":[7,16,16],"damage_taken":[{"damage":9,"enemies":"Jaw Worm","floor":1,"turns":4},{"damage":7,"enemies":"Cultist","floor":3,"turns":4},{"damage":11,"enemies":"2 Louse","floor":5,"turns":2},{"damage":10,"enemies":"Gremlin Gang","floor":7,"turns":3},{"damage":48,"enemies":"Gremlin Nob","floor":10,"turns":5},{"damage":21,"enemies":"Exordium Thugs","floor":12,"turns":5},{"damage":24,"enemies":"3 Louse","floor":13,"turns":3},{"damage":41,"enemies":"Slime Boss","floor":16,"turns":11}],"seed_played":"-9057657571401847266","potions_obtained":[{"floor":1,"key":"EssenceOfSteel"},{"floor":3,"key":"Explosive Potion"},{"floor":10,"key":"Swift Potion"}],"is_trial":false,"path_per_floor":["M","?","M","?","M","R","M","R","T","E","R","M","M","$","R","B"],"character_chosen":"IRONCLAD","items_purchased":["Flame Barrier","Happy Flower","FearPotion"],"campfire_rested":2,"item_purchase_floors":[14,14,14],"current_hp_per_floor":[65,65,64,64,61,61,59,59,59,19,41,28,12,12,34,0],"gold":14,"neow_bonus":"HUNDRED_GOLD","is_prod":false,"is_daily":false,"chose_seed":false,"campfire_upgraded":2,"win_rate":0,"timestamp":1550723304,"path_taken":["M","?","?","?","?","R","M","R","T","E","R","M","M","$","R","BOSS"],"build_version":"2019-01-23","purchased_purges":1,"victory":false,"max_hp_per_floor":[75,75,75,75,75,75,75,75,75,75,75,75,75,75,75,75],"card_choices":[{"not_picked":["Thunderclap","Body Slam"],"picked":"Clothesline","floor":1},{"not_picked":["Metallicize","Armaments"],"picked":"Shockwave","floor":3},{"not_picked":["Iron Wave","Clash","Entrench"],"picked":"SKIP","floor":5},{"not_picked":["Pommel Strike","Twin Strike"],"picked":"Cleave","floor":7},{"not_picked":["Thunderclap","Sword Boomerang","Body Slam"],"picked":"SKIP","floor":10},{"not_picked":["Shockwave","Clothesline","Thunderclap"],"picked":"SKIP","floor":12},{"not_picked":["Iron Wave","Flex"],"picked":"Barricade","floor":13}],"player_experience":417531,"relics_obtained":[{"floor":9,"key":"Omamori"},{"floor":10,"key":"Smiling Mask"}],"event_choices":[{"damage_healed":0,"gold_gain":0,"cards_transformed":["Strike_R"],"player_choice":"Transformed","damage_taken":0,"max_hp_gain":0,"max_hp_loss":0,"event_name":"Transmorgrifier","floor":2,"gold_loss":0,"cards_obtained":["Warcry"]},{"cards_removed":["Warcry"],"damage_healed":0,"gold_gain":0,"player_choice":"Gave Card","damage_taken":0,"relics_obtained":["Blood Vial"],"max_hp_gain":0,"max_hp_loss":0,"event_name":"WeMeetAgain","floor":4,"gold_loss":0}],"is_beta":false,"boss_relics":[],"items_purged_floors":[14],"is_endless":false,"potions_floor_spawned":[1,3,5,10],"killed_by":"Slime Boss","ascension_level":18}