{"gold_per_floor":[119,119,131,143,163,163,198,198,225,225,237,237,269,283,283,388,388,404,504,515,515,614,614,644,246,246,262,262,289,303,303,303,405,405,423,523,57,57,72,72,86,415,415,434,488,74,92,102,102,102],"floor_reached":51,"playtime":2818,"items_purged":[],"score":912,"play_id":"204b79a6-f78f-4912-844a-b966944c1c63","local_time":"20181206150654","is_ascension_mode":true,"campfire_choices":[{"data":"Clothesline","floor":6,"key":"SMITH"},{"data":"Immolate","floor":8,"key":"SMITH"},{"data":"Sword Boomerang","floor":10,"key":"SMITH"},{"data":"Feed","floor":15,"key":"SMITH"},{"data":"Sword Boomerang","floor":23,"key":"SMITH"},{"data":"Pommel Strike","floor":32,"key":"SMITH"},{"data":"Heavy Blade","floor":40,"key":"SMITH"},{"data":"Armaments","floor":49,"key":"SMITH"}],"neow_cost":"PERCENT_DAMAGE","seed_source_timestamp":108048725266076,"circlet_count":0,"master_deck":["Defend_R","Defend_R","Defend_R","Defend_R","Bash+1","Immolate+1","Battle Trance+1","Sword Boomerang+1","Clothesline+1","Thunderclap","Sword Boomerang+1","Feed+1","Shrug It Off","Reaper","Shrug It Off+1","Heavy Blade+1","Flex","Impervious","Pommel Strike+1","Ghostly Armor","Headbutt","Bite","Bite","Bite","Bite","Bite","Fiend Fire","Armaments+1","Disarm+1","Inflame+1","Flame Barrier","Armaments+1","Dark Shackles+1","Ghostly Armor+1","Warcry+1","Shrug It Off+1","Limit Break+1","Battle Trance+1","Heavy Blade+1","Inflame+1","Dark Shackles+1","Shrug It Off+1","Headbutt+1"],"relics":["Burning Blood","Bag of Marbles","Happy Flower","Omamori","Snecko Eye","Magic Flower","Ornamental Fan","Singing Bowl","Incense Burner","Blue Candle","Prayer Wheel","Frozen Egg 2","Orrery","Calipers","Toxic Egg 2","Old Coin","Blood Vial","Sundial"],"potions_floor_usage":[24,29,33,42],"damage_taken":[{"damage":1,"enemies":"Jaw Worm","floor":1,"turns":3},{"damage":5,"enemies":"Small Slimes","floor":3,"turns":2},{"damage":1,"enemies":"Cultist","floor":4,"turns":3},{"damage":10,"enemies":"Looter","floor":5,"turns":3},{"damage":15,"enemies":"3 Sentries","floor":7,"turns":4},{"damage":0,"enemies":"Exordium Wildlife","floor":11,"turns":1},{"damage":0,"enemies":"Gremlin Nob","floor":13,"turns":2},{"damage":0,"enemies":"3 Louse","floor":14,"turns":1},{"damage":40,"enemies":"The Guardian","floor":16,"turns":11},{"damage":13,"enemies":"Shell Parasite","floor":18,"turns":4},{"damage":13,"enemies":"Colosseum Slavers","floor":19,"turns":2},{"damage":13,"enemies":"Colosseum Nobs","floor":19,"turns":3},{"damage":0,"enemies":"Spheric Guardian","floor":20,"turns":1},{"damage":14,"enemies":"Slavers","floor":24,"turns":2},{"damage":16,"enemies":"Snake Plant","floor":27,"turns":5},{"damage":28,"enemies":"Book of Stabbing","floor":29,"turns":5},{"damage":1,"enemies":"Snecko","floor":30,"turns":5},{"damage":16,"enemies":"Champ","floor":33,"turns":7},{"damage":4,"enemies":"3 Shapes","floor":35,"turns":2},{"damage":4,"enemies":"Mind Bloom Boss Battle","floor":36,"turns":10},{"damage":0,"enemies":"Orb Walker","floor":39,"turns":3},{"damage":9,"enemies":"Transient","floor":41,"turns":5},{"damage":37,"enemies":"Nemesis","floor":42,"turns":9},{"damage":27,"enemies":"4 Shapes","floor":44,"turns":9},{"damage":9,"enemies":"Jaw Worm Horde","floor":47,"turns":3},{"damage":0,"enemies":"Spire Growth","floor":48,"turns":4},{"damage":85,"enemies":"Awakened One","floor":50,"turns":16}],"seed_played":"-6257488173140792804","potions_obtained":[{"floor":1,"key":"Weak Potion"},{"floor":5,"key":"Poison Potion"},{"floor":13,"key":"Fire Potion"},{"floor":20,"key":"PowerPotion"},{"floor":29,"key":"EssenceOfSteel"},{"floor":33,"key":"Block Potion"}],"is_trial":false,"path_per_floor":["M","?","M","M","M","R","E","R","T","R","M","?","E","M","R","B",null,"M","?","M","?","?","R","E","$","T","M","?","E","M","?","R","B",null,"M","?","$","?","M","R","M","E","T","M","T","$","M","M","R","B",null],"character_chosen":"IRONCLAD","items_purchased":["Strength Potion","Incense Burner","Pommel Strike","Inflame+1","Strength Potion","Flame Barrier","Toxic Egg 2","Armaments+1","Inflame+1","Sundial","Dark Shackles+1"],"campfire_rested":0,"item_purchase_floors":[25,25,25,37,37,37,37,37,46,46,46],"current_hp_per_floor":[61,61,62,67,63,63,54,54,54,54,60,60,66,72,72,42,84,81,77,92,92,92,92,93,93,93,100,100,81,103,78,78,82,90,92,98,98,95,104,104,106,91,91,106,106,106,108,110,110,67],"gold":102,"neow_bonus":"THREE_RARE_CARDS","is_prod":false,"is_daily":false,"chose_seed":false,"campfire_upgraded":8,"win_rate":0,"timestamp":1544126814,"path_taken":["M","?","M","M","M","R","E","R","T","R","M","?","E","M","R","BOSS","M","?","M","?","?","R","E","$","T","?","?","E","M","?","R","BOSS","M","?","$","?","M","R","M","E","T","M","?","?","M","M","R","BOSS"],"build_version":"2018-11-15","purchased_purges":0,"victory":true,"max_hp_per_floor":[80,80,80,80,80,80,80,80,80,80,80,80,80,80,80,84,84,88,92,96,96,96,96,100,100,100,106,106,106,112,78,78,82,90,92,98,98,100,104,104,106,106,106,106,106,106,108,110,110,110],"card_choices":[{"not_picked":["Brutality","Juggernaut"],"picked":"Immolate","floor":0},{"not_picked":["Rupture","Carnage"],"picked":"Battle Trance","floor":1},{"not_picked":["Havoc","Bloodletting"],"picked":"Sword Boomerang","floor":3},{"not_picked":["Seeing Red","Sword Boomerang"],"picked":"Clothesline","floor":4},{"not_picked":["Flex","Anger"],"picked":"Thunderclap","floor":5},{"not_picked":["Flex","Rage","Wild Strike"],"picked":"SKIP","floor":7},{"not_picked":["Rupture","Immolate"],"picked":"Sword Boomerang","floor":11},{"not_picked":["Carnage","Heavy Blade"],"picked":"Feed","floor":13},{"not_picked":["Iron Wave","Spot Weakness"],"picked":"Shrug It Off","floor":14},{"not_picked":["Barricade","Immolate"],"picked":"Reaper","floor":16},{"not_picked":["Carnage","Seeing Red+1"],"picked":"Shrug It Off+1","floor":18},{"not_picked":["Perfected Strike+1","Havoc"],"picked":"Heavy Blade","floor":19},{"not_picked":["Sword Boomerang","Uppercut"],"picked":"Flex","floor":20},{"not_picked":["Blood for Blood","Hemokinesis"],"picked":"Impervious","floor":24},{"not_picked":["Sever Soul","Perfected Strike+1","Entrench+1"],"picked":"Singing Bowl","floor":27},{"not_picked":["Sword Boomerang","Havoc"],"picked":"Ghostly Armor","floor":29},{"not_picked":["Iron Wave+1","Flex+1"],"picked":"Headbutt","floor":30},{"not_picked":["Pommel Strike","Fire Breathing+1","Iron Wave+1"],"picked":"Singing Bowl","floor":30},{"not_picked":["Bludgeon","Immolate"],"picked":"Fiend Fire","floor":33},{"not_picked":["Perfected Strike","Cleave","Thunderclap"],"picked":"Singing Bowl","floor":34},{"not_picked":["Twin Strike","Cleave+1","Flex"],"picked":"Singing Bowl","floor":34},{"not_picked":["Searing Blow+1","Burning Pact+1","Rage+1"],"picked":"Singing Bowl","floor":34},{"not_picked":["Evolve+1","Body Slam","Thunderclap+1"],"picked":"Singing Bowl","floor":34},{"not_picked":["Cleave","Entrench"],"picked":"Armaments","floor":34},{"not_picked":["Intimidate+1","Havoc+1"],"picked":"Disarm+1","floor":35},{"not_picked":["Pommel Strike+1","Havoc+1","Anger"],"picked":"Singing Bowl","floor":35},{"not_picked":["Immolate","Sword Boomerang","Searing Blow+1"],"picked":"Singing Bowl","floor":36},{"not_picked":["Madness+1","Deep Breath+1"],"picked":"Dark Shackles+1","floor":38},{"not_picked":["Purity+1","Flash of Steel","Swift Strike"],"picked":"Singing Bowl","floor":38},{"not_picked":["Rupture+1","Carnage"],"picked":"Ghostly Armor+1","floor":39},{"not_picked":["Cleave","Thunderclap+1"],"picked":"Warcry+1","floor":39},{"not_picked":["Bloodletting+1","Heavy Blade+1"],"picked":"Shrug It Off+1","floor":41},{"not_picked":["Twin Strike","Iron Wave","Second Wind+1"],"picked":"Singing Bowl","floor":41},{"not_picked":["Feel No Pain+1","Power Through+1"],"picked":"Limit Break+1","floor":42},{"not_picked":["Anger+1","True Grit+1"],"picked":"Battle Trance+1","floor":44},{"not_picked":["Anger","Hemokinesis"],"picked":"Heavy Blade+1","floor":44},{"not_picked":["Burning Pact+1","Twin Strike+1","Pommel Strike+1"],"picked":"Singing Bowl","floor":47},{"not_picked":["Metallicize+1","Evolve+1"],"picked":"Shrug It Off+1","floor":47},{"not_picked":["Armaments+1","Perfected Strike","Havoc+1"],"picked":"Singing Bowl","floor":48},{"not_picked":["Wild Strike","Disarm+1"],"picked":"Headbutt+1","floor":48}],"player_experience":285151,"relics_obtained":[{"floor":7,"key":"Bag of Marbles"},{"floor":9,"key":"Happy Flower"},{"floor":13,"key":"Omamori"},{"floor":19,"key":"Magic Flower"},{"floor":19,"key":"Ornamental Fan"},{"floor":24,"key":"Singing Bowl"},{"floor":26,"key":"Blue Candle"},{"floor":29,"key":"Frozen Egg 2"},{"floor":36,"key":"Calipers"},{"floor":42,"key":"Old Coin"},{"floor":45,"key":"Blood Vial"}],"event_choices":[{"damage_healed":0,"gold_gain":0,"player_choice":"Grow","damage_taken":0,"max_hp_gain":0,"max_hp_loss":0,"event_name":"Living Wall","floor":2,"gold_loss":0,"cards_upgraded":["Bash"]},{"damage_healed":0,"gold_gain":0,"player_choice":"Upgraded","damage_taken":0,"max_hp_gain":0,"max_hp_loss":0,"event_name":"Upgrade Shrine","floor":12,"gold_loss":0,"cards_upgraded":["Battle Trance"]},{"damage_healed":0,"gold_gain":0,"player_choice":"Fight","damage_taken":0,"max_hp_gain":0,"max_hp_loss":0,"event_name":"Colosseum","floor":19,"gold_loss":0},{"damage_healed":0,"gold_gain":0,"player_choice":"Fought Nobs","damage_taken":0,"max_hp_gain":0,"max_hp_loss":0,"event_name":"Colosseum","floor":19,"gold_loss":0},{"damage_healed":0,"gold_gain":0,"player_choice":"Ignored","damage_taken":0,"max_hp_gain":0,"max_hp_loss":0,"event_name":"Ghosts","floor":21,"gold_loss":0},{"damage_healed":0,"gold_gain":99,"player_choice":"Stole From Cult","damage_taken":0,"max_hp_gain":0,"max_hp_loss":0,"event_name":"Nest","floor":22,"gold_loss":0},{"damage_healed":0,"gold_gain":0,"player_choice":"Opened","damage_taken":0,"relics_obtained":["Prayer Wheel"],"max_hp_gain":0,"max_hp_loss":0,"event_name":"The Mausoleum","floor":28,"gold_loss":0,"cards_obtained":["Writhe"]},{"damage_healed":0,"gold_gain":0,"player_choice":"Became a vampire","damage_taken":0,"max_hp_gain":0,"max_hp_loss":34,"event_name":"Vampires","floor":31,"gold_loss":0,"cards_obtained":["Bite","Bite","Bite","Bite","Bite"]},{"damage_healed":0,"gold_gain":0,"player_choice":"Fight","damage_taken":0,"max_hp_gain":0,"max_hp_loss":0,"event_name":"MindBloom","floor":36,"gold_loss":0},{"damage_healed":0,"gold_gain":0,"player_choice":"Memory 2","damage_taken":5,"max_hp_gain":0,"max_hp_loss":0,"event_name":"SensoryStone","floor":38,"gold_loss":0}],"is_beta":false,"boss_relics":[{"not_picked":["Tiny House","White Beast Statue"],"picked":"Snecko Eye"},{"not_picked":["Astrolabe","Pandora\u0027s Box"],"picked":"Orrery"}],"items_purged_floors":[],"is_endless":false,"potions_floor_spawned":[1,5,13,20,27,29,33,36,39,41],"ascension_level":1}