{"gold_per_floor":[112,112,132,132,132,165,165,179,179,179,199,199,224,239,239,340,340,357,372,372,386,397,397],"floor_reached":23,"playtime":1676,"items_purged":[],"score":308,"play_id":"7f6e5864-b269-4720-b276-bc97ae681cda","local_time":"20190214142036","is_ascension_mode":true,"campfire_choices":[{"floor":7,"key":"REST"},{"data":"Flying Knee","floor":10,"key":"SMITH"},{"data":"Dagger Spray","floor":12,"key":"SMITH"},{"data":"Dodge and Roll","floor":15,"key":"SMITH"}],"neow_cost":"NONE","seed_source_timestamp":21765048317883,"circlet_count":0,"master_deck":["Defend_G","Defend_G","Defend_G","Defend_G","Defend_G","Strike_G","Strike_G","Strike_G","Strike_G","Survivor","Neutralize+1","Deflect","Dagger Spray+1","Slice","Flying Knee+1","Expertise","Dodge and Roll+1","Endless Agony","Venomology","Caltrops+1","Leg Sweep+1","Poisoned Stab"],"relics":["Ring of the Snake","NeowsBlessing","Mercury Hourglass","Snake Skull","Smiling Mask","Bottled Flame","Black Star"],"potions_floor_usage":[13,14,16,16,19,21,21,22,23,23],"damage_taken":[{"damage":0,"enemies":"Small Slimes","floor":1,"turns":1},{"damage":0,"enemies":"Jaw Worm","floor":3,"turns":1},{"damage":0,"enemies":"Lagavulin","floor":6,"turns":1},{"damage":0,"enemies":"2 Louse","floor":8,"turns":3},{"damage":0,"enemies":"Exordium Wildlife","floor":11,"turns":1},{"damage":6,"enemies":"3 Sentries","floor":13,"turns":4},{"damage":7,"enemies":"Exordium Thugs","floor":14,"turns":3},{"damage":30,"enemies":"Hexaghost","floor":16,"turns":12},{"damage":25,"enemies":"Spheric Guardian","floor":18,"turns":6},{"damage":1,"enemies":"3 Byrds","floor":19,"turns":5},{"damage":34,"enemies":"Snake Plant","floor":21,"turns":5},{"damage":0,"enemies":"Centurion and Healer","floor":22,"turns":10},{"damage":9,"enemies":"Book of Stabbing","floor":23,"turns":1}],"seed_played":"4818728905472142189","potions_obtained":[{"floor":6,"key":"Regen Potion"},{"floor":11,"key":"FearPotion"},{"floor":13,"key":"Swift Potion"},{"floor":14,"key":"Dexterity Potion"},{"floor":16,"key":"Block Potion"},{"floor":19,"key":"Explosive Potion"},{"floor":20,"key":"Energy Potion"}],"is_trial":false,"path_per_floor":["M","?","M","?","?","E","R","M","T","R","M","R","E","M","R","B",null,"M","M","?","M","M","E"],"character_chosen":"THE_SILENT","items_purchased":[],"campfire_rested":1,"item_purchase_floors":[],"current_hp_per_floor":[63,63,63,56,49,49,70,70,70,70,70,70,69,62,62,32,61,36,35,35,1,1,0],"gold":397,"neow_bonus":"THREE_ENEMY_KILL","is_prod":false,"is_daily":false,"chose_seed":false,"campfire_upgraded":3,"win_rate":0,"timestamp":1550146836,"path_taken":["M","?","M","?","?","E","R","?","T","R","M","R","E","M","R","BOSS","M","M","?","?","M","E"],"build_version":"2019-01-23","purchased_purges":0,"victory":false,"max_hp_per_floor":[70,70,70,70,70,70,70,70,70,70,70,70,70,70,70,70,70,70,70,70,70,70,70],"card_choices":[{"not_picked":["Outmaneuver","Distraction"],"picked":"Deflect","floor":1},{"not_picked":["Masterful Stab","Dagger Throw"],"picked":"Dagger Spray","floor":3},{"not_picked":["Sucker Punch","Dodge and Roll"],"picked":"Slice","floor":6},{"not_picked":["Tools of the Trade","Skewer"],"picked":"Flying Knee","floor":8},{"not_picked":["Setup","Tactician"],"picked":"Expertise","floor":11},{"not_picked":["Deflect","Prepared"],"picked":"Dodge and Roll","floor":13},{"not_picked":["PiercingWail","Sucker Punch"],"picked":"Endless Agony","floor":14},{"not_picked":["Grand Finale","Phantasmal Killer"],"picked":"Venomology","floor":16},{"not_picked":["Blade Dance","All Out Attack","PiercingWail"],"picked":"SKIP","floor":18},{"not_picked":["All Out Attack","Prepared"],"picked":"Caltrops+1","floor":19},{"not_picked":["Expertise","Deadly Poison+1"],"picked":"Leg Sweep+1","floor":21},{"not_picked":["Setup","Outmaneuver+1"],"picked":"Poisoned Stab","floor":22}],"player_experience":617001,"relics_obtained":[{"floor":6,"key":"Snake Skull"},{"floor":9,"key":"Smiling Mask"},{"floor":13,"key":"Bottled Flame"}],"event_choices":[{"damage_healed":0,"gold_gain":0,"player_choice":"Grow","damage_taken":0,"max_hp_gain":0,"max_hp_loss":0,"event_name":"Living Wall","floor":2,"gold_loss":0,"cards_upgraded":["Neutralize"]},{"cards_removed":["Strike_G"],"damage_healed":0,"gold_gain":0,"player_choice":"Card Removal","damage_taken":7,"max_hp_gain":0,"max_hp_loss":0,"event_name":"Golden Wing","floor":4,"gold_loss":0},{"damage_healed":0,"gold_gain":0,"player_choice":"Success","damage_taken":7,"relics_obtained":["Mercury Hourglass"],"max_hp_gain":0,"max_hp_loss":0,"event_name":"Scrap Ooze","floor":5,"gold_loss":0},{"damage_healed":0,"gold_gain":0,"player_choice":"Got Potions","damage_taken":0,"max_hp_gain":0,"max_hp_loss":0,"event_name":"Lab","floor":20,"gold_loss":0}],"is_beta":false,"boss_relics":[{"not_picked":["Coffee Dripper","Runic Dome"],"picked":"Black Star"}],"items_purged_floors":[],"is_endless":false,"potions_floor_spawned":[6,11,13,14,16,19],"killed_by":"Book of Stabbing","ascension_level":7}