{"gold_per_floor":[117,117,128,146,157,187,187,201,246,246],"floor_reached":10,"playtime":714,"items_purged":[],"score":70,"play_id":"cf00cd4f-d849-4be0-bfe5-face29621ea2","local_time":"20190517152413","is_ascension_mode":false,"campfire_choices":[{"data":"Crippling Poison","floor":7,"key":"SMITH"}],"neow_cost":"NONE","seed_source_timestamp":53991343068400,"circlet_count":0,"master_deck":["Defend_G","Defend_G","Defend_G","Defend_G","Defend_G","Strike_G","Strike_G","Strike_G","Strike_G","Strike_G","Survivor","Neutralize","Crippling Poison+1","Quick Slash","Skewer","Dagger Throw","All Out Attack","Expertise+1"],"relics":["Ring of the Snake","Ornamental Fan","Toxic Egg 2","Ancient Tea Set"],"potions_floor_usage":[8,10,10],"damage_taken":[{"damage":6,"enemies":"Jaw Worm","floor":1,"turns":7},{"damage":3,"enemies":"Small Slimes","floor":3,"turns":4},{"damage":1,"enemies":"Cultist","floor":4,"turns":4},{"damage":0,"enemies":"Blue Slaver","floor":5,"turns":5},{"damage":47,"enemies":"Lagavulin","floor":6,"turns":10},{"damage":1,"enemies":"Exordium Thugs","floor":8,"turns":3},{"damage":10,"enemies":"3 Sentries","floor":10,"turns":2}],"seed_played":"1046223011521227573","potions_obtained":[{"floor":3,"key":"FearPotion"},{"floor":6,"key":"Energy Potion"},{"floor":8,"key":"GhostInAJar"}],"is_trial":false,"path_per_floor":["M","?","M","M","M","E","R","M","T","E"],"character_chosen":"THE_SILENT","items_purchased":[],"campfire_rested":0,"item_purchase_floors":[],"current_hp_per_floor":[71,59,56,55,55,8,8,7,7,0],"gold":246,"neow_bonus":"TEN_PERCENT_HP_BONUS","is_prod":false,"is_daily":false,"chose_seed":false,"campfire_upgraded":1,"win_rate":0.0,"timestamp":1558121053,"path_taken":["M","?","M","M","M","E","R","M","T","E"],"build_version":"2019-01-23","purchased_purges":0,"victory":false,"max_hp_per_floor":[77,77,77,77,77,77,77,77,77,77],"card_choices":[{"not_picked":["Quick Slash","Flechettes"],"picked":"Crippling Poison","floor":1},{"not_picked":["Tactician","Acrobatics"],"picked":"Quick Slash","floor":3},{"not_picked":["Dagger Spray","Dagger Throw"],"picked":"Skewer","floor":4},{"not_picked":["Tactician","Sucker Punch"],"picked":"Dagger Throw","floor":5},{"not_picked":["Poisoned Stab","Well Laid Plans"],"picked":"All Out Attack","floor":6},{"not_picked":["Poisoned Stab","Doppelganger+1"],"picked":"Expertise+1","floor":8}],"player_experience":8739,"relics_obtained":[{"floor":6,"key":"Toxic Egg 2"},{"floor":9,"key":"Ancient Tea Set"}],"event_choices":[{"damage_healed":0,"gold_gain":0,"player_choice":"Success","damage_taken":12,"relics_obtained":["Ornamental Fan"],"max_hp_gain":0,"max_hp_loss":0,"event_name":"Scrap Ooze","floor":2,"gold_loss":0}],"is_beta":false,"boss_relics":[],"items_purged_floors":[],"is_endless":false,"potions_floor_spawned":[3,6,8],"killed_by":"3 Sentries","ascension_level":0}