{"gold_per_floor":[112,122,47,60,84,84,117,128,152,181,181,199,216,246,246,246],"floor_reached":16,"playtime":565,"items_purged":["Strike_G"],"score":112,"play_id":"6b3c76c1-cef4-4c8a-b834-7dcc45e92437","local_time":"20190413233114","is_ascension_mode":false,"campfire_choices":[{"data":"Neutralize","floor":6,"key":"SMITH"},{"data":"Dagger Throw","floor":11,"key":"SMITH"},{"floor":15,"key":"REST"}],"neow_cost":"NONE","seed_source_timestamp":281964767952782,"circlet_count":0,"master_deck":["Defend_G","Defend_G","Defend_G","Defend_G","Defend_G","Strike_G","Strike_G","Strike_G","Strike_G","Survivor","Neutralize+1","Flying Knee","Well Laid Plans","Dagger Throw+1","Caltrops","Envenom","Dagger Spray","Backflip"],"relics":["Snecko Eye","Tingsha"],"potions_floor_usage":[13],"damage_taken":[{"damage":1,"enemies":"Cultist","floor":1,"turns":3},{"damage":0,"enemies":"2 Louse","floor":2,"turns":3},{"damage":3,"enemies":"Small Slimes","floor":4,"turns":5},{"damage":19,"enemies":"Gremlin Nob","floor":7,"turns":5},{"damage":0,"enemies":"Exordium Wildlife","floor":8,"turns":5},{"damage":30,"enemies":"3 Sentries","floor":10,"turns":8},{"damage":13,"enemies":"3 Louse","floor":12,"turns":4},{"damage":1,"enemies":"Lots of Slimes","floor":13,"turns":3},{"damage":0,"enemies":"Hexaghost","floor":16,"turns":1}],"seed_played":"9187166555869453972","potions_obtained":[{"floor":4,"key":"Swift Potion"},{"floor":8,"key":"Block Potion"},{"floor":12,"key":"Ancient Potion"}],"is_trial":false,"path_per_floor":["M","M","$","M","T","R","E","M","T","E","R","M","M","?","R","B"],"character_chosen":"THE_SILENT","items_purchased":[],"campfire_rested":1,"item_purchase_floors":[],"current_hp_per_floor":[69,69,69,66,66,66,47,47,47,17,17,4,3,3,24,24],"gold":246,"neow_bonus":"BOSS_RELIC","is_prod":false,"is_daily":false,"chose_seed":false,"campfire_upgraded":2,"win_rate":0,"timestamp":1555212674,"path_taken":["M","M","$","?","?","R","E","M","T","E","R","M","M","?","R","BOSS"],"build_version":"2019-01-23","purchased_purges":1,"victory":false,"max_hp_per_floor":[70,70,70,70,70,70,70,70,70,70,70,70,70,70,70,70],"card_choices":[{"not_picked":["Setup","Slice"],"picked":"Flying Knee","floor":1},{"not_picked":["Flying Knee","Prepared","Tactician"],"picked":"SKIP","floor":2},{"not_picked":["Choke","Poisoned Stab"],"picked":"Well Laid Plans","floor":4},{"not_picked":["Storm of Steel","Blade Dance"],"picked":"Dagger Throw","floor":7},{"not_picked":["Quick Slash","Deflect"],"picked":"Caltrops","floor":8},{"not_picked":["Reflex","Riddle With Holes"],"picked":"Envenom","floor":10},{"not_picked":["Setup","Bane"],"picked":"Dagger Spray","floor":12},{"not_picked":["Dagger Throw","Blade Dance"],"picked":"Backflip","floor":13}],"player_experience":566740,"relics_obtained":[{"floor":10,"key":"Tingsha"}],"event_choices":[{"damage_healed":0,"gold_gain":30,"player_choice":"Searched \u00271\u0027 times","damage_taken":0,"max_hp_gain":0,"max_hp_loss":0,"event_name":"Dead Adventurer","floor":14,"gold_loss":0}],"is_beta":false,"boss_relics":[],"items_purged_floors":[3],"is_endless":false,"potions_floor_spawned":[4,8,12,13],"killed_by":"Hexaghost","ascension_level":0}