{"gold_per_floor":[111,111,12,24,35,35,47,47,118,118,118,41,60,10,10,113,113,129,57,57,75,75,75,75,87,87,106,66,66,76,94,94,193,193,205,105,118,134,144,144,164,164,190,208,208,0,0,0,0,0],"floor_reached":51,"playtime":2658,"items_purged":["Strike_G","Strike_G"],"score":639,"play_id":"c9afd596-c4bd-41da-880e-0936bed28f77","local_time":"20190304181154","is_ascension_mode":false,"campfire_choices":[{"data":"Neutralize","floor":6.0,"key":"SMITH"},{"data":"Poisoned Stab","floor":8.0,"key":"SMITH"},{"data":"Cloak And Dagger","floor":10.0,"key":"SMITH"},{"data":"Caltrops","floor":15.0,"key":"SMITH"},{"data":"Well Laid Plans","floor":24.0,"key":"SMITH"},{"data":"After Image","floor":29.0,"key":"SMITH"},{"data":"Leg Sweep","floor":32.0,"key":"SMITH"},{"floor":40.0,"key":"REST"},{"floor":45.0,"key":"REST"},{"data":"Cloak And Dagger","floor":47.0,"key":"SMITH"},{"floor":49.0,"key":"REST"}],"neow_cost":"NONE","seed_source_timestamp":0,"circlet_count":0,"master_deck":["Defend_G","Defend_G","Defend_G","Defend_G","Defend_G","Survivor","Neutralize+1","Poisoned Stab+1","Quick Slash","Caltrops+1","Cloak And Dagger+1","Noxious Fumes+1","Cloak And Dagger+1","After Image+1","PiercingWail+1","Well Laid Plans+1","Backflip","Leg Sweep+1","Backflip","Backstab","Escape Plan+1","Venomology","Deflect+1","Choke","Crippling Poison","Deadly Poison+1","Bandage Up","Panache","Acrobatics+1"],"special_seed":0,"relics":["Lizard Tail","Red Mask"],"potions_floor_usage":[],"damage_taken":[{"damage":7.0,"enemies":"Jaw Worm","floor":1.0,"turns":5.0},{"damage":0.0,"enemies":"Cultist","floor":4.0,"turns":3.0},{"damage":0.0,"enemies":"2 Louse","floor":5.0,"turns":3.0},{"damage":1.0,"enemies":"Exordium Wildlife","floor":7.0,"turns":3.0},{"damage":7.0,"enemies":"Looter","floor":13.0,"turns":2.0},{"damage":14.0,"enemies":"Hexaghost","floor":16.0,"turns":8.0},{"damage":1.0,"enemies":"3 Byrds","floor":18.0,"turns":4.0},{"damage":0.0,"enemies":"Chosen","floor":21.0,"turns":5.0},{"damage":1.0,"enemies":"Snecko","floor":25.0,"turns":8.0},{"damage":3.0,"enemies":"Centurion and Healer","floor":27.0,"turns":12.0},{"damage":3.0,"enemies":"Shelled Parasite and Fungi","floor":30.0,"turns":7.0},{"damage":5.0,"enemies":"Snake Plant","floor":31.0,"turns":5.0},{"damage":40.0,"enemies":"Automaton","floor":33.0,"turns":13.0},{"damage":13.0,"enemies":"Orb Walker","floor":35.0,"turns":6.0},{"damage":25.0,"enemies":"3 Shapes","floor":37.0,"turns":7.0},{"damage":11.0,"enemies":"Maw","floor":38.0,"turns":9.0},{"damage":17.0,"enemies":"Jaw Worm Horde","floor":39.0,"turns":7.0},{"damage":23.0,"enemies":"Spire Growth","floor":41.0,"turns":10.0},{"damage":25.0,"enemies":"4 Shapes","floor":44.0,"turns":9.0},{"damage":61.0,"enemies":"Donu and Deca","floor":50.0,"turns":12.0}],"seed_played":"-7510731982342613577","potions_obtained":[{"floor":1.0,"key":"Swift Potion"},{"floor":5.0,"key":"EssenceOfSteel"},{"floor":7.0,"key":"SteroidPotion"},{"floor":18.0,"key":"PowerPotion"},{"floor":27.0,"key":"GhostInAJar"},{"floor":44.0,"key":"GamblersBrew"}],"is_trial":false,"path_per_floor":["M","?","$","M","M","R","M","R","T","R","?","$","M","?","R","B",null,"M","$","?","M","$","?","R","M","T","M","?","R","M","M","R","B",null,"M","$","M","M","M","R","M","?","T","M","R","?","R","$","R","B",null],"character_chosen":"THE_SILENT","items_purchased":["Quick Slash","Noxious Fumes","Well Laid Plans"],"campfire_rested":3,"item_purchase_floors":[3,12,19],"current_hp_per_floor":[63,68,68,68,68,68,67,67,67,67,67,67,60,60,60,46,75,74,74,74,74,74,74,74,73,73,70,70,70,67,62,62,22,75,62,62,37,26,9,31,8,3,3,21,43,43,43,43,65,8],"gold":0,"neow_bonus":"BOSS_RELIC","is_prod":false,"is_daily":false,"chose_seed":false,"campfire_upgraded":8,"win_rate":0,"timestamp":1551741114,"path_taken":["M","?","$","M","M","R","M","R","T","R","?","$","?","?","R","BOSS","M","$","?","M","$","?","R","?","T","M","?","R","?","M","R","BOSS","M","$","?","M","M","R","M","?","T","M","R","?","R","?","R","BOSS"],"build_version":"2019-01-23","purchased_purges":2,"victory":true,"max_hp_per_floor":[70,75,75,75,75,75,75,75,75,75,75,75,75,75,75,75,75,75,75,75,75,75,75,75,75,75,75,75,75,75,75,75,75,75,75,75,75,75,75,75,75,75,75,75,75,75,75,75,75,75],"card_choices":[{"not_picked":["Catalyst","Dagger Spray"],"picked":"Poisoned Stab","floor":1.0},{"not_picked":["Outmaneuver","Blade Dance"],"picked":"Caltrops","floor":4.0},{"not_picked":["Slice","Infinite Blades","Tactician"],"picked":"SKIP","floor":5.0},{"not_picked":["Expertise","Slice"],"picked":"Cloak And Dagger","floor":7.0},{"not_picked":["Slice","Dagger Throw"],"picked":"Cloak And Dagger","floor":13.0},{"not_picked":["Storm of Steel","Adrenaline"],"picked":"After Image","floor":16.0},{"not_picked":["Sucker Punch","Bouncing Flask"],"picked":"PiercingWail+1","floor":18.0},{"not_picked":["Sucker Punch+1","Masterful Stab+1"],"picked":"Leg Sweep","floor":21.0},{"not_picked":["Bane+1","Slice","PiercingWail+1"],"picked":"SKIP","floor":25.0},{"not_picked":["Outmaneuver","Flying Knee"],"picked":"Backstab","floor":27.0},{"not_picked":["Flechettes","Escape Plan+1","Slice"],"picked":"SKIP","floor":30.0},{"not_picked":["Flechettes","Slice"],"picked":"Escape Plan+1","floor":30.0},{"not_picked":["Phantasmal Killer","Leg Sweep+1","Sucker Punch"],"picked":"SKIP","floor":31.0},{"not_picked":["Unload","Phantasmal Killer"],"picked":"Venomology","floor":33.0},{"not_picked":["Outmaneuver+1","Poisoned Stab"],"picked":"Deflect+1","floor":35.0},{"not_picked":["Sucker Punch","Bane"],"picked":"Choke","floor":37.0},{"not_picked":["Infinite Blades+1","Dagger Spray"],"picked":"Crippling Poison","floor":38.0},{"not_picked":["Dodge and Roll","Backflip","Cloak And Dagger"],"picked":"SKIP","floor":39.0},{"not_picked":["Quick Slash","Slice"],"picked":"Deadly Poison+1","floor":41.0},{"not_picked":["Swift Strike","Jack Of All Trades"],"picked":"Bandage Up","floor":42.0},{"not_picked":["Magnetism","Jack Of All Trades"],"picked":"Panache","floor":42.0},{"not_picked":["Eviscerate","Heel Hook+1"],"picked":"Acrobatics+1","floor":44.0}],"player_experience":446432,"relics_obtained":[],"event_choices":[{"damage_healed":0.0,"max_hp_gain":5.0,"max_hp_loss":0.0,"gold_gain":0.0,"event_name":"Big Fish","player_choice":"Donut","floor":2.0,"gold_loss":0.0,"damage_taken":0.0},{"cards_removed":["Strike_G"],"damage_healed":0.0,"max_hp_gain":0.0,"max_hp_loss":0.0,"gold_gain":0.0,"event_name":"Bonfire Elementals","player_choice":"Offered Basic","floor":11.0,"gold_loss":0.0,"damage_taken":0.0},{"cards_removed":["Strike_G"],"damage_healed":0.0,"max_hp_gain":0.0,"max_hp_loss":0.0,"gold_gain":0.0,"event_name":"The Cleric","player_choice":"Card Removal","floor":14.0,"gold_loss":50.0,"damage_taken":0.0},{"damage_healed":0.0,"max_hp_gain":0.0,"max_hp_loss":0.0,"gold_gain":0.0,"event_name":"The Library","player_choice":"Read","floor":20.0,"gold_loss":0.0,"damage_taken":0.0,"cards_obtained":["Backflip"]},{"damage_healed":0.0,"max_hp_gain":0.0,"max_hp_loss":0.0,"gold_gain":0.0,"cards_transformed":["Strike_G"],"event_name":"Transmorgrifier","player_choice":"Transformed","floor":23.0,"gold_loss":0.0,"damage_taken":0.0,"cards_obtained":["Backflip"]},{"damage_healed":0.0,"max_hp_gain":0.0,"max_hp_loss":0.0,"gold_gain":0.0,"event_name":"Designer","player_choice":"Upgrade","floor":28.0,"gold_loss":40.0,"damage_taken":0.0,"cards_upgraded":["Noxious Fumes"]},{"damage_healed":0.0,"max_hp_gain":0.0,"max_hp_loss":0.0,"gold_gain":0.0,"event_name":"SensoryStone","player_choice":"Memory 2","floor":42.0,"gold_loss":0.0,"damage_taken":5.0},{"damage_healed":0.0,"max_hp_gain":0.0,"max_hp_loss":0.0,"gold_gain":0.0,"event_name":"Tomb of Lord Red Mask","player_choice":"Paid","floor":46.0,"gold_loss":208.0,"damage_taken":0.0,"relics_obtained":["Red Mask"]}],"is_beta":false,"boss_relics":[{"not_picked":["Snecko Eye","Velvet Choker","Busted Crown"]},{"not_picked":["Runic Pyramid","Empty Cage","Black Star"]}],"items_purged_floors":[3,36],"is_endless":false,"potions_floor_spawned":[1,5,7,16,18,21,27,41,44],"ascension_level":0}