{"gold_per_floor":[209,227,177,177,197,231,248,262,262,262,193,219,230,83,83,178,178,188,198,198,208,208,208,208,220,266,266,216,241,253,270,270,270],"floor_reached":33,"playtime":822,"items_purged":[],"score":329,"play_id":"de6f8b48-4e4a-4704-abd1-b0093b3cc75c","local_time":"20190507183545","is_ascension_mode":false,"campfire_choices":[{"data":"Uppercut","floor":15,"key":"SMITH"},{"data":"Flex","floor":23,"key":"SMITH"},{"data":"Perfected Strike","floor":32,"key":"SMITH"}],"neow_cost":"NONE","seed_source_timestamp":918130419600,"circlet_count":0,"master_deck":["Strike_R","Strike_R","Strike_R","Strike_R","Strike_R","Defend_R","Defend_R","Defend_R","Perfected Strike+1","Pommel Strike","Uppercut+1","Wild Strike+1","Dual Wield+1","Thunderclap+1","Flame Barrier+1","Twin Strike","Pommel Strike","Flex+1","Ghostly","Ghostly","Ghostly","Ghostly","Ghostly","Pommel Strike","Writhe","Pommel Strike","Perfected Strike+1"],"relics":["Burning Blood","Self Forming Clay","Question Card","Vajra","Orichalcum","Astrolabe","Happy Flower","Turnip","StoneCalendar"],"potions_floor_usage":[6,31],"damage_taken":[{"damage":1,"enemies":"Cultist","floor":1,"turns":3},{"damage":0,"enemies":"2 Louse","floor":2,"turns":2},{"damage":1,"enemies":"Jaw Worm","floor":5,"turns":2},{"damage":24,"enemies":"Lagavulin","floor":6,"turns":5},{"damage":5,"enemies":"Looter","floor":7,"turns":3},{"damage":11,"enemies":"Red Slaver","floor":8,"turns":4},{"damage":17,"enemies":"Gremlin Nob","floor":12,"turns":4},{"damage":5,"enemies":"3 Louse","floor":13,"turns":3},{"damage":13,"enemies":"Slime Boss","floor":16,"turns":8},{"damage":8,"enemies":"2 Thieves","floor":18,"turns":3},{"damage":11,"enemies":"Shell Parasite","floor":19,"turns":3},{"damage":15,"enemies":"Snake Plant","floor":21,"turns":3},{"damage":0,"enemies":"Snecko","floor":25,"turns":4},{"damage":30,"enemies":"Gremlin Leader","floor":29,"turns":7},{"damage":0,"enemies":"Centurion and Healer","floor":30,"turns":6},{"damage":10,"enemies":"Chosen and Byrds","floor":31,"turns":5},{"damage":34,"enemies":"Automaton","floor":33,"turns":6}],"seed_played":"-555559746696477673","potions_obtained":[{"floor":2,"key":"Ancient Potion"},{"floor":5,"key":"EssenceOfSteel"},{"floor":8,"key":"Swift Potion"},{"floor":12,"key":"Swift Potion"},{"floor":30,"key":"SteroidPotion"}],"is_trial":false,"path_per_floor":["M","M","?","?","M","E","M","M","T","?","$","E","M","$","R","B",null,"M","M","?","M","?","R","?","M","T","?","?","E","M","M","R","B"],"character_chosen":"IRONCLAD","items_purchased":["Inflame","Orichalcum"],"campfire_rested":0,"item_purchase_floors":[11,14],"current_hp_per_floor":[80,80,80,80,80,62,63,58,58,63,63,52,53,53,53,46,80,78,73,73,64,40,40,34,40,40,40,40,16,22,18,18,0],"gold":270,"neow_bonus":"HUNDRED_GOLD","is_prod":false,"is_daily":false,"chose_seed":false,"campfire_upgraded":3,"win_rate":0,"timestamp":1557243345,"path_taken":["M","M","?","?","M","E","M","?","T","?","$","E","?","?","R","BOSS","M","M","?","?","?","R","?","?","T","?","?","E","?","M","R","BOSS"],"build_version":"2019-01-23","purchased_purges":0,"victory":false,"max_hp_per_floor":[80,80,80,80,80,80,80,80,80,80,80,80,80,80,80,80,80,80,80,80,80,40,40,40,40,40,40,40,40,40,40,40,40],"card_choices":[{"not_picked":["Body Slam","Carnage"],"picked":"Thunderclap","floor":1},{"not_picked":["Thunderclap","Reckless Charge"],"picked":"Perfected Strike","floor":2},{"not_picked":["Brutality","Body Slam","True Grit"],"picked":"SKIP","floor":5},{"not_picked":["Entrench","Havoc","True Grit"],"picked":"SKIP","floor":6},{"not_picked":["Sword Boomerang","Perfected Strike"],"picked":"Pommel Strike","floor":7},{"not_picked":["Pommel Strike","Sword Boomerang"],"picked":"Uppercut","floor":8},{"not_picked":["Evolve","Ghostly Armor","Heavy Blade","Bludgeon"],"picked":"SKIP","floor":12},{"not_picked":["Uppercut","Carnage","Cleave"],"picked":"Wild Strike","floor":13},{"not_picked":["Barricade","Berserk","Reaper"],"picked":"Offering","floor":16},{"not_picked":["Iron Wave","Whirlwind","Rage"],"picked":"Twin Strike","floor":18},{"not_picked":["Battle Trance","Havoc","Feel No Pain"],"picked":"Pommel Strike","floor":19},{"not_picked":["Corruption","Warcry","Iron Wave"],"picked":"Flex","floor":21},{"not_picked":["Sword Boomerang","Reaper","Feel No Pain"],"picked":"Pommel Strike","floor":25},{"not_picked":["Thunderclap+1","Havoc","Corruption"],"picked":"Pommel Strike","floor":29},{"not_picked":["Blood for Blood","Havoc","Combust"],"picked":"Perfected Strike","floor":30},{"not_picked":["Clothesline","True Grit","Warcry","Cleave"],"picked":"SKIP","floor":31}],"player_experience":289259,"relics_obtained":[{"floor":6,"key":"Self Forming Clay"},{"floor":9,"key":"Question Card"},{"floor":12,"key":"Vajra"},{"floor":26,"key":"Happy Flower"},{"floor":29,"key":"StoneCalendar"}],"event_choices":[{"cards_removed":["Defend_R"],"damage_healed":0,"gold_gain":0,"player_choice":"Card Removal","damage_taken":0,"max_hp_gain":0,"max_hp_loss":0,"event_name":"The Cleric","floor":3,"gold_loss":50},{"damage_healed":0,"gold_gain":0,"player_choice":"Upgraded","damage_taken":0,"max_hp_gain":0,"max_hp_loss":0,"event_name":"Upgrade Shrine","floor":4,"gold_loss":0,"cards_upgraded":["Perfected Strike"]},{"cards_removed":["Thunderclap"],"damage_healed":5,"gold_gain":0,"player_choice":"Offered Common","damage_taken":0,"max_hp_gain":0,"max_hp_loss":0,"event_name":"Bonfire Elementals","floor":10,"gold_loss":0},{"cards_removed":["Thunderclap"],"damage_healed":5,"gold_gain":0,"player_choice":"Offered Special","damage_taken":0,"max_hp_gain":0,"max_hp_loss":0,"event_name":"Bonfire Elementals","floor":10,"gold_loss":0},{"damage_healed":0,"gold_gain":0,"player_choice":"Upgraded","damage_taken":0,"max_hp_gain":0,"max_hp_loss":0,"event_name":"Upgrade Shrine","floor":20,"gold_loss":0,"cards_upgraded":["Wild Strike"]},{"damage_healed":0,"gold_gain":0,"player_choice":"Became a Ghost","damage_taken":0,"max_hp_gain":0,"max_hp_loss":40,"event_name":"Ghosts","floor":22,"gold_loss":0,"cards_obtained":["Ghostly","Ghostly","Ghostly","Ghostly","Ghostly"]},{"damage_healed":0,"gold_gain":0,"player_choice":"","damage_taken":6,"max_hp_gain":0,"max_hp_loss":0,"event_name":"Knowing Skull","floor":24,"potions_obtained":[],"gold_loss":0,"cards_obtained":[]},{"damage_healed":0,"gold_gain":0,"player_choice":"Opened","damage_taken":0,"relics_obtained":["Turnip"],"max_hp_gain":0,"max_hp_loss":0,"event_name":"The Mausoleum","floor":27,"gold_loss":0,"cards_obtained":["Writhe"]},{"damage_healed":0,"gold_gain":0,"player_choice":"Bet on Murderer","damage_taken":0,"max_hp_gain":0,"max_hp_loss":0,"event_name":"The Joust","floor":28,"gold_loss":50}],"is_beta":false,"boss_relics":[{"not_picked":["Fusion Hammer","Lizard Tail"],"picked":"Astrolabe"}],"items_purged_floors":[],"is_endless":false,"potions_floor_spawned":[2,5,8,12,19,30],"killed_by":"Automaton","ascension_level":0}