{"gold_per_floor":[112,112,37,55,67,67,77,16,16,47,47,73,87,99,99,178,178,192,192,192,206,216,216,78,78,78,78],"floor_reached":27,"playtime":1468,"items_purged":["Strike_B","Strike_B"],"score":373,"play_id":"83bbfb11-3ddb-4765-8b45-7fde5b23eb03","local_time":"20190307011701","is_ascension_mode":true,"campfire_choices":[{"data":"Tempest","floor":6,"key":"SMITH"},{"floor":15,"key":"REST"},{"floor":23,"key":"REST"},{"floor":25,"key":"REST"}],"neow_cost":"NONE","seed_source_timestamp":430924630324478,"circlet_count":0,"master_deck":["AscendersBane","Strike_B","Strike_B","Defend_B","Defend_B","Defend_B","Defend_B","Zap","Dualcast","Tempest+1","Steam","Steam","All For One","Tempest","Rainbow","Defragment","Conserve Battery","Conserve Battery","Self Repair","Defragment"],"relics":["Sozu","Shuriken","Symbiotic Virus","Dream Catcher","Inserter","Nilry\u0027s Codex","Toxic Egg 2"],"potions_floor_usage":[],"damage_taken":[{"damage":0,"enemies":"2 Louse","floor":1,"turns":2},{"damage":13,"enemies":"Jaw Worm","floor":4,"turns":4},{"damage":0,"enemies":"Cultist","floor":5,"turns":3},{"damage":7,"enemies":"Large Slime","floor":7,"turns":5},{"damage":16,"enemies":"3 Sentries","floor":10,"turns":7},{"damage":4,"enemies":"Lots of Slimes","floor":13,"turns":3},{"damage":14,"enemies":"Exordium Thugs","floor":14,"turns":4},{"damage":8,"enemies":"Slime Boss","floor":16,"turns":8},{"damage":2,"enemies":"Chosen","floor":18,"turns":4},{"damage":27,"enemies":"3 Byrds","floor":21,"turns":4},{"damage":43,"enemies":"Shelled Parasite and Fungi","floor":22,"turns":5},{"damage":47,"enemies":"Gremlin Leader","floor":27,"turns":7}],"seed_played":"-3315102125175981911","potions_obtained":[],"is_trial":false,"path_per_floor":["M","?","$","M","M","R","M","?","T","E","$","T","M","M","R","B",null,"M","?","?","M","M","R","$","R","T","E"],"character_chosen":"DEFECT","items_purchased":["Self Repair"],"campfire_rested":3,"item_purchase_floors":[24],"current_hp_per_floor":[64,64,64,51,51,51,44,44,44,28,28,28,24,10,31,23,59,57,36,71,44,1,22,22,43,43,0],"gold":78,"neow_bonus":"BOSS_RELIC","is_prod":false,"is_daily":false,"chose_seed":false,"campfire_upgraded":1,"win_rate":0,"timestamp":1551914221,"path_taken":["M","?","$","M","M","R","M","?","T","E","?","?","M","?","R","BOSS","M","?","?","M","M","R","$","R","T","E"],"build_version":"2019-01-23","purchased_purges":2,"victory":false,"max_hp_per_floor":[71,71,71,71,71,71,71,71,71,71,71,71,71,71,71,71,71,71,71,71,71,71,71,71,71,71,71],"card_choices":[{"not_picked":["Aggregate","Barrage","Turbo"],"picked":"SKIP","floor":1},{"not_picked":["Force Field","Coolheaded"],"picked":"Tempest","floor":4},{"not_picked":["Blizzard","Hologram"],"picked":"Steam","floor":5},{"not_picked":["Turbo","Sweeping Beam"],"picked":"FTL","floor":7},{"not_picked":["Turbo","Force Field"],"picked":"Steam","floor":10},{"not_picked":["Beam Cell","Coolheaded","Force Field"],"picked":"SKIP","floor":13},{"not_picked":["Heatsinks","Rebound"],"picked":"All For One","floor":14},{"not_picked":["Cold Snap","Doom and Gloom"],"picked":"Tempest","floor":15},{"not_picked":["Fission","Thunder Strike"],"picked":"Rainbow","floor":16},{"not_picked":["Turbo","Cold Snap","Compile Driver"],"picked":"SKIP","floor":18},{"not_picked":["Barrage","Gash"],"picked":"Defragment","floor":21},{"not_picked":["Sweeping Beam","Compile Driver"],"picked":"Conserve Battery","floor":22},{"not_picked":["Reprogram","Heatsinks"],"picked":"Conserve Battery","floor":23},{"not_picked":["Go for the Eyes+1","Reinforced Body"],"picked":"Defragment","floor":25}],"player_experience":727986,"relics_obtained":[{"floor":9,"key":"Shuriken"},{"floor":10,"key":"Symbiotic Virus"},{"floor":12,"key":"Dream Catcher"},{"floor":19,"key":"Nilry\u0027s Codex"},{"floor":26,"key":"Toxic Egg 2"}],"event_choices":[{"damage_healed":0,"gold_gain":0,"player_choice":"Ignored","damage_taken":0,"max_hp_gain":0,"max_hp_loss":0,"event_name":"Liars Game","floor":2,"gold_loss":0},{"damage_healed":0,"gold_gain":0,"player_choice":"Left Gold","damage_taken":0,"max_hp_gain":0,"max_hp_loss":0,"event_name":"World of Goop","floor":8,"gold_loss":61},{"damage_healed":0,"gold_gain":0,"player_choice":"Obtained Book","damage_taken":21,"max_hp_gain":0,"max_hp_loss":0,"event_name":"Cursed Tome","floor":19,"gold_loss":0},{"cards_removed":["FTL"],"damage_healed":35,"gold_gain":0,"player_choice":"Offered Uncommon","damage_taken":0,"max_hp_gain":0,"max_hp_loss":0,"event_name":"Bonfire Elementals","floor":20,"gold_loss":0}],"is_beta":false,"boss_relics":[{"not_picked":["Runic Dome","Coffee Dripper"],"picked":"Inserter"}],"items_purged_floors":[3,24],"is_endless":false,"potions_floor_spawned":[1,10,18,21],"killed_by":"Gremlin Leader","ascension_level":15}