{"gold_per_floor":[110,123,123,2,17,17,50,50,50,65,65,77,102,119,119,195,195,205,155,174,5,17,17,17],"floor_reached":24,"playtime":1059,"items_purged":[],"score":406,"play_id":"18c02e47-e1c0-4d09-b861-a59dbfa10c91","local_time":"20190312220637","is_ascension_mode":true,"campfire_choices":[{"data":"Bash","floor":6,"key":"SMITH"},{"floor":11,"key":"REST"},{"data":"Rampage","floor":15,"key":"SMITH"},{"data":"Disarm","floor":23,"key":"SMITH"}],"neow_cost":"NONE","seed_source_timestamp":887400259826967,"circlet_count":0,"master_deck":["AscendersBane","Strike_R","Strike_R","Strike_R","Strike_R","Strike_R","Defend_R","Defend_R","Defend_R","Defend_R","Bash+1","Anger","Headbutt","Ghostly Armor","Hemokinesis","Spot Weakness","Rampage+1","Injury","Heavy Blade","True Grit","Feed","Impervious","Inflame","Disarm+1","Shrug It Off"],"relics":["Burning Blood","Prayer Wheel","FossilizedHelix","Dead Branch","Blue Candle","Sozu","Oddly Smooth Stone"],"potions_floor_usage":[13,16],"damage_taken":[{"damage":15,"enemies":"Small Slimes","floor":1,"turns":5},{"damage":9,"enemies":"2 Louse","floor":2,"turns":2},{"damage":0,"enemies":"Cultist","floor":5,"turns":3},{"damage":28,"enemies":"3 Sentries","floor":7,"turns":10},{"damage":13,"enemies":"Blue Slaver","floor":10,"turns":4},{"damage":10,"enemies":"Gremlin Gang","floor":12,"turns":5},{"damage":11,"enemies":"Gremlin Nob","floor":13,"turns":3},{"damage":22,"enemies":"Exordium Thugs","floor":14,"turns":4},{"damage":24,"enemies":"Hexaghost","floor":16,"turns":7},{"damage":21,"enemies":"Chosen","floor":18,"turns":6},{"damage":14,"enemies":"3 Byrds","floor":20,"turns":5},{"damage":3,"enemies":"Centurion and Healer","floor":22,"turns":5},{"damage":56,"enemies":"Slavers","floor":24,"turns":4}],"seed_played":"-2820418800339670868","potions_obtained":[{"floor":2,"key":"FearPotion"},{"floor":5,"key":"SteroidPotion"}],"is_trial":false,"path_per_floor":["M","M","?","$","M","R","E","?","T","M","R","M","E","M","R","B",null,"M","?","M","$","M","R","E"],"character_chosen":"IRONCLAD","items_purchased":["Ghostly Armor","Hemokinesis","Oddly Smooth Stone"],"campfire_rested":1,"item_purchase_floors":[4,4,21],"current_hp_per_floor":[66,63,52,52,58,58,36,36,36,29,53,52,47,31,31,13,67,52,52,44,44,50,50,0],"gold":17,"neow_bonus":"TEN_PERCENT_HP_BONUS","is_prod":false,"is_daily":false,"chose_seed":false,"campfire_upgraded":3,"win_rate":0,"timestamp":1552442797,"path_taken":["M","M","?","$","M","R","E","?","T","M","R","?","E","M","R","BOSS","M","?","M","$","M","R","E"],"build_version":"2019-01-23","purchased_purges":0,"victory":false,"max_hp_per_floor":[82,82,82,82,82,82,82,82,82,82,82,85,85,85,85,85,85,85,85,85,85,88,88,88],"card_choices":[{"not_picked":["Shrug It Off","Flex"],"picked":"Anger","floor":1},{"not_picked":["Flex","Bloodletting"],"picked":"Headbutt","floor":2},{"not_picked":["Sever Soul","Sword Boomerang"],"picked":"Spot Weakness","floor":5},{"not_picked":["Fire Breathing","Armaments","Body Slam"],"picked":"SKIP","floor":5},{"not_picked":["Power Through","Sword Boomerang"],"picked":"Rampage","floor":7},{"not_picked":["Headbutt","Anger"],"picked":"True Grit","floor":10},{"not_picked":["Reckless Charge","Armaments"],"picked":"Feed","floor":10},{"not_picked":["Dropkick","Perfected Strike","Warcry"],"picked":"SKIP","floor":12},{"not_picked":["Power Through","Clash","Anger"],"picked":"SKIP","floor":12},{"not_picked":["Bludgeon","Thunderclap","Body Slam"],"picked":"SKIP","floor":13},{"not_picked":["Spot Weakness","Wild Strike","Clothesline"],"picked":"SKIP","floor":14},{"not_picked":["Hemokinesis","Anger","Headbutt"],"picked":"SKIP","floor":14},{"not_picked":["Barricade","Demon Form"],"picked":"Impervious","floor":16},{"not_picked":["Headbutt","Havoc"],"picked":"Inflame","floor":18},{"not_picked":["Cleave+1","Rage","Iron Wave"],"picked":"SKIP","floor":18},{"not_picked":["Pommel Strike+1","Rupture"],"picked":"Disarm","floor":20},{"not_picked":["Havoc","Clash"],"picked":"Shrug It Off","floor":20},{"not_picked":["Twin Strike","Seeing Red","Fiend Fire"],"picked":"SKIP","floor":22},{"not_picked":["Entrench","Armaments","Clash"],"picked":"SKIP","floor":22}],"player_experience":474982,"relics_obtained":[{"floor":7,"key":"FossilizedHelix"},{"floor":9,"key":"Dead Branch"},{"floor":13,"key":"Blue Candle"}],"event_choices":[{"damage_healed":0,"gold_gain":0,"player_choice":"Success","damage_taken":11,"relics_obtained":["Prayer Wheel"],"max_hp_gain":0,"max_hp_loss":0,"event_name":"Scrap Ooze","floor":3,"gold_loss":0},{"damage_healed":0,"gold_gain":0,"player_choice":"2 cards matched","damage_taken":0,"max_hp_gain":0,"max_hp_loss":0,"event_name":"Match and Keep!","floor":8,"gold_loss":0,"cards_obtained":["Injury","Heavy Blade"]},{"damage_healed":0,"gold_gain":0,"player_choice":"Bet on Owner","damage_taken":0,"max_hp_gain":0,"max_hp_loss":0,"event_name":"The Joust","floor":19,"gold_loss":50}],"is_beta":false,"boss_relics":[{"not_picked":["Lizard Tail","Tiny House"],"picked":"Sozu"}],"items_purged_floors":[],"is_endless":false,"potions_floor_spawned":[2,5,7,10,20],"killed_by":"Slavers","ascension_level":19}