{"gold_per_floor":[116,18,38,38,38,64,14,49,49,377,394,10,10,24,24,121,121,132,148,183,93,16,16,50,50,50,84,95,115,115,126,126,222,222,236,61,61,161,178,211,211,221,298,325,345,379,379,3,3,3],"floor_reached":51,"playtime":10166,"items_purged":["Regret","Strike_R","Strike_R"],"score":856,"play_id":"5915c333-1cf6-49ae-bf7b-b98ac2295dea","local_time":"20190104035927","is_ascension_mode":true,"campfire_choices":[{"data":"Pommel Strike","floor":15,"key":"SMITH"},{"data":"1","floor":23,"key":"LIFT"},{"data":"Shockwave","floor":25,"key":"SMITH"},{"data":"2","floor":32,"key":"LIFT"},{"floor":41,"key":"REST"},{"data":"3","floor":47,"key":"LIFT"},{"data":"Thinking Ahead","floor":49,"key":"SMITH"}],"neow_cost":"NONE","seed_source_timestamp":114552095937290,"circlet_count":0,"master_deck":["Strike_R","Strike_R","Defend_R","Defend_R","Defend_R","Defend_R","Bash","Headbutt","Rage","Iron Wave","Heavy Blade+1","Pommel Strike+1","Anger","Anger","Thinking Ahead+1","Bloodletting","Combust+1","Reaper","Demon Form+1","Pommel Strike+1","Cleave","Disarm","Shockwave+1","Power Through","Rampage+1","Demon Form+1","Headbutt+1","Rampage+1","Whirlwind+1","Shrug It Off","Heavy Blade","Pommel Strike+1","Master of Strategy"],"relics":["Burning Blood","NeowsBlessing","Thread and Needle","Calipers","Regal Pillow","Girya","Bronze Scales","Frozen Egg 2","Old Coin","Dream Catcher","Velvet Choker","Red Mask","Bag of Marbles","Ice Cream","Letter Opener","Philosopher\u0027s Stone","Unceasing Top","Boot","Pantograph","Darkstone Periapt","Lantern"],"potions_floor_usage":[8,14,20,24,33,33,33,33,40,40,46,50,50,50],"damage_taken":[{"damage":0,"enemies":"Small Slimes","floor":1,"turns":1},{"damage":0,"enemies":"Jaw Worm","floor":3,"turns":1},{"damage":0,"enemies":"Gremlin Nob","floor":6,"turns":1},{"damage":18,"enemies":"3 Sentries","floor":8,"turns":7},{"damage":19,"enemies":"Lagavulin","floor":10,"turns":6},{"damage":5,"enemies":"Cultist","floor":11,"turns":2},{"damage":2,"enemies":"Exordium Thugs","floor":14,"turns":4},{"damage":12,"enemies":"Slime Boss","floor":16,"turns":7},{"damage":15,"enemies":"2 Thieves","floor":18,"turns":3},{"damage":1,"enemies":"3 Byrds","floor":19,"turns":4},{"damage":22,"enemies":"Masked Bandits","floor":20,"turns":5},{"damage":19,"enemies":"Book of Stabbing","floor":24,"turns":5},{"damage":21,"enemies":"Gremlin Leader","floor":27,"turns":4},{"damage":6,"enemies":"Cultist and Chosen","floor":28,"turns":4},{"damage":0,"enemies":"Chosen and Byrds","floor":29,"turns":4},{"damage":0,"enemies":"Sentry and Sphere","floor":31,"turns":3},{"damage":51,"enemies":"Automaton","floor":33,"turns":8},{"damage":4,"enemies":"Orb Walker","floor":35,"turns":2},{"damage":14,"enemies":"Mind Bloom Boss Battle","floor":38,"turns":4},{"damage":19,"enemies":"3 Shapes","floor":39,"turns":2},{"damage":35,"enemies":"Nemesis","floor":40,"turns":5},{"damage":13,"enemies":"Maw","floor":42,"turns":5},{"damage":15,"enemies":"Reptomancer","floor":44,"turns":4},{"damage":0,"enemies":"3 Darklings","floor":45,"turns":1},{"damage":21,"enemies":"Giant Head","floor":46,"turns":7},{"damage":60,"enemies":"Awakened One","floor":50,"turns":8}],"seed_played":"-5601455316579253701","potions_obtained":[{"floor":1,"key":"AttackPotion"},{"floor":8,"key":"GamblersBrew"},{"floor":11,"key":"Regen Potion"},{"floor":19,"key":"EssenceOfSteel"},{"floor":27,"key":"SneckoOil"},{"floor":30,"key":"AttackPotion"},{"floor":30,"key":"Dexterity Potion"},{"floor":30,"key":"EntropicBrew"},{"floor":40,"key":"Regen Potion"},{"floor":44,"key":"Strength Potion"},{"floor":46,"key":"Explosive Potion"}],"is_trial":false,"path_per_floor":["M","$","M","?","T","E","?","E","T","E","M","$","T","M","R","B",null,"M","M","?","?","$","R","E","R","T","E","M","M","?","M","R","B",null,"M","$","?","?","M","E","R","M","T","E","M","E","R","$","R","B",null],"character_chosen":"IRONCLAD","items_purchased":["Rage","Iron Wave","Thinking Ahead","Bloodletting","Combust+1","Disarm","Regen Potion","EssenceOfSteel","Master of Strategy"],"campfire_rested":1,"item_purchase_floors":[2,2,12,12,12,22,36,48,48],"current_hp_per_floor":[80,80,80,80,80,80,80,68,68,55,56,56,56,74,74,72,80,79,80,64,64,64,64,56,56,56,55,62,80,80,80,80,40,80,80,80,76,68,55,47,76,69,69,76,76,76,76,76,76,56],"gold":3,"neow_bonus":"THREE_ENEMY_KILL","is_prod":false,"is_daily":false,"chose_seed":false,"campfire_upgraded":3,"win_rate":0,"timestamp":1546567167,"path_taken":["M","$","M","?","?","E","?","E","T","E","?","?","?","M","R","BOSS","M","M","?","?","$","R","E","R","T","E","M","?","?","M","R","BOSS","M","$","?","?","M","E","R","M","T","E","M","E","R","$","R","BOSS"],"build_version":"2018-12-20","purchased_purges":3,"victory":true,"max_hp_per_floor":[80,80,80,80,80,80,80,80,80,80,80,80,80,80,80,80,80,80,80,80,80,80,80,80,80,80,80,80,80,80,80,80,80,80,80,80,76,76,76,76,76,76,76,76,76,76,76,76,76,76],"card_choices":[{"not_picked":["Spot Weakness","Battle Trance"],"picked":"Headbutt","floor":1},{"not_picked":["Feel No Pain","Disarm"],"picked":"Heavy Blade","floor":3},{"not_picked":["Corruption","Battle Trance"],"picked":"Pommel Strike","floor":6},{"not_picked":["Pommel Strike","Flex"],"picked":"Anger","floor":8},{"not_picked":["Hemokinesis","Heavy Blade"],"picked":"Anger","floor":10},{"not_picked":["Thunderclap","Body Slam","Headbutt"],"picked":"SKIP","floor":11},{"not_picked":["Iron Wave","Flex"],"picked":"Reaper","floor":14},{"not_picked":["Bludgeon","Impervious"],"picked":"Demon Form+1","floor":16},{"not_picked":["Clothesline","Burning Pact"],"picked":"Pommel Strike+1","floor":18},{"not_picked":["Whirlwind","Anger"],"picked":"Cleave","floor":19},{"not_picked":["Warcry+1","Anger"],"picked":"Shockwave","floor":24},{"not_picked":["Perfected Strike","Sword Boomerang","Corruption+1"],"picked":"SKIP","floor":27},{"not_picked":["Armaments","Perfected Strike"],"picked":"Power Through","floor":28},{"not_picked":["Clothesline","Cleave","Thunderclap"],"picked":"SKIP","floor":29},{"not_picked":["Clash","True Grit"],"picked":"Rampage+1","floor":31},{"not_picked":["Feed","Bludgeon"],"picked":"Demon Form+1","floor":33},{"not_picked":["Twin Strike+1","Body Slam+1"],"picked":"Headbutt+1","floor":35},{"not_picked":["Thunderclap+1","Rupture+1"],"picked":"Rampage+1","floor":38},{"not_picked":["Reckless Charge+1","Pummel","Anger"],"picked":"SKIP","floor":39},{"not_picked":["Flex+1","Bloodletting"],"picked":"Whirlwind+1","floor":40},{"not_picked":["Twin Strike+1","Clash+1"],"picked":"Shrug It Off","floor":41},{"not_picked":["Spot Weakness","Iron Wave+1","Twin Strike"],"picked":"SKIP","floor":42},{"not_picked":["Offering","Clothesline+1"],"picked":"Heavy Blade","floor":44},{"not_picked":["Spot Weakness","Fire Breathing+1"],"picked":"Pommel Strike+1","floor":45},{"not_picked":["Flex","Thunderclap","Iron Wave"],"picked":"SKIP","floor":46}],"player_experience":44788,"relics_obtained":[{"floor":5,"key":"Calipers"},{"floor":6,"key":"Regal Pillow"},{"floor":8,"key":"Bronze Scales"},{"floor":9,"key":"Frozen Egg 2"},{"floor":10,"key":"Old Coin"},{"floor":13,"key":"Dream Catcher"},{"floor":20,"key":"Red Mask"},{"floor":24,"key":"Bag of Marbles"},{"floor":26,"key":"Ice Cream"},{"floor":27,"key":"Letter Opener"},{"floor":38,"key":"Unceasing Top"},{"floor":40,"key":"Boot"},{"floor":43,"key":"Pantograph"},{"floor":44,"key":"Darkstone Periapt"},{"floor":46,"key":"Lantern"}],"event_choices":[{"damage_healed":0,"gold_gain":0,"player_choice":"Box","damage_taken":0,"relics_obtained":["Thread and Needle"],"max_hp_gain":0,"max_hp_loss":0,"event_name":"Big Fish","floor":4,"gold_loss":0,"cards_obtained":["Regret"]},{"damage_healed":0,"gold_gain":0,"player_choice":"Paid Gold","damage_taken":0,"relics_obtained":["Girya"],"max_hp_gain":0,"max_hp_loss":0,"event_name":"WeMeetAgain","floor":7,"gold_loss":50},{"damage_healed":0,"gold_gain":0,"player_choice":"Fought Bandits","damage_taken":0,"max_hp_gain":0,"max_hp_loss":0,"event_name":"Masked Bandits","floor":20,"gold_loss":0},{"cards_removed":["Strike_R"],"damage_healed":0,"gold_gain":0,"player_choice":"Upgrade and Remove","damage_taken":0,"max_hp_gain":0,"max_hp_loss":0,"event_name":"Designer","floor":21,"gold_loss":90,"cards_upgraded":["Heavy Blade"]},{"damage_healed":0,"gold_gain":0,"player_choice":"Got Potions","damage_taken":0,"max_hp_gain":0,"max_hp_loss":0,"event_name":"Lab","floor":30,"gold_loss":0},{"damage_healed":0,"gold_gain":0,"player_choice":"Max HP","damage_taken":0,"max_hp_gain":0,"max_hp_loss":4,"event_name":"Winding Halls","floor":37,"gold_loss":0},{"damage_healed":0,"gold_gain":0,"player_choice":"Fight","damage_taken":0,"max_hp_gain":0,"max_hp_loss":0,"event_name":"MindBloom","floor":38,"gold_loss":0}],"is_beta":false,"boss_relics":[{"not_picked":["Black Star","Tiny House"],"picked":"Velvet Choker"},{"not_picked":["Calling Bell","Snecko Eye"],"picked":"Philosopher\u0027s Stone"}],"items_purged_floors":[12,36,48],"is_endless":false,"potions_floor_spawned":[1,8,11,19,27,31,40,44,46],"ascension_level":1}