{"gold_per_floor":[118,138,36,111,125,125,151,151,177,204,217,217,236,50,50,148,148,163,112,211,229,248,280,280],"floor_reached":24,"playtime":1611,"items_purged":["Pain"],"score":271,"play_id":"b5c0994d-dc4c-4bf0-bc96-c08f7492f818","local_time":"20181209064153","is_ascension_mode":true,"campfire_choices":[{"data":"Deadly Poison","floor":6,"key":"SMITH"},{"floor":8,"key":"REST"},{"floor":15,"key":"REST"}],"neow_cost":"CURSE","seed_source_timestamp":163237493526907,"circlet_count":0,"master_deck":["Defend_G","Defend_G","Defend_G","Defend_G","Defend_G","Strike_G","Strike_G","Survivor","Neutralize","Deadly Poison+1","Footwork","Flying Knee","Riddle With Holes","Deadly Poison","Crippling Poison+1","Dash","Quick Slash","Noxious Fumes","Malaise","Setup+1","Phantasmal Killer+1","Eviscerate+1","Dagger Spray","Bane","Cloak And Dagger","All Out Attack+1"],"relics":["Ring of the Snake","Nunchaku","Potion Belt","Anchor","Bag of Preparation","Oddly Smooth Stone","Astrolabe","Juzu Bracelet"],"potions_floor_usage":[10,23,23,23,23],"damage_taken":[{"damage":3,"enemies":"Small Slimes","floor":1,"turns":3},{"damage":2,"enemies":"Jaw Worm","floor":2,"turns":3},{"damage":0,"enemies":"2 Louse","floor":5,"turns":3},{"damage":41,"enemies":"Lagavulin","floor":7,"turns":7},{"damage":30,"enemies":"Gremlin Nob","floor":10,"turns":4},{"damage":0,"enemies":"Red Slaver","floor":11,"turns":4},{"damage":0,"enemies":"3 Louse","floor":13,"turns":3},{"damage":7,"enemies":"Hexaghost","floor":16,"turns":9},{"damage":19,"enemies":"Spheric Guardian","floor":18,"turns":4},{"damage":1,"enemies":"Chosen","floor":21,"turns":6},{"damage":17,"enemies":"Centurion and Healer","floor":22,"turns":5},{"damage":32,"enemies":"Slavers","floor":23,"turns":6},{"damage":7,"enemies":"Sentry and Sphere","floor":24,"turns":3}],"seed_played":"-5749270725582528513","potions_obtained":[{"floor":1,"key":"EssenceOfSteel"},{"floor":11,"key":"EssenceOfSteel"},{"floor":13,"key":"Ancient Potion"},{"floor":16,"key":"Ancient Potion"},{"floor":22,"key":"PowerPotion"}],"is_trial":false,"path_per_floor":["M","M","$","?","M","R","E","R","T","E","M","?","M","$","R","B",null,"M","$","?","M","M","E","M"],"character_chosen":"THE_SILENT","items_purchased":["Flying Knee","Oddly Smooth Stone","Noxious Fumes","Dagger Spray"],"campfire_rested":2,"item_purchase_floors":[3,14,14,19],"current_hp_per_floor":[67,65,65,54,54,54,13,34,34,4,4,4,4,4,25,18,70,51,51,51,50,33,1,0],"gold":280,"neow_bonus":"ONE_RARE_RELIC","is_prod":false,"is_daily":false,"chose_seed":false,"campfire_upgraded":1,"win_rate":0,"timestamp":1544355713,"path_taken":["M","M","$","?","M","R","E","R","T","E","M","?","M","$","R","BOSS","M","$","?","M","M","E","M"],"build_version":"2018-12-06","purchased_purges":1,"victory":false,"max_hp_per_floor":[70,70,70,70,70,70,70,70,70,70,70,70,70,70,70,70,70,70,70,70,70,70,70,70],"card_choices":[{"not_picked":["Flying Knee","Dagger Throw"],"picked":"Deadly Poison","floor":1},{"not_picked":["Outmaneuver","Slice"],"picked":"Footwork","floor":2},{"not_picked":["Blade Dance","Dagger Spray"],"picked":"Riddle With Holes","floor":5},{"not_picked":["Dagger Spray","Storm of Steel"],"picked":"Deadly Poison","floor":7},{"not_picked":["Acrobatics","Masterful Stab"],"picked":"Crippling Poison","floor":10},{"not_picked":["Poisoned Stab","Underhanded Strike"],"picked":"Dash","floor":11},{"not_picked":["Well Laid Plans","Blade Dance"],"picked":"Quick Slash","floor":13},{"not_picked":["Die Die Die","A Thousand Cuts"],"picked":"Malaise","floor":16},{"not_picked":["Slice+1","Concentrate+1","Outmaneuver+1"],"picked":"SKIP","floor":18},{"not_picked":["Outmaneuver","Dodge and Roll"],"picked":"Bane","floor":21},{"not_picked":["Flying Knee","Choke"],"picked":"Cloak And Dagger","floor":22},{"not_picked":["Prepared","Outmaneuver"],"picked":"All Out Attack+1","floor":23}],"player_experience":297181,"relics_obtained":[{"floor":7,"key":"Potion Belt"},{"floor":9,"key":"Anchor"},{"floor":10,"key":"Bag of Preparation"},{"floor":23,"key":"Juzu Bracelet"}],"event_choices":[{"damage_healed":0,"gold_gain":75,"player_choice":"Gather Gold","damage_taken":11,"max_hp_gain":0,"max_hp_loss":0,"event_name":"World of Goop","floor":4,"gold_loss":0},{"damage_healed":0,"gold_gain":0,"player_choice":"Grow","damage_taken":0,"max_hp_gain":0,"max_hp_loss":0,"event_name":"Living Wall","floor":12,"gold_loss":0,"cards_upgraded":["Crippling Poison"]},{"damage_healed":0,"gold_gain":99,"player_choice":"Stole From Cult","damage_taken":0,"max_hp_gain":0,"max_hp_loss":0,"event_name":"Nest","floor":20,"gold_loss":0}],"is_beta":false,"boss_relics":[{"not_picked":["Tiny House","Runic Dome"],"picked":"Astrolabe"}],"items_purged_floors":[3],"is_endless":false,"potions_floor_spawned":[1,11,13,16,22],"killed_by":"Sentry and Sphere","ascension_level":4}