{"gold_per_floor":[114,114,79,98,98,127,127,147,147,162,178,213,388,74,74,169,169,189,206,135,154,167,167,187,213,213,128,128,143,170,52,52,155,155,171,171,171,185,205,205,235,235,235,635,17,50,69,79,79,79],"floor_reached":51,"playtime":4220,"items_purged":["Doubt","Strike_B","Strike_B"],"score":908,"play_id":"00eff888-92ed-4d53-a612-a8f33eb850af","local_time":"20181202130457","is_ascension_mode":true,"campfire_choices":[{"floor":7.0,"key":"REST"},{"data":"Biased Cognition","floor":15.0,"key":"SMITH"},{"floor":23.0,"key":"REST"},{"floor":28.0,"key":"REST"},{"data":"Coolheaded","floor":32.0,"key":"SMITH"},{"data":"Double Energy","floor":40,"key":"SMITH"},{"data":"Coolheaded","floor":42,"key":"SMITH"},{"data":"Loop","floor":49,"key":"SMITH"}],"neow_cost":"PERCENT_DAMAGE","seed_source_timestamp":0,"circlet_count":0,"master_deck":["Strike_B","Defend_B","Defend_B","Defend_B","Defend_B","Zap","Dualcast","Multi-Cast+1","Coolheaded+1","Rebound","Steam","Self Repair","Conserve Battery","Biased Cognition+1","Conserve Battery","Loop+1","Skim","Machine Learning","Doom and Gloom","Cold Snap","Self Repair","Glacier","Hologram","Leap","Coolheaded+1","Leap","Creative AI","Consume+1","Rip and Tear","Sweeping Beam+1","Double Energy+1","Force Field+1","Fusion+1","Redo+1","Fission+1","Coolheaded+1","Leap+1","Ball Lightning","Stack+1","Barrage+1"],"special_seed":0,"relics":["Cracked Core","Pantograph","Bottled Flame","Singing Bowl","The Courier","OrangePellets","Inserter","Regal Pillow","Omamori","Dead Branch","Gambling Chip","Ancient Tea Set","Sozu","Lantern","Toxic Egg 2","Old Coin","Mango","Happy Flower"],"potions_floor_usage":[33,50,50],"damage_taken":[{"damage":7.0,"enemies":"2 Louse","floor":1.0,"turns":2.0},{"damage":7.0,"enemies":"Small Slimes","floor":4.0,"turns":3.0},{"damage":16.0,"enemies":"Gremlin Nob","floor":6.0,"turns":3.0},{"damage":0.0,"enemies":"Cultist","floor":8.0,"turns":2.0},{"damage":7.0,"enemies":"3 Louse","floor":10.0,"turns":4.0},{"damage":2.0,"enemies":"2 Fungi Beasts","floor":11.0,"turns":3.0},{"damage":24.0,"enemies":"3 Sentries","floor":12.0,"turns":5.0},{"damage":19.0,"enemies":"Hexaghost","floor":16.0,"turns":12.0},{"damage":30.0,"enemies":"2 Thieves","floor":18.0,"turns":5.0},{"damage":21.0,"enemies":"Spheric Guardian","floor":19.0,"turns":5.0},{"damage":8.0,"enemies":"Snake Plant","floor":21.0,"turns":3.0},{"damage":26.0,"enemies":"Centurion and Healer","floor":22.0,"turns":9.0},{"damage":20.0,"enemies":"Shelled Parasite and Fungi","floor":24.0,"turns":6.0},{"damage":49.0,"enemies":"Slavers","floor":25.0,"turns":7.0},{"damage":10.0,"enemies":"Snecko","floor":29.0,"turns":5.0},{"damage":13.0,"enemies":"Book of Stabbing","floor":30.0,"turns":8.0},{"damage":33,"enemies":"Collector","floor":33,"turns":8},{"damage":5,"enemies":"3 Shapes","floor":35,"turns":6},{"damage":1,"enemies":"Orb Walker","floor":38,"turns":7},{"damage":17,"enemies":"Maw","floor":39,"turns":14},{"damage":20,"enemies":"Nemesis","floor":41,"turns":15},{"damage":0,"enemies":"Mind Bloom Boss Battle","floor":44,"turns":9},{"damage":0,"enemies":"Giant Head","floor":46,"turns":9},{"damage":12,"enemies":"Jaw Worm Horde","floor":47,"turns":9},{"damage":13,"enemies":"Writhing Mass","floor":48,"turns":12},{"damage":38,"enemies":"Awakened One","floor":50,"turns":33}],"seed_played":"682956478923772342","potions_obtained":[{"floor":4.0,"key":"Fruit Juice"},{"floor":10.0,"key":"PowerPotion"},{"floor":11.0,"key":"FocusPotion"},{"floor":12.0,"key":"FearPotion"},{"floor":21.0,"key":"Poison Potion"},{"floor":24.0,"key":"Ancient Potion"},{"floor":29.0,"key":"AttackPotion"},{"floor":33,"key":"Regen Potion"}],"is_trial":false,"path_per_floor":["M","?","?","M","?","E","R","M","T","M","M","E","?","$","R","B",null,"M","M","?","M","M","R","M","E","T","?","R","M","E","$","R","B",null,"M","?","?","M","M","R","E","R","T","?","$","E","M","M","R","B",null],"character_chosen":"DEFECT","items_purchased":["OrangePellets","Loop","Skim","Leap","Mango","Redo+1","Fission+1","Coolheaded+1","Leap+1","Ball Lightning"],"campfire_rested":3,"item_purchase_floors":[14,14,14,31,45,45,45,45,45,45],"current_hp_per_floor":[47,35,53,46,46,30,52,52,52,52,62,45,45,45,45,58,80,57,43,43,35,23,62,58,23,23,23,62,59,53,53,53,59,82,82,82,82,82,79,79,73,73,73,82,96,96,91,94,94,89],"gold":79,"neow_bonus":"THREE_RARE_CARDS","is_prod":false,"is_daily":false,"chose_seed":false,"campfire_upgraded":5,"win_rate":0,"timestamp":1543773897,"path_taken":["M","?","?","M","?","E","R","M","T","M","M","E","?","$","R","BOSS","M","M","?","M","?","R","M","E","T","?","R","M","E","$","R","BOSS","M","?","?","?","M","R","E","R","T","?","$","E","M","M","R","BOSS"],"build_version":"2018-11-15","purchased_purges":3,"victory":true,"max_hp_per_floor":[75,75,75,75,75,75,75,75,75,75,80,80,80,80,80,80,80,80,80,80,80,80,80,82,82,82,82,82,82,82,82,82,82,82,82,82,82,82,82,82,82,82,82,82,96,96,96,98,98,98],"card_choices":[{"not_picked":["Hyperbeam","Thunder Strike"],"picked":"Multi-Cast","floor":0.0},{"not_picked":["Rebound","Redo"],"picked":"Coolheaded","floor":1.0},{"not_picked":["Reprogram","Force Field"],"picked":"Rebound","floor":4.0},{"not_picked":["Reboot","Gash"],"picked":"Steam","floor":6.0},{"not_picked":["Sweeping Beam","Beam Cell"],"picked":"Self Repair","floor":8.0},{"not_picked":["Genetic Algorithm","Auto Shields"],"picked":"Conserve Battery","floor":10.0},{"not_picked":["Gash","Redo"],"picked":"Biased Cognition","floor":11.0},{"not_picked":["Lockon","Steam"],"picked":"Conserve Battery","floor":12.0},{"not_picked":["All For One","Buffer"],"picked":"Machine Learning","floor":16.0},{"not_picked":["Turbo+1","Auto Shields+1"],"picked":"Doom and Gloom","floor":18.0},{"not_picked":["Stack","Gash+1"],"picked":"Cold Snap","floor":19.0},{"not_picked":["Turbo+1","Aggregate"],"picked":"Self Repair","floor":21.0},{"not_picked":["Reinforced Body","Coolheaded+1"],"picked":"Glacier","floor":22.0},{"not_picked":["Turbo+1","Scrape","Capacitor+1"],"picked":"Singing Bowl","floor":24.0},{"not_picked":["Double Energy","Sweeping Beam"],"picked":"Hologram","floor":25.0},{"not_picked":["Meteor Strike","Reinforced Body+1"],"picked":"Leap","floor":29.0},{"not_picked":["Doom and Gloom+1","Compile Driver"],"picked":"Coolheaded","floor":30.0},{"not_picked":["Thunder Strike","Meteor Strike"],"picked":"Creative AI","floor":33},{"not_picked":["Beam Cell+1","Reinforced Body"],"picked":"Consume+1","floor":35},{"not_picked":["FTL+1","Rebound+1"],"picked":"Sweeping Beam+1","floor":38},{"not_picked":["Rebound+1","Turbo"],"picked":"Double Energy","floor":39},{"not_picked":["Skim","Rebound+1"],"picked":"Force Field+1","floor":41},{"not_picked":["Beam Cell","Lockon+1"],"picked":"Fusion+1","floor":44},{"not_picked":["Redo+1","Machine Learning"],"picked":"Stack+1","floor":46},{"not_picked":["Stack+1","Sweeping Beam"],"picked":"Barrage+1","floor":47},{"not_picked":["Beam Cell+1","Genetic Algorithm+1","Hologram+1"],"picked":"Singing Bowl","floor":48}],"player_experience":271676,"relics_obtained":[{"floor":6.0,"key":"Bottled Flame"},{"floor":9.0,"key":"Singing Bowl"},{"floor":12.0,"key":"The Courier"},{"floor":25.0,"key":"Omamori"},{"floor":26.0,"key":"Dead Branch"},{"floor":30.0,"key":"Ancient Tea Set"},{"floor":41,"key":"Lantern"},{"floor":43,"key":"Toxic Egg 2"},{"floor":44,"key":"Old Coin"},{"floor":46,"key":"Happy Flower"}],"event_choices":[{"damage_healed":0.0,"max_hp_gain":0.0,"max_hp_loss":0.0,"gold_gain":0.0,"event_name":"Scrap Ooze","player_choice":"Success","floor":2.0,"gold_loss":0.0,"damage_taken":12.0,"relics_obtained":["Pantograph"]},{"damage_healed":18.0,"max_hp_gain":0.0,"max_hp_loss":0.0,"gold_gain":0.0,"event_name":"The Cleric","player_choice":"Healed","floor":3.0,"gold_loss":35.0,"damage_taken":0.0},{"damage_healed":0.0,"max_hp_gain":0.0,"max_hp_loss":0.0,"gold_gain":0.0,"event_name":"Living Wall","player_choice":"Grow","floor":5.0,"gold_loss":0.0,"damage_taken":0.0,"cards_upgraded":["Multi-Cast"]},{"damage_healed":0.0,"max_hp_gain":0.0,"max_hp_loss":0.0,"gold_gain":175.0,"event_name":"Liars Game","player_choice":"AGREE","floor":13.0,"gold_loss":0.0,"damage_taken":0.0,"cards_obtained":["Doubt"]},{"damage_healed":0.0,"max_hp_gain":0.0,"max_hp_loss":0.0,"gold_gain":0.0,"event_name":"WeMeetAgain","player_choice":"Paid Gold","floor":20.0,"gold_loss":71.0,"damage_taken":0.0,"relics_obtained":["Regal Pillow"]},{"damage_healed":0.0,"max_hp_gain":0.0,"max_hp_loss":0.0,"gold_gain":0.0,"event_name":"Addict","player_choice":"Obtained Relic","floor":27.0,"gold_loss":85.0,"damage_taken":0.0,"relics_obtained":["Gambling Chip"]},{"damage_healed":0,"gold_gain":0,"player_choice":"Ignored","damage_taken":0,"max_hp_gain":0,"max_hp_loss":0,"event_name":"Tomb of Lord Red Mask","floor":36,"gold_loss":0},{"damage_healed":0,"gold_gain":0,"cards_transformed":["Strike_B"],"player_choice":"Transformed","damage_taken":0,"max_hp_gain":0,"max_hp_loss":0,"event_name":"Transmorgrifier","floor":37,"gold_loss":0,"cards_obtained":["Rip and Tear"]},{"damage_healed":0,"gold_gain":0,"player_choice":"Fight","damage_taken":0,"max_hp_gain":0,"max_hp_loss":0,"event_name":"MindBloom","floor":44,"gold_loss":0}],"is_beta":false,"boss_relics":[{"not_picked":["Runic Dome","Orrery"],"picked":"Inserter"},{"not_picked":["Coffee Dripper","FrozenCore"],"picked":"Sozu"}],"items_purged_floors":[14,31,45],"is_endless":false,"potions_floor_spawned":[4,10,11,12,21,24,29,33,38,48],"ascension_level":2}