{"gold_per_floor":[117,217,237,237,237,270,26,40,64,64,64,90,108,6,6,80,80,95,106,16,36,36,70,70,98,98,0,0,0,0,10,10,81,81,101,101,101,101,51,82,100,120,120,120,120,120,36,49,49,49],"floor_reached":51,"playtime":2957,"items_purged":["Strike_B","Strike_B","Strike_B","Defend_B"],"score":1464,"play_id":"b307c7de-347e-4d7f-a2f7-225ee31bf3fb","local_time":"20190321024311","is_ascension_mode":true,"campfire_choices":[{"data":"Defend_B","floor":11.0,"key":"SMITH"},{"floor":15.0,"key":"REST"},{"floor":24.0,"key":"REST"},{"floor":28.0,"key":"REST"},{"floor":30.0,"key":"REST"},{"floor":32.0,"key":"RECALL"},{"floor":44.0,"key":"REST"},{"floor":46,"key":"REST"},{"floor":49,"key":"REST"}],"neow_cost":"NONE","seed_source_timestamp":487081508426432,"circlet_count":0,"master_deck":["AscendersBane","Defend_B+1","Defend_B","Defend_B","Zap","Dualcast","Fusion+1","Auto Shields","Defragment+1","Electrodynamics+1","Redo","Echo Form+1","Tempest+1","Leap","Self Repair+1","Glacier+1","Conserve Battery","Rainbow","Loop+1","Creative AI+1"],"special_seed":0,"relics":["FrozenCore","NeowsBlessing","Oddly Smooth Stone","PreservedInsect","Regal Pillow","Smiling Mask","Frozen Egg 2","Fusion Hammer","Potion Belt","Boot","Question Card","StoneCalendar","Singing Bowl"],"potions_floor_usage":[50,50],"damage_taken":[{"damage":0.0,"enemies":"Cultist","floor":1.0,"turns":1.0},{"damage":0.0,"enemies":"Small Slimes","floor":3.0,"turns":1.0},{"damage":0.0,"enemies":"Gremlin Nob","floor":6.0,"turns":1.0},{"damage":2.0,"enemies":"2 Louse","floor":8.0,"turns":4.0},{"damage":4.0,"enemies":"3 Sentries","floor":12.0,"turns":5.0},{"damage":12.0,"enemies":"Exordium Wildlife","floor":13.0,"turns":6.0},{"damage":0.0,"enemies":"Slime Boss","floor":16.0,"turns":6.0},{"damage":20.0,"enemies":"2 Thieves","floor":18.0,"turns":3.0},{"damage":0.0,"enemies":"3 Byrds","floor":19.0,"turns":2.0},{"damage":28.0,"enemies":"Shelled Parasite and Fungi","floor":21.0,"turns":6.0},{"damage":20.0,"enemies":"Book of Stabbing","floor":23.0,"turns":5.0},{"damage":33.0,"enemies":"Slavers","floor":25.0,"turns":3.0},{"damage":12.0,"enemies":"Snecko","floor":31.0,"turns":5.0},{"damage":12.0,"enemies":"Collector","floor":33.0,"turns":6.0},{"damage":2.0,"enemies":"Orb Walker","floor":35.0,"turns":5.0},{"damage":27.0,"enemies":"Nemesis","floor":40.0,"turns":9.0},{"damage":0.0,"enemies":"3 Darklings","floor":41.0,"turns":3.0},{"damage":16.0,"enemies":"4 Shapes","floor":42.0,"turns":2.0},{"damage":21,"enemies":"Writhing Mass","floor":48,"turns":7},{"damage":72,"enemies":"Donu and Deca","floor":50,"turns":7}],"seed_played":"-6105588560332855513","potions_obtained":[{"floor":3.0,"key":"AttackPotion"},{"floor":6.0,"key":"Strength Potion"},{"floor":16.0,"key":"Regen Potion"},{"floor":19.0,"key":"Dexterity Potion"},{"floor":25.0,"key":"FearPotion"},{"floor":31.0,"key":"LiquidBronze"},{"floor":35.0,"key":"SkillPotion"},{"floor":42.0,"key":"FocusPotion"},{"floor":48,"key":"Block Potion"}],"is_trial":false,"path_per_floor":["M","?","M","?","?","E","$","M","T","?","R","E","M","$","R","B",null,"M","M","$","M","$","E","R","E","T","?","R","?","R","M","R","B",null,"M","?","T","?","$","E","M","M","T","R","?","R","$","M","R","B",null],"character_chosen":"DEFECT","items_purchased":["Regal Pillow","Redo","Self Repair+1","Creative AI+1"],"campfire_rested":7,"item_purchase_floors":[7,14,20,47],"current_hp_per_floor":[64,64,64,69,58,58,58,56,56,56,56,52,40,40,76,76,76,56,56,56,60,60,60,76,43,43,43,76,54,81,81,81,81,81,81,81,81,81,81,64,74,58,58,81,81,81,81,72,83,21],"gold":49,"neow_bonus":"THREE_ENEMY_KILL","is_prod":false,"is_daily":false,"chose_seed":false,"campfire_upgraded":1,"win_rate":0,"timestamp":1553128991,"path_taken":["M","?","?","?","?","E","?","M","T","?","R","E","M","$","R","BOSS","M","M","$","M","$","E","R","E","T","?","R","?","R","M","R","BOSS","M","?","?","?","$","E","?","M","T","R","?","R","$","M","R","BOSS"],"build_version":"2019-01-23","purchased_purges":4,"victory":true,"max_hp_per_floor":[71,71,71,76,76,76,76,76,76,76,76,76,76,76,76,76,76,76,76,76,76,76,76,76,76,76,76,76,81,81,81,81,81,81,81,81,81,81,81,81,81,81,81,81,81,81,81,83,83,83],"card_choices":[{"not_picked":["Leap","Recycle"],"picked":"Fusion","floor":1.0},{"not_picked":["Recycle","Coolheaded","Steam Power"],"picked":"SKIP","floor":3.0},{"not_picked":["Go for the Eyes","Double Energy","Capacitor"],"picked":"SKIP","floor":6.0},{"not_picked":["Gash","Defragment"],"picked":"Auto Shields","floor":8.0},{"not_picked":["Cold Snap","Auto Shields"],"picked":"Defragment","floor":12.0},{"not_picked":["Steam","Melter"],"picked":"Electrodynamics+1","floor":13.0},{"not_picked":["All For One","Multi-Cast"],"picked":"Echo Form+1","floor":16.0},{"not_picked":["Steam","Coolheaded"],"picked":"Tempest+1","floor":18.0},{"not_picked":["Go for the Eyes","Beam Cell"],"picked":"Leap","floor":19.0},{"not_picked":["Go for the Eyes","Barrage","Steam"],"picked":"SKIP","floor":21.0},{"not_picked":["Meteor Strike","Steam","Gash"],"picked":"SKIP","floor":23.0},{"not_picked":["Conserve Battery+1","Reprogram+1"],"picked":"Glacier+1","floor":25.0},{"not_picked":["Rebound","Redo+1","Gash"],"picked":"Conserve Battery","floor":31.0},{"not_picked":["Hyperbeam","Amplify","All For One"],"picked":"Rainbow","floor":33.0},{"not_picked":["Go for the Eyes","Scrape","Glacier","Barrage+1"],"picked":"SKIP","floor":35.0},{"not_picked":["Steam","Heatsinks+1","Amplify"],"picked":"Loop+1","floor":40.0},{"not_picked":["Steam Power","Lockon","Stack+1","Compile Driver"],"picked":"SKIP","floor":41.0},{"not_picked":["Hologram","Streamline","Beam Cell","Doom and Gloom+1"],"picked":"SKIP","floor":42.0},{"not_picked":["Seek","Steam","Glacier+1","Lockon"],"picked":"Singing Bowl","floor":48}],"player_experience":759856,"relics_obtained":[{"floor":6.0,"key":"PreservedInsect"},{"floor":9.0,"key":"Smiling Mask"},{"floor":12.0,"key":"Frozen Egg 2"},{"floor":23.0,"key":"Potion Belt"},{"floor":25.0,"key":"Boot"},{"floor":26.0,"key":"Question Card"},{"floor":40.0,"key":"StoneCalendar"},{"floor":43.0,"key":"Singing Bowl"}],"event_choices":[{"damage_healed":0.0,"max_hp_gain":0.0,"max_hp_loss":0.0,"gold_gain":100.0,"event_name":"Wheel of Change","player_choice":"Gold","floor":2.0,"gold_loss":0.0,"damage_taken":0.0},{"damage_healed":0.0,"max_hp_gain":5.0,"max_hp_loss":0.0,"gold_gain":0.0,"event_name":"Big Fish","player_choice":"Donut","floor":4.0,"gold_loss":0.0,"damage_taken":0.0},{"damage_healed":0.0,"max_hp_gain":0.0,"max_hp_loss":0.0,"gold_gain":0.0,"event_name":"Scrap Ooze","player_choice":"Success","floor":5.0,"gold_loss":0.0,"damage_taken":11.0,"relics_obtained":["Oddly Smooth Stone"]},{"damage_healed":0.0,"max_hp_gain":0.0,"max_hp_loss":0.0,"gold_gain":0.0,"event_name":"Living Wall","player_choice":"Grow","floor":10.0,"gold_loss":0.0,"damage_taken":0.0,"cards_upgraded":["Fusion"]},{"damage_healed":0.0,"max_hp_gain":0.0,"max_hp_loss":0.0,"gold_gain":0.0,"event_name":"Masked Bandits","player_choice":"Paid Fearfully","floor":27.0,"gold_loss":98.0,"damage_taken":0.0},{"damage_healed":0.0,"max_hp_gain":5.0,"max_hp_loss":0.0,"gold_gain":0.0,"event_name":"Forgotten Altar","player_choice":"Shed Blood","floor":29.0,"gold_loss":0.0,"damage_taken":27.0},{"cards_removed":["Strike_B"],"damage_healed":0.0,"max_hp_gain":0.0,"max_hp_loss":0.0,"gold_gain":0.0,"event_name":"Falling","player_choice":"Removed Attack","floor":36.0,"gold_loss":0.0,"damage_taken":0.0},{"damage_healed":0.0,"max_hp_gain":0.0,"max_hp_loss":0.0,"gold_gain":0.0,"event_name":"Mysterious Sphere","player_choice":"Ignored","floor":38.0,"gold_loss":0.0,"damage_taken":0.0},{"damage_healed":0,"gold_gain":0,"player_choice":"Ignored","damage_taken":0,"max_hp_gain":0,"max_hp_loss":0,"event_name":"Tomb of Lord Red Mask","floor":45,"gold_loss":0}],"is_beta":false,"boss_relics":[{"not_picked":["Busted Crown","Tiny House"],"picked":"Fusion Hammer"},{"not_picked":["Philosopher\u0027s Stone","Runic Dome"],"picked":"FrozenCore"}],"items_purged_floors":[7,14,20,39],"is_endless":false,"potions_floor_spawned":[3,6,16,19,25,31,35,42,48],"ascension_level":16}