{"gold_per_floor":[214,225,225,175,100,161,161,61,61,76,76,89,117,134,134,134],"floor_reached":16,"playtime":333,"items_purged":["Defend_R","Defend_R"],"score":100,"play_id":"a1098755-aaa8-4c58-a6bd-087716bc94b4","local_time":"20190310221406","is_ascension_mode":false,"campfire_choices":[{"data":"Bash","floor":7,"key":"SMITH"},{"floor":15,"key":"REST"}],"neow_cost":"NONE","seed_source_timestamp":715767886696616,"circlet_count":0,"master_deck":["Strike_R","Strike_R","Strike_R","Strike_R","Defend_R","Defend_R","Bash+1","Flame Barrier"],"relics":["Burning Blood","Tiny Chest","Mercury Hourglass","Bronze Scales","Odd Mushroom"],"potions_floor_usage":[16],"damage_taken":[{"damage":0,"enemies":"Small Slimes","floor":1,"turns":4},{"damage":2,"enemies":"2 Louse","floor":2,"turns":3},{"damage":28,"enemies":"Gremlin Nob","floor":6,"turns":4},{"damage":6,"enemies":"Jaw Worm","floor":10,"turns":2},{"damage":6,"enemies":"2 Fungi Beasts","floor":12,"turns":3},{"damage":33,"enemies":"The Mushroom Lair","floor":13,"turns":3},{"damage":13,"enemies":"Exordium Wildlife","floor":14,"turns":4},{"damage":48,"enemies":"Slime Boss","floor":16,"turns":8}],"seed_played":"-5511410779547435586","potions_obtained":[{"floor":1,"key":"Dexterity Potion"},{"floor":14,"key":"Weak Potion"}],"is_trial":false,"path_per_floor":["M","M","?","?","$","E","R","$","T","M","?","M","?","M","R","B"],"character_chosen":"IRONCLAD","items_purchased":[],"campfire_rested":1,"item_purchase_floors":[],"current_hp_per_floor":[80,80,80,80,80,58,58,58,58,58,58,58,31,24,48,0],"gold":134,"neow_bonus":"HUNDRED_GOLD","is_prod":false,"is_daily":false,"chose_seed":false,"campfire_upgraded":1,"win_rate":0,"timestamp":1552270446,"path_taken":["M","M","?","?","$","E","R","$","T","M","?","M","?","M","R","BOSS"],"build_version":"2019-01-23","purchased_purges":2,"victory":false,"max_hp_per_floor":[80,80,80,80,80,80,80,80,80,80,80,80,80,80,80,80],"card_choices":[{"not_picked":["Seeing Red","Thunderclap","Armaments"],"picked":"SKIP","floor":1},{"not_picked":["Burning Pact","Armaments","Clothesline"],"picked":"SKIP","floor":2},{"not_picked":["Perfected Strike","Carnage","Havoc"],"picked":"SKIP","floor":6},{"not_picked":["Twin Strike","Body Slam","Cleave"],"picked":"SKIP","floor":10},{"not_picked":["Ghostly Armor","Twin Strike","Wild Strike"],"picked":"SKIP","floor":12},{"not_picked":["Metallicize","Inflame","Flame Barrier"],"picked":"SKIP","floor":14},{"not_picked":["Metallicize","Inflame"],"picked":"Flame Barrier","floor":14}],"player_experience":467624,"relics_obtained":[{"floor":6,"key":"Tiny Chest"},{"floor":9,"key":"Mercury Hourglass"},{"floor":13,"key":"Odd Mushroom"}],"event_choices":[{"damage_healed":0,"gold_gain":0,"player_choice":"Ignored","damage_taken":0,"max_hp_gain":0,"max_hp_loss":0,"event_name":"Liars Game","floor":3,"gold_loss":0},{"cards_removed":["Strike_R"],"damage_healed":0,"gold_gain":0,"player_choice":"Card Removal","damage_taken":0,"max_hp_gain":0,"max_hp_loss":0,"event_name":"The Cleric","floor":4,"gold_loss":50},{"damage_healed":0,"gold_gain":0,"player_choice":"Searched \u00271\u0027 times","damage_taken":0,"relics_obtained":["Bronze Scales"],"max_hp_gain":0,"max_hp_loss":0,"event_name":"Dead Adventurer","floor":11,"gold_loss":0},{"damage_healed":0,"gold_gain":0,"player_choice":"Fought Mushrooms","damage_taken":0,"max_hp_gain":0,"max_hp_loss":0,"event_name":"Mushrooms","floor":13,"gold_loss":0}],"is_beta":false,"boss_relics":[],"items_purged_floors":[5,8],"is_endless":false,"potions_floor_spawned":[1,2,14],"killed_by":"Slime Boss","ascension_level":0}