{"gold_per_floor":[17,28,28,38,3,3,13,23,69,96,96,111,111,126,126,230,230,219,229,244,159,172,172,185,213,213,138,48,75,87,111,123,240,252,277,300,45,58,78,111,127,152,152,152,168,184,195,205,205,205],"floor_reached":51,"playtime":6672,"items_purged":["Strike_G"],"score":784,"play_id":"3bc70ce0-2ee7-4aaa-a2e3-2a78eab6f70f","local_time":"20190519205257","is_ascension_mode":false,"campfire_choices":[{"data":"Venomology","floor":11,"key":"SMITH"},{"data":"Neutralize","floor":13,"key":"SMITH"},{"floor":15,"key":"REST"},{"floor":23,"key":"REST"},{"data":"After Image","floor":30,"key":"SMITH"},{"floor":32,"key":"REST"},{"floor":44,"key":"REST"},{"floor":49,"key":"REST"}],"neow_cost":"NO_GOLD","seed_source_timestamp":261132401559928,"circlet_count":0,"master_deck":["Defend_G+1","Defend_G","Defend_G","Defend_G","Strike_G+1","Strike_G+1","Strike_G+1","Survivor","Neutralize+1","Expertise+1","Heel Hook","Outmaneuver","Outmaneuver","Venomology+1","Flying Knee","Flying Knee","After Image+1","Venomology","Flying Knee+1","Sucker Punch+1"],"relics":["Ring of the Snake","Unceasing Top","PreservedInsect","Dodecahedron","Busted Crown","Bronze Scales","Whetstone","Blood Vial","MawBank","Black Star","TheAbacus","Molten Egg 2","Pear","Art of War","Turnip","FossilizedHelix"],"potions_floor_usage":[6,8,10,12,14,16,16,18,20,20,22,22,25,29,29,29,31,33,33,33,33,36,36,38,38,39,39,39,40,40,40,41,42,45,45,45,45,46,47,48,48,48,50,50,50,50,50],"damage_taken":[{"damage":0,"enemies":"Small Slimes","floor":1,"turns":8},{"damage":0,"enemies":"2 Louse","floor":2,"turns":4},{"damage":0,"enemies":"Cultist","floor":4,"turns":4},{"damage":2,"enemies":"2 Fungi Beasts","floor":7,"turns":3},{"damage":9,"enemies":"Large Slime","floor":8,"turns":10},{"damage":10,"enemies":"Lagavulin","floor":10,"turns":10},{"damage":12,"enemies":"Lots of Slimes","floor":12,"turns":3},{"damage":0,"enemies":"Red Slaver","floor":14,"turns":4},{"damage":48,"enemies":"The Guardian","floor":16,"turns":16},{"damage":13,"enemies":"2 Thieves","floor":18,"turns":4},{"damage":7,"enemies":"Spheric Guardian","floor":19,"turns":6},{"damage":1,"enemies":"Centurion and Healer","floor":20,"turns":9},{"damage":30,"enemies":"Cultist and Chosen","floor":22,"turns":10},{"damage":7,"enemies":"Shelled Parasite and Fungi","floor":24,"turns":5},{"damage":7,"enemies":"Book of Stabbing","floor":25,"turns":5},{"damage":0,"enemies":"Gremlin Leader","floor":29,"turns":5},{"damage":0,"enemies":"3 Cultists","floor":31,"turns":5},{"damage":38,"enemies":"Automaton","floor":33,"turns":13},{"damage":0,"enemies":"Orb Walker","floor":35,"turns":3},{"damage":0,"enemies":"3 Darklings","floor":36,"turns":5},{"damage":0,"enemies":"Writhing Mass","floor":38,"turns":8},{"damage":0,"enemies":"Spire Growth","floor":39,"turns":4},{"damage":68,"enemies":"Nemesis","floor":40,"turns":11},{"damage":19,"enemies":"Jaw Worm Horde","floor":41,"turns":7},{"damage":0,"enemies":"Reptomancer","floor":42,"turns":8},{"damage":0,"enemies":"Transient","floor":45,"turns":5},{"damage":8,"enemies":"3 Darklings","floor":46,"turns":8},{"damage":0,"enemies":"4 Shapes","floor":47,"turns":8},{"damage":0,"enemies":"Spire Growth","floor":48,"turns":5},{"damage":23,"enemies":"Awakened One","floor":50,"turns":19}],"seed_played":"8677560989596043786","potions_obtained":[{"floor":1,"key":"SpeedPotion"},{"floor":6,"key":"Fruit Juice"},{"floor":6,"key":"Block Potion"},{"floor":6,"key":"GhostInAJar"},{"floor":10,"key":"SpeedPotion"},{"floor":19,"key":"Swift Potion"},{"floor":24,"key":"Swift Potion"},{"floor":31,"key":"Fire Potion"},{"floor":42,"key":"EssenceOfSteel"},{"floor":45,"key":"GamblersBrew"},{"floor":47,"key":"AttackPotion"},{"floor":48,"key":"Explosive Potion"}],"is_trial":false,"path_per_floor":["M","M","?","M","?","?","M","M","T","E","R","M","R","M","R","B",null,"M","M","M","?","M","R","M","E","T","?","?","E","R","M","R","B",null,"M","M","$","M","M","E","M","E","T","R","M","M","M","M","R","B",null],"character_chosen":"THE_SILENT","items_purchased":["TheAbacus"],"campfire_rested":5,"item_purchase_floors":[37],"current_hp_per_floor":[70,70,56,56,70,75,73,64,64,54,54,42,42,42,64,16,75,62,55,54,54,24,46,39,32,32,32,32,34,34,36,58,22,75,75,75,75,75,75,17,8,10,10,35,52,46,48,50,75,54],"gold":205,"neow_bonus":"ONE_RARE_RELIC","is_prod":false,"is_daily":false,"chose_seed":false,"campfire_upgraded":3,"win_rate":0,"timestamp":1558313577,"path_taken":["M","M","?","M","?","?","M","M","T","E","R","M","R","M","R","BOSS","M","M","?","?","M","R","M","E","T","?","?","E","R","M","R","BOSS","M","?","?","M","M","E","M","E","T","R","?","M","M","M","R","BOSS"],"build_version":"2019-01-23","purchased_purges":1,"victory":true,"max_hp_per_floor":[70,70,70,70,70,75,75,75,75,75,75,75,75,75,75,75,75,75,75,75,75,75,75,75,75,75,75,75,75,75,75,75,75,75,75,75,75,75,75,85,85,85,85,85,85,85,85,85,85,85],"card_choices":[{"not_picked":["Dodge and Roll","Quick Slash"],"picked":"Expertise","floor":1},{"not_picked":["Deadly Poison","Noxious Fumes"],"picked":"Heel Hook","floor":2},{"not_picked":["Bane","Crippling Poison"],"picked":"Outmaneuver","floor":4},{"not_picked":["Noxious Fumes","Prepared","Endless Agony"],"picked":"SKIP","floor":7},{"not_picked":["Terror","Slice"],"picked":"Outmaneuver","floor":8},{"not_picked":["Deadly Poison","Poisoned Stab"],"picked":"Venomology","floor":10},{"not_picked":["Underhanded Strike","Slice"],"picked":"Flying Knee","floor":12},{"not_picked":["Acrobatics","Dagger Spray"],"picked":"Flying Knee","floor":14},{"not_picked":["Die Die Die","Tools of the Trade"],"picked":"After Image","floor":16},{"not_picked":["Dodge and Roll"],"picked":"SKIP","floor":18},{"not_picked":["Dagger Throw+1"],"picked":"SKIP","floor":19},{"not_picked":["Cloak And Dagger"],"picked":"SKIP","floor":20},{"not_picked":["Blade Dance"],"picked":"SKIP","floor":22},{"not_picked":["Deflect"],"picked":"SKIP","floor":24},{"not_picked":[],"picked":"Venomology","floor":25},{"not_picked":["Well Laid Plans"],"picked":"SKIP","floor":29},{"not_picked":["Distraction"],"picked":"SKIP","floor":31},{"not_picked":["Blade Dance"],"picked":"SKIP","floor":35},{"not_picked":["PiercingWail"],"picked":"SKIP","floor":36},{"not_picked":["PiercingWail"],"picked":"SKIP","floor":38},{"not_picked":["Dagger Throw"],"picked":"SKIP","floor":39},{"not_picked":["Deadly Poison+1"],"picked":"SKIP","floor":40},{"not_picked":["PiercingWail+1"],"picked":"SKIP","floor":41},{"not_picked":["PiercingWail+1"],"picked":"SKIP","floor":42},{"not_picked":["PiercingWail+1"],"picked":"SKIP","floor":45},{"not_picked":[],"picked":"Flying Knee+1","floor":46},{"not_picked":[],"picked":"Sucker Punch+1","floor":47},{"not_picked":["Bouncing Flask+1"],"picked":"SKIP","floor":48}],"player_experience":270527,"relics_obtained":[{"floor":9,"key":"PreservedInsect"},{"floor":10,"key":"Dodecahedron"},{"floor":25,"key":"Whetstone"},{"floor":26,"key":"Blood Vial"},{"floor":29,"key":"MawBank"},{"floor":40,"key":"Molten Egg 2"},{"floor":40,"key":"Pear"},{"floor":42,"key":"Art of War"},{"floor":42,"key":"Turnip"},{"floor":43,"key":"FossilizedHelix"}],"event_choices":[{"damage_healed":0,"gold_gain":0,"player_choice":"Entered Light","damage_taken":14,"max_hp_gain":0,"max_hp_loss":0,"event_name":"Shining Light","floor":3,"gold_loss":0,"cards_upgraded":["Strike_G","Defend_G"]},{"damage_healed":17,"gold_gain":0,"player_choice":"Healed","damage_taken":0,"max_hp_gain":0,"max_hp_loss":0,"event_name":"The Cleric","floor":5,"gold_loss":35},{"damage_healed":0,"gold_gain":0,"player_choice":"Got Potions","damage_taken":0,"max_hp_gain":0,"max_hp_loss":0,"event_name":"Lab","floor":6,"gold_loss":0},{"damage_healed":0,"gold_gain":0,"player_choice":"Obtained Relic","damage_taken":0,"relics_obtained":["Bronze Scales"],"max_hp_gain":0,"max_hp_loss":0,"event_name":"Addict","floor":21,"gold_loss":85},{"cards_removed":["Strike_G"],"damage_healed":0,"gold_gain":0,"player_choice":"Gave Gold","damage_taken":0,"max_hp_gain":0,"max_hp_loss":0,"event_name":"Beggar","floor":27,"gold_loss":75},{"cards_removed":["Defend_G"],"damage_healed":0,"gold_gain":0,"player_choice":"Upgrade and Remove","damage_taken":0,"max_hp_gain":0,"max_hp_loss":0,"event_name":"Designer","floor":28,"gold_loss":90,"cards_upgraded":["Expertise"]}],"is_beta":false,"boss_relics":[{"not_picked":["Calling Bell","Coffee Dripper"],"picked":"Busted Crown"},{"not_picked":["Runic Pyramid","Pandora\u0027s Box"],"picked":"Black Star"}],"items_purged_floors":[37],"is_endless":false,"potions_floor_spawned":[1,7,10,19,24,31,35,42,45,47,48],"ascension_level":0}