{"gold_per_floor":[116,116,30,50,70,99,130,130,130,130,155,80,80,112,112,216,216,230,330,344,344,357,357,357,357,357,357,357,408,65,91,91,190,190,200,211,64,0,0,0,0,16,16,16,16,16,16,16,16,113,113,113],"floor_reached":52,"playtime":2132,"items_purged":["Limit Break","Pain"],"score":778,"play_id":"0ffb65b2-0804-4343-8bbb-e5116c9d17d9","local_time":"20190119160813","daily_mods":["Heirloom","Time Dilation","Flight"],"is_ascension_mode":false,"campfire_choices":[{"data":"Discovery","floor":8,"key":"SMITH"},{"data":"Body Slam","floor":10,"key":"SMITH"},{"data":"Entrench","floor":15,"key":"SMITH"},{"data":"Body Slam","floor":23,"key":"SMITH"},{"data":"Iron Wave","floor":25,"key":"SMITH"},{"data":"Pommel Strike","floor":27,"key":"SMITH"},{"data":"Shrug It Off","floor":32,"key":"SMITH"},{"data":"Juggernaut","floor":40,"key":"SMITH"},{"data":"Enlightenment","floor":45,"key":"SMITH"},{"data":"Jack Of All Trades","floor":46,"key":"SMITH"},{"data":"Sadistic Nature","floor":49,"key":"SMITH"}],"neow_cost":"","seed_source_timestamp":0,"circlet_count":0,"master_deck":["Strike_R+1","Strike_R+1","Strike_R+1","Strike_R+1","Defend_R+1","Defend_R+1","Defend_R+1","Defend_R+1","Bash+1","Armaments+1","Discovery+1","Iron Wave+1","Body Slam+1","Pommel Strike+1","Headbutt+1","Entrench+1","Body Slam+1","Shrug It Off+1","Juggernaut+1","Metallicize","Enlightenment+1","Jack Of All Trades+1","Sadistic Nature+1","Madness","Madness","Impervious","Writhe","Doubt","Normality"],"relics":["Burning Blood","Thread and Needle","Letter Opener","FossilizedHelix","Bird Faced Urn","Odd Mushroom","Ice Cream","Gambling Chip","Gremlin Horn","WarpedTongs","Bag of Preparation","Lantern","Kunai","Self Forming Clay","Runic Cube","Happy Flower","Red Mask","Meat on the Bone","Calling Bell","PreservedInsect","Toxic Egg 2","Magic Flower"],"potions_floor_usage":[6,16,19,20,31,31],"damage_taken":[{"damage":0,"enemies":"Small Slimes","floor":1,"turns":3},{"damage":2,"enemies":"Cultist","floor":4,"turns":3},{"damage":0,"enemies":"2 Louse","floor":5,"turns":3},{"damage":0,"enemies":"3 Sentries","floor":6,"turns":6},{"damage":26,"enemies":"Gremlin Nob","floor":7,"turns":5},{"damage":9,"enemies":"The Mushroom Lair","floor":11,"turns":4},{"damage":0,"enemies":"3 Sentries","floor":14,"turns":6},{"damage":0,"enemies":"Hexaghost","floor":16,"turns":6},{"damage":5,"enemies":"Shell Parasite","floor":18,"turns":5},{"damage":10,"enemies":"Colosseum Slavers","floor":19,"turns":5},{"damage":7,"enemies":"Colosseum Nobs","floor":19,"turns":6},{"damage":0,"enemies":"3 Byrds","floor":20,"turns":5},{"damage":23,"enemies":"Snecko","floor":22,"turns":5},{"damage":0,"enemies":"Gremlin Leader","floor":31,"turns":3},{"damage":37,"enemies":"Collector","floor":33,"turns":11},{"damage":11,"enemies":"3 Darklings","floor":35,"turns":4},{"damage":0,"enemies":"3 Shapes","floor":36,"turns":2},{"damage":0,"enemies":"Maw","floor":42,"turns":6},{"damage":51,"enemies":"Awakened One","floor":50,"turns":11},{"damage":0,"enemies":"Cultist","floor":52,"turns":1}],"seed_played":"940481829662634314","potions_obtained":[{"floor":5,"key":"PowerPotion"},{"floor":6,"key":"Dexterity Potion"},{"floor":11,"key":"Energy Potion"},{"floor":16,"key":"Weak Potion"},{"floor":18,"key":"Block Potion"},{"floor":22,"key":"PowerPotion"},{"floor":35,"key":"FairyPotion"},{"floor":50,"key":"LiquidBronze"}],"is_trial":true,"path_per_floor":["M","?","$","M","M","E","E","R","T","R","?","$","?","E","R","B",null,"M","?","M","?","M","R","?","R","T","R","?","T","$","E","R","B",null,"M","M","$","?","?","R","?","M","T","?","R","R","?","?","R","B",null,"M"],"character_chosen":"IRONCLAD","items_purchased":["Discovery","Kunai","Happy Flower"],"campfire_rested":0,"item_purchase_floors":[3,30,37],"current_hp_per_floor":[80,80,80,80,80,80,60,60,60,60,57,57,41,49,49,55,80,80,75,80,80,63,63,63,63,63,63,63,63,63,73,73,44,80,77,80,80,80,80,80,80,80,80,70,70,70,60,60,60,35,80,80],"gold":113,"neow_bonus":"","is_prod":false,"is_daily":false,"chose_seed":false,"campfire_upgraded":11,"win_rate":0,"timestamp":1547881693,"path_taken":["M","?","?","M","?","E","E","R","T","R","?","$","?","E","R","BOSS","M","?","M","?","?","R","?","R","T","R","?","?","?","E","R","BOSS","M","?","?","?","?","R","?","?","T","?","R","R","?","?","R","BOSS","M"],"build_version":"2019-01-17v2","purchased_purges":2,"victory":false,"max_hp_per_floor":[80,80,80,80,80,80,80,80,80,80,80,80,80,80,80,80,80,80,80,80,80,80,80,80,80,80,80,80,80,80,80,80,80,80,80,80,80,80,80,80,80,80,80,80,80,80,80,80,80,80,80,80],"card_choices":[{"not_picked":["Blood for Blood","Pummel"],"picked":"Armaments","floor":1},{"not_picked":["Clash","Anger"],"picked":"Iron Wave","floor":4},{"not_picked":["Rage","Armaments"],"picked":"Body Slam","floor":5},{"not_picked":["Second Wind","Twin Strike"],"picked":"Pommel Strike","floor":6},{"not_picked":["Clash","Twin Strike"],"picked":"Headbutt","floor":7},{"not_picked":["Sword Boomerang","Double Tap"],"picked":"Entrench","floor":11},{"not_picked":["Iron Wave","Pommel Strike","Clothesline"],"picked":"SKIP","floor":14},{"not_picked":["Wild Strike","Sentinel","Clash+1"],"picked":"SKIP","floor":18},{"not_picked":["Shockwave","Power Through","Thunderclap"],"picked":"SKIP","floor":20},{"not_picked":["Armaments","Warcry"],"picked":"Body Slam","floor":22},{"not_picked":["Burning Pact","Cleave"],"picked":"Shrug It Off","floor":31},{"not_picked":["Demon Form","Double Tap"],"picked":"Juggernaut","floor":33},{"not_picked":["Armaments+1","Perfected Strike","Rage+1"],"picked":"SKIP","floor":35},{"not_picked":["Disarm+1","Combust","Rampage+1"],"picked":"SKIP","floor":36},{"not_picked":["Armaments+1","Anger"],"picked":"Metallicize","floor":42},{"not_picked":["Deep Breath","Dramatic Entrance"],"picked":"Enlightenment","floor":44},{"not_picked":["Mind Blast","Bandage Up"],"picked":"Jack Of All Trades","floor":44},{"not_picked":["Mind Blast","Flash of Steel"],"picked":"Sadistic Nature","floor":44},{"not_picked":["Fiend Fire","Bludgeon"],"picked":"Impervious","floor":50}],"player_experience":302802,"relics_obtained":[{"floor":6,"key":"Letter Opener"},{"floor":7,"key":"FossilizedHelix"},{"floor":9,"key":"Bird Faced Urn"},{"floor":11,"key":"Odd Mushroom"},{"floor":14,"key":"Ice Cream"},{"floor":19,"key":"Gambling Chip"},{"floor":19,"key":"Gremlin Horn"},{"floor":26,"key":"Bag of Preparation"},{"floor":29,"key":"Lantern"},{"floor":31,"key":"Self Forming Clay"},{"floor":43,"key":"Meat on the Bone"},{"floor":51,"key":"PreservedInsect"},{"floor":51,"key":"Toxic Egg 2"},{"floor":51,"key":"Magic Flower"}],"event_choices":[{"damage_healed":0,"gold_gain":0,"cards_transformed":["Strike_R"],"player_choice":"Transformed","damage_taken":0,"max_hp_gain":0,"max_hp_loss":0,"event_name":"Transmorgrifier","floor":2,"gold_loss":0,"cards_obtained":["Limit Break"]},{"damage_healed":0,"gold_gain":0,"player_choice":"Fought Mushrooms","damage_taken":0,"max_hp_gain":0,"max_hp_loss":0,"event_name":"Mushrooms","floor":11,"gold_loss":0},{"damage_healed":0,"gold_gain":0,"player_choice":"Entered Light","damage_taken":16,"max_hp_gain":0,"max_hp_loss":0,"event_name":"Shining Light","floor":13,"gold_loss":0,"cards_upgraded":["Bash","Armaments"]},{"damage_healed":0,"gold_gain":0,"player_choice":"Fight","damage_taken":0,"max_hp_gain":0,"max_hp_loss":0,"event_name":"Colosseum","floor":19,"gold_loss":0},{"damage_healed":0,"gold_gain":0,"player_choice":"Fought Nobs","damage_taken":0,"max_hp_gain":0,"max_hp_loss":0,"event_name":"Colosseum","floor":19,"gold_loss":0},{"damage_healed":0,"gold_gain":0,"player_choice":"Rummage","damage_taken":0,"relics_obtained":["WarpedTongs"],"max_hp_gain":0,"max_hp_loss":0,"event_name":"Accursed Blacksmith","floor":21,"gold_loss":0,"cards_obtained":["Pain"]},{"damage_healed":0,"gold_gain":0,"player_choice":"Ignored","damage_taken":0,"max_hp_gain":0,"max_hp_loss":0,"event_name":"Vampires","floor":24,"gold_loss":0},{"damage_healed":0,"gold_gain":0,"player_choice":"Simplicity","damage_taken":0,"max_hp_gain":0,"max_hp_loss":0,"event_name":"Back to Basics","floor":28,"gold_loss":0,"cards_upgraded":["Strike_R","Strike_R","Strike_R","Strike_R","Defend_R","Defend_R","Defend_R","Defend_R"]},{"damage_healed":0,"gold_gain":0,"player_choice":"Paid","damage_taken":0,"relics_obtained":["Red Mask"],"max_hp_gain":0,"max_hp_loss":0,"event_name":"Tomb of Lord Red Mask","floor":38,"gold_loss":64},{"damage_healed":0,"gold_gain":0,"player_choice":"Ignored","damage_taken":0,"max_hp_gain":0,"max_hp_loss":0,"event_name":"Mysterious Sphere","floor":39,"gold_loss":0},{"damage_healed":0,"gold_gain":0,"player_choice":"Upgraded","damage_taken":0,"max_hp_gain":0,"max_hp_loss":0,"event_name":"Upgrade Shrine","floor":41,"gold_loss":0,"cards_upgraded":["Headbutt"]},{"damage_healed":0,"gold_gain":0,"player_choice":"Memory 3","damage_taken":10,"max_hp_gain":0,"max_hp_loss":0,"event_name":"SensoryStone","floor":44,"gold_loss":0},{"damage_healed":0,"gold_gain":0,"player_choice":"Embrace Madness","damage_taken":10,"max_hp_gain":0,"max_hp_loss":0,"event_name":"Winding Halls","floor":47,"gold_loss":0,"cards_obtained":["Madness","Madness"]},{"damage_healed":0,"gold_gain":0,"player_choice":"0 cards matched","damage_taken":0,"max_hp_gain":0,"max_hp_loss":0,"event_name":"Match and Keep!","floor":48,"gold_loss":0,"cards_obtained":[]}],"is_beta":false,"boss_relics":[{"not_picked":["Snecko Eye","Philosopher\u0027s Stone","Coffee Dripper"]},{"not_picked":["Fusion Hammer","Orrery"],"picked":"Runic Cube"},{"not_picked":["Runic Pyramid","Pandora\u0027s Box"],"picked":"Calling Bell"}],"items_purged_floors":[12,30],"is_endless":true,"potions_floor_spawned":[5,6,11,16,18,22,35,50],"killed_by":"Cultist","ascension_level":0}