{"gold_per_floor":[111,128,17,17,31,63,11,76,102,128,144,144,156,81,81,81],"floor_reached":16,"playtime":732,"items_purged":["Regret"],"score":132,"play_id":"9decff02-9aa7-436d-a979-0447e103b5d2","local_time":"20181114034627","is_ascension_mode":true,"campfire_choices":[{"data":"Uppercut","floor":12,"key":"SMITH"},{"data":"Inflame","floor":15,"key":"SMITH"}],"neow_cost":"NONE","seed_source_timestamp":83047674555918,"circlet_count":0,"master_deck":["Strike_R","Strike_R","Strike_R","Strike_R","Strike_R","Defend_R","Defend_R","Defend_R","Defend_R","Bash+1","Clothesline","Perfected Strike","Inflame+1","Uppercut+1","Impervious","Sword Boomerang","Sword Boomerang","Pommel Strike","Havoc"],"relics":["Burning Blood","Blood Vial","Art of War","Tiny Chest","Anchor","Torii"],"potions_floor_usage":[8,16,16],"damage_taken":[{"damage":6,"enemies":"Jaw Worm","floor":1,"turns":4},{"damage":2,"enemies":"2 Louse","floor":2,"turns":3},{"damage":15,"enemies":"Small Slimes","floor":5,"turns":3},{"damage":42,"enemies":"Lagavulin","floor":6,"turns":6},{"damage":8,"enemies":"Gremlin Nob","floor":8,"turns":3},{"damage":16,"enemies":"Lagavulin","floor":10,"turns":5},{"damage":3,"enemies":"2 Fungi Beasts","floor":11,"turns":4},{"damage":18,"enemies":"Lots of Slimes","floor":13,"turns":4},{"damage":29,"enemies":"The Guardian","floor":16,"turns":8}],"seed_played":"7957198810439320958","potions_obtained":[{"floor":2,"key":"Fire Potion"},{"floor":5,"key":"Ancient Potion"},{"floor":6,"key":"Energy Potion"},{"floor":8,"key":"EssenceOfSteel"}],"is_trial":false,"path_per_floor":["M","M","$","?","M","E","$","E","T","E","M","R","M","$","R","B"],"character_chosen":"IRONCLAD","items_purchased":["Inflame","Uppercut","Sword Boomerang"],"campfire_rested":0,"item_purchase_floors":[3,3,7],"current_hp_per_floor":[80,80,80,80,71,37,37,37,37,29,34,34,24,24,24,0],"gold":81,"neow_bonus":"UPGRADE_CARD","is_prod":false,"is_daily":false,"chose_seed":false,"campfire_upgraded":2,"win_rate":0,"timestamp":1542185187,"path_taken":["M","M","$","?","M","E","$","E","T","E","M","R","M","$","R","BOSS"],"build_version":"2018-11-08","purchased_purges":1,"victory":false,"max_hp_per_floor":[80,80,80,80,80,80,80,80,80,80,80,80,80,80,80,80],"card_choices":[{"not_picked":["Reckless Charge","Armaments"],"picked":"Clothesline","floor":1},{"not_picked":["Rupture","Searing Blow"],"picked":"Perfected Strike","floor":2},{"not_picked":["Armaments","Clash","Havoc"],"picked":"SKIP","floor":5},{"not_picked":["Clash","Warcry"],"picked":"Impervious","floor":6},{"not_picked":["Burning Pact","Cleave"],"picked":"Sword Boomerang","floor":8},{"not_picked":["Sword Boomerang","Anger"],"picked":"Pommel Strike","floor":10},{"not_picked":["Heavy Blade","Seeing Red"],"picked":"Havoc","floor":11},{"not_picked":["Cleave","True Grit","Armaments"],"picked":"SKIP","floor":13}],"player_experience":135535,"relics_obtained":[{"floor":6,"key":"Art of War"},{"floor":8,"key":"Tiny Chest"},{"floor":9,"key":"Anchor"},{"floor":10,"key":"Torii"}],"event_choices":[{"damage_healed":0,"gold_gain":0,"player_choice":"Box","damage_taken":0,"relics_obtained":["Blood Vial"],"max_hp_gain":0,"max_hp_loss":0,"event_name":"Big Fish","floor":4,"gold_loss":0,"cards_obtained":["Regret"]}],"is_beta":false,"boss_relics":[],"items_purged_floors":[14],"is_endless":false,"potions_floor_spawned":[2,5,6,8],"killed_by":"The Guardian","ascension_level":2}