{"gold_per_floor":[111,126,3,14,25,50,82,94,159,171,8,18,18,18,18,113,113,133,133,153,100,120,120],"floor_reached":23,"playtime":887,"items_purged":[],"score":292,"play_id":"1c53b3e6-69da-41de-9579-9817f26203bf","local_time":"20181213183345","is_ascension_mode":true,"campfire_choices":[{"floor":10,"key":"REST"},{"data":"Streamline","floor":13,"key":"SMITH"},{"data":"Loop","floor":15,"key":"SMITH"}],"neow_cost":"TEN_PERCENT_HP_LOSS","seed_source_timestamp":29781461977205,"circlet_count":0,"master_deck":["Strike_B","Strike_B","Strike_B","Strike_B","Defend_B","Defend_B","Defend_B","Defend_B","Zap","Dualcast","Coolheaded","Rebound","Loop+1","Rebound","Rebound","Cold Snap","Streamline+1","Go for the Eyes+1","Doom and Gloom","Echo Form","Steam","Ball Lightning+1","Conserve Battery","Go for the Eyes"],"relics":["Cracked Core","Emotion Chip","MawBank","Bag of Marbles","DataDisk","Philosopher\u0027s Stone","Enchiridion"],"potions_floor_usage":[23,23,23],"damage_taken":[{"damage":1,"enemies":"Cultist","floor":1,"turns":3},{"damage":5,"enemies":"Jaw Worm","floor":2,"turns":4},{"damage":5,"enemies":"Small Slimes","floor":4,"turns":3},{"damage":7,"enemies":"Red Slaver","floor":5,"turns":3},{"damage":32,"enemies":"Gremlin Nob","floor":6,"turns":4},{"damage":13,"enemies":"3 Louse","floor":7,"turns":3},{"damage":7,"enemies":"Exordium Wildlife","floor":12,"turns":4},{"damage":0,"enemies":"Slime Boss","floor":16,"turns":3},{"damage":5,"enemies":"Chosen","floor":18,"turns":3},{"damage":0,"enemies":"3 Byrds","floor":20,"turns":1},{"damage":14,"enemies":"Centurion and Healer","floor":22,"turns":5},{"damage":35,"enemies":"Slavers","floor":23,"turns":3}],"seed_played":"-2841719879112817240","potions_obtained":[{"floor":5,"key":"Poison Potion"},{"floor":7,"key":"SpeedPotion"},{"floor":12,"key":"GamblersBrew"},{"floor":18,"key":"FocusPotion"}],"is_trial":false,"path_per_floor":["M","M","$","M","M","E","M","?","T","R","$","M","R","?","R","B",null,"M","?","M","$","M","E"],"character_chosen":"DEFECT","items_purchased":["Loop","Rebound","DataDisk","Go for the Eyes","Conserve Battery"],"campfire_rested":1,"item_purchase_floors":[3,3,11,11,21],"current_hp_per_floor":[67,62,62,57,50,18,5,27,27,47,47,40,40,40,40,40,68,63,47,47,47,33,0],"gold":120,"neow_bonus":"ONE_RARE_RELIC","is_prod":false,"is_daily":false,"chose_seed":false,"campfire_upgraded":2,"win_rate":0,"timestamp":1544744025,"path_taken":["M","M","$","M","?","E","?","?","T","R","$","M","R","?","R","BOSS","M","?","M","$","M","E"],"build_version":"2018-12-06","purchased_purges":0,"victory":false,"max_hp_per_floor":[68,68,68,68,68,68,68,68,68,68,68,68,68,68,68,68,68,68,68,68,68,68,68],"card_choices":[{"not_picked":["Reinforced Body","Double Energy"],"picked":"Coolheaded","floor":1},{"not_picked":["Double Energy","Beam Cell"],"picked":"Rebound","floor":2},{"not_picked":["Stack","Turbo"],"picked":"Rebound","floor":4},{"not_picked":["Redo","Stack","Turbo"],"picked":"SKIP","floor":5},{"not_picked":["Chaos","Self Repair"],"picked":"Cold Snap","floor":6},{"not_picked":["Gash","Stack"],"picked":"Streamline","floor":7},{"not_picked":["Aggregate","Steam"],"picked":"Doom and Gloom","floor":12},{"not_picked":["Biased Cognition","Thunder Strike"],"picked":"Echo Form","floor":16},{"not_picked":["Darkness+1","Coolheaded"],"picked":"Steam","floor":18},{"not_picked":["Gash","Barrage+1"],"picked":"Ball Lightning+1","floor":20},{"not_picked":["Sweeping Beam","Stack+1"],"picked":"Go for the Eyes","floor":22}],"player_experience":324662,"relics_obtained":[{"floor":6,"key":"MawBank"},{"floor":9,"key":"Bag of Marbles"},{"floor":19,"key":"Enchiridion"}],"event_choices":[{"damage_healed":22,"gold_gain":0,"player_choice":"Banana","damage_taken":0,"max_hp_gain":0,"max_hp_loss":0,"event_name":"Big Fish","floor":8,"gold_loss":0},{"damage_healed":0,"gold_gain":0,"player_choice":"Grow","damage_taken":0,"max_hp_gain":0,"max_hp_loss":0,"event_name":"Living Wall","floor":14,"gold_loss":0,"cards_upgraded":["Go for the Eyes"]},{"damage_healed":0,"gold_gain":0,"player_choice":"Obtained Book","damage_taken":16,"max_hp_gain":0,"max_hp_loss":0,"event_name":"Cursed Tome","floor":19,"gold_loss":0}],"is_beta":false,"boss_relics":[{"not_picked":["Pandora\u0027s Box","Runic Pyramid"],"picked":"Philosopher\u0027s Stone"}],"items_purged_floors":[],"is_endless":false,"potions_floor_spawned":[5,7,12,18],"killed_by":"Slavers","ascension_level":4}