{"gold_per_floor":[144,70,89,108,108,134,134,146,146,159,84,97,97,21,21,122,122,137,153,168,30,30],"floor_reached":22,"playtime":1161,"items_purged":["Defend_B","Strike_B"],"score":188,"play_id":"feef487b-4a3a-44e7-b369-012ea4bd46c4","local_time":"20190515213722","is_ascension_mode":false,"campfire_choices":[{"floor":7.0,"key":"REST"},{"floor":13.0,"key":"REST"},{"floor":15.0,"key":"REST"}],"neow_cost":"NONE","seed_source_timestamp":0,"circlet_count":0,"master_deck":["Strike_B","Strike_B","Strike_B","Defend_B","Defend_B","Defend_B","Zap","Dualcast","Genetic Algorithm","Genetic Algorithm","Barrage","Coolheaded","Injury","Zap","Multi-Cast","Tempest+1","Defragment","Ball Lightning","Conserve Battery+1","Tempest+1","Thunder Strike","Static Discharge","Capacitor","BootSequence+1","FTL","Ball Lightning","Capacitor"],"special_seed":0,"relics":["Cracked Core","Tiny Chest","Toxic Egg 2","Shuriken","Orrery"],"potions_floor_usage":[22],"damage_taken":[{"damage":6.0,"enemies":"2 Louse","floor":1.0,"turns":2.0},{"damage":0.0,"enemies":"Cultist","floor":3.0,"turns":3.0},{"damage":3.0,"enemies":"Jaw Worm","floor":4.0,"turns":4.0},{"damage":40.0,"enemies":"Gremlin Nob","floor":6.0,"turns":6.0},{"damage":7.0,"enemies":"Blue Slaver","floor":8.0,"turns":3.0},{"damage":4.0,"enemies":"Lots of Slimes","floor":10.0,"turns":3.0},{"damage":11.0,"enemies":"Large Slime","floor":12.0,"turns":3.0},{"damage":69.0,"enemies":"Hexaghost","floor":16.0,"turns":10.0},{"damage":14,"enemies":"Spheric Guardian","floor":18,"turns":4},{"damage":12,"enemies":"3 Byrds","floor":19,"turns":4},{"damage":8,"enemies":"Snecko","floor":20,"turns":4},{"damage":41,"enemies":"3 Cultists","floor":22,"turns":4}],"seed_played":"-7423418789117552724","potions_obtained":[{"floor":1.0,"key":"Weak Potion"},{"floor":8.0,"key":"EntropicBrew"},{"floor":10.0,"key":"PowerPotion"},{"floor":20,"key":"LiquidBronze"}],"is_trial":false,"path_per_floor":["M","$","M","M","?","E","R","M","T","M","$","M","R","$","R","B",null,"M","M","M","$","M"],"character_chosen":"DEFECT","items_purchased":["Genetic Algorithm","Tempest+1","Capacitor"],"campfire_rested":3,"item_purchase_floors":[2,14,21],"current_hp_per_floor":[69,69,69,66,66,26,48,41,41,37,37,26,48,48,70,1,75,61,49,41,41,0],"gold":30,"neow_bonus":"RANDOM_COMMON_RELIC","is_prod":false,"is_daily":false,"chose_seed":false,"campfire_upgraded":0,"win_rate":0.0,"timestamp":1557970642,"path_taken":["M","$","M","M","?","E","R","M","T","M","$","?","R","?","R","BOSS","M","M","M","$","M"],"build_version":"2019-01-23","purchased_purges":2,"victory":false,"max_hp_per_floor":[75,75,75,75,75,75,75,75,75,75,75,75,75,75,75,75,75,75,75,75,75,75],"card_choices":[{"not_picked":["Barrage","Lockon"],"picked":"Genetic Algorithm","floor":1.0},{"not_picked":["Beam Cell","Compile Driver"],"picked":"Barrage","floor":3.0},{"not_picked":["BootSequence","Conserve Battery"],"picked":"Coolheaded","floor":4.0},{"not_picked":["Aggregate","Force Field"],"picked":"Tempest","floor":6.0},{"not_picked":["Lockon","Beam Cell"],"picked":"Defragment","floor":8.0},{"not_picked":["Conserve Battery+1","Streamline"],"picked":"Ball Lightning","floor":10.0},{"not_picked":["Coolheaded+1","Go for the Eyes"],"picked":"Conserve Battery+1","floor":12.0},{"not_picked":["Multi-Cast+1","Reboot+1"],"picked":"Thunder Strike","floor":16.0},{"not_picked":["Rebound","Turbo+1"],"picked":"Static Discharge","floor":17},{"not_picked":["Undo+1","Hologram+1"],"picked":"Capacitor","floor":17},{"not_picked":["Sweeping Beam","Rip and Tear"],"picked":"BootSequence+1","floor":17},{"not_picked":["Go for the Eyes","Beam Cell"],"picked":"FTL","floor":17},{"not_picked":["Sunder","Compile Driver","Multi-Cast+1"],"picked":"SKIP","floor":18},{"not_picked":["Chaos+1","Cold Snap","Beam Cell"],"picked":"SKIP","floor":19},{"not_picked":["Scrape","Streamline+1"],"picked":"Ball Lightning","floor":20}],"player_experience":215419,"relics_obtained":[{"floor":6.0,"key":"Toxic Egg 2"},{"floor":9.0,"key":"Shuriken"}],"event_choices":[{"damage_healed":0.0,"max_hp_gain":0.0,"max_hp_loss":0.0,"gold_gain":0.0,"event_name":"Match and Keep!","player_choice":"3 cards matched","floor":5.0,"gold_loss":0.0,"damage_taken":0.0,"cards_obtained":["Injury","Zap","Multi-Cast"]}],"is_beta":false,"boss_relics":[{"not_picked":["FrozenCore","Velvet Choker"],"picked":"Orrery"}],"items_purged_floors":[11,21],"is_endless":false,"potions_floor_spawned":[1,8,10,20],"killed_by":"3 Cultists","ascension_level":0}