{"gold_per_floor":[114,114,132,148,72,100,100,113,138,170,185,248,248,222,222,222],"floor_reached":16,"playtime":587,"items_purged":[],"score":239,"play_id":"de5e679f-ee2f-410b-8f23-62fb6d8e1508","local_time":"20190112042840","is_ascension_mode":true,"campfire_choices":[{"data":"Bash","floor":7,"key":"SMITH"},{"data":"Whirlwind","floor":15,"key":"SMITH"}],"neow_cost":"NONE","seed_source_timestamp":112671289542055,"circlet_count":0,"master_deck":["AscendersBane","Strike_R","Strike_R+1","Strike_R","Strike_R+1","Defend_R","Defend_R","Defend_R","Defend_R","Bash+1","Hemokinesis","Wild Strike","Shrug It Off","Flame Barrier","Clothesline","Whirlwind+1","Spot Weakness","Battle Trance"],"relics":["Burning Blood","Whetstone","Smiling Mask","Potion Belt","Tiny Chest","Golden Idol"],"potions_floor_usage":[6,10,16],"damage_taken":[{"damage":1,"enemies":"Cultist","floor":1,"turns":4},{"damage":5,"enemies":"Small Slimes","floor":3,"turns":4},{"damage":8,"enemies":"2 Louse","floor":4,"turns":3},{"damage":3,"enemies":"Gremlin Nob","floor":6,"turns":2},{"damage":18,"enemies":"Large Slime","floor":8,"turns":8},{"damage":21,"enemies":"Lagavulin","floor":10,"turns":6},{"damage":6,"enemies":"Looter","floor":11,"turns":4},{"damage":31,"enemies":"Gremlin Nob","floor":12,"turns":4},{"damage":42,"enemies":"Slime Boss","floor":16,"turns":9}],"seed_played":"6014409654270697406","potions_obtained":[{"floor":1,"key":"AttackPotion"},{"floor":3,"key":"Explosive Potion"},{"floor":6,"key":"Poison Potion"},{"floor":8,"key":"SteroidPotion"}],"is_trial":false,"path_per_floor":["M","?","M","M","$","E","R","M","T","E","M","E","?","?","R","B"],"character_chosen":"IRONCLAD","items_purchased":["Flame Barrier"],"campfire_rested":0,"item_purchase_floors":[5],"current_hp_per_floor":[85,85,86,84,84,87,87,75,75,60,60,35,35,35,35,0],"gold":222,"neow_bonus":"TEN_PERCENT_HP_BONUS","is_prod":false,"is_daily":false,"chose_seed":false,"campfire_upgraded":2,"win_rate":0,"timestamp":1547285320,"path_taken":["M","?","M","M","$","E","R","?","T","E","M","E","?","?","R","BOSS"],"build_version":"2019-01-10","purchased_purges":0,"victory":false,"max_hp_per_floor":[88,88,88,88,88,88,88,88,88,88,88,88,81,81,81,81],"card_choices":[{"not_picked":["Warcry","Havoc"],"picked":"Hemokinesis","floor":1},{"not_picked":["Dual Wield","Pummel","Entrench"],"picked":"SKIP","floor":3},{"not_picked":["Warcry","Perfected Strike"],"picked":"Shrug It Off","floor":4},{"not_picked":["Perfected Strike","Power Through"],"picked":"Clothesline","floor":6},{"not_picked":["Clothesline","Perfected Strike","Flex"],"picked":"SKIP","floor":8},{"not_picked":["Metallicize","Clothesline"],"picked":"Whirlwind","floor":10},{"not_picked":["Rampage","Twin Strike"],"picked":"Spot Weakness","floor":11},{"not_picked":["Body Slam","Twin Strike"],"picked":"Battle Trance","floor":12}],"player_experience":366809,"relics_obtained":[{"floor":6,"key":"Whetstone"},{"floor":9,"key":"Smiling Mask"},{"floor":10,"key":"Potion Belt"},{"floor":12,"key":"Tiny Chest"}],"event_choices":[{"damage_healed":0,"gold_gain":0,"cards_transformed":["Strike_R"],"player_choice":"Transformed","damage_taken":0,"max_hp_gain":0,"max_hp_loss":0,"event_name":"Transmorgrifier","floor":2,"gold_loss":0,"cards_obtained":["Wild Strike"]},{"damage_healed":0,"gold_gain":0,"player_choice":"Lose Max HP","damage_taken":0,"relics_obtained":["Golden Idol"],"max_hp_gain":0,"max_hp_loss":7,"event_name":"Golden Idol","floor":13,"gold_loss":0},{"damage_healed":0,"gold_gain":0,"player_choice":"Left Gold","damage_taken":0,"max_hp_gain":0,"max_hp_loss":0,"event_name":"World of Goop","floor":14,"gold_loss":26}],"is_beta":false,"boss_relics":[],"items_purged_floors":[],"is_endless":false,"potions_floor_spawned":[1,3,6,8],"killed_by":"Slime Boss","ascension_level":13}