{"gold_per_floor":[116,132,86,105,105,133,146,146,224,240,273,273],"floor_reached":12,"playtime":524,"items_purged":[],"score":104,"play_id":"a6609d5c-aad9-4926-8def-0f5e24f06c28","local_time":"20181114202101","is_ascension_mode":true,"campfire_choices":[{"data":"Sword Boomerang","floor":8,"key":"SMITH"}],"neow_cost":"NONE","seed_source_timestamp":31727703318671,"circlet_count":0,"master_deck":["Strike_R","Strike_R","Strike_R","Strike_R","Strike_R","Defend_R","Defend_R","Defend_R","Defend_R","Bash+1","Sword Boomerang+1","Hemokinesis","Cleave","Disarm","Offering","True Grit","Armaments"],"relics":["Burning Blood","Potion Belt","Mango","Bottled Flame","Dream Catcher"],"potions_floor_usage":[11],"damage_taken":[{"damage":8,"enemies":"2 Louse","floor":1,"turns":3},{"damage":6,"enemies":"Cultist","floor":2,"turns":3},{"damage":15,"enemies":"Small Slimes","floor":4,"turns":2},{"damage":23,"enemies":"Gremlin Nob","floor":6,"turns":4},{"damage":15,"enemies":"Looter","floor":7,"turns":3},{"damage":39,"enemies":"Exordium Wildlife","floor":10,"turns":4},{"damage":19,"enemies":"Lagavulin","floor":11,"turns":3},{"damage":13,"enemies":"Exordium Thugs","floor":12,"turns":3}],"seed_played":"-7899092420254859927","potions_obtained":[{"floor":6,"key":"SteroidPotion"},{"floor":7,"key":"Ancient Potion"}],"is_trial":false,"path_per_floor":["M","M","$","M","?","E","M","R","T","M","E","M"],"character_chosen":"IRONCLAD","items_purchased":["Cleave"],"campfire_rested":0,"item_purchase_floors":[3],"current_hp_per_floor":[78,78,78,69,69,66,57,57,57,24,11,0],"gold":273,"neow_bonus":"RANDOM_COMMON_RELIC","is_prod":false,"is_daily":false,"chose_seed":false,"campfire_upgraded":1,"win_rate":0,"timestamp":1542244861,"path_taken":["M","M","$","M","?","E","?","R","T","M","E","M"],"build_version":"2018-11-08","purchased_purges":0,"victory":false,"max_hp_per_floor":[80,80,80,80,80,94,94,94,94,94,94,94],"card_choices":[{"not_picked":["Wild Strike","Thunderclap"],"picked":"Sword Boomerang","floor":1},{"not_picked":["Feel No Pain","Evolve"],"picked":"Hemokinesis","floor":2},{"not_picked":["Havoc","Iron Wave"],"picked":"Disarm","floor":4},{"not_picked":["Body Slam","Clothesline"],"picked":"Offering","floor":6},{"not_picked":["Body Slam","Cleave","Sever Soul"],"picked":"SKIP","floor":7},{"not_picked":["Body Slam","Second Wind"],"picked":"True Grit","floor":10},{"not_picked":["Infernal Blade","Power Through"],"picked":"Armaments","floor":11}],"player_experience":143204,"relics_obtained":[{"floor":6,"key":"Mango"},{"floor":9,"key":"Bottled Flame"},{"floor":11,"key":"Dream Catcher"}],"event_choices":[{"damage_healed":0,"gold_gain":0,"player_choice":"Forge","damage_taken":0,"max_hp_gain":0,"max_hp_loss":0,"event_name":"Accursed Blacksmith","floor":5,"gold_loss":0,"cards_upgraded":["Bash"]}],"is_beta":false,"boss_relics":[],"items_purged_floors":[],"is_endless":false,"potions_floor_spawned":[6,7],"killed_by":"Exordium Thugs","ascension_level":3}