{"gold_per_floor":[114,64,64,74,90,90,110,122,145,145,163,198,208,234,234,330,330,341,341,121,139,139,139,168,168,191,207,207,217,79,104,104,204,204,222,297,311,328,149,149,176,176,176,209,59,59,69,69,69,69,69,69,69,102,102],"floor_reached":55,"playtime":7790,"items_purged":["Defend_R","Defend_R","Defend_R","Strike_R"],"score":870,"play_id":"a659542d-8c3e-4171-833f-598010f053f9","local_time":"20190107155001","is_ascension_mode":true,"campfire_choices":[{"data":"Bash","floor":6.0,"key":"SMITH"},{"floor":10.0,"key":"RECALL"},{"data":"Flame Barrier","floor":15.0,"key":"SMITH"},{"floor":23.0,"key":"REST"},{"data":"Shockwave","floor":25.0,"key":"SMITH"},{"data":"Spot Weakness","floor":28.0,"key":"SMITH"},{"data":"Whirlwind","floor":32.0,"key":"SMITH"},{"data":"Double Tap","floor":40,"key":"SMITH"},{"floor":42,"key":"REST"},{"floor":46,"key":"REST"},{"floor":49,"key":"REST"},{"data":"Power Through","floor":52,"key":"SMITH"}],"neow_cost":"NONE","seed_source_timestamp":0,"circlet_count":0,"master_deck":["Strike_R","Strike_R","Strike_R","Strike_R","Bash+1","Power Through+1","Heavy Blade","Flex","Disarm","Rampage","Flame Barrier+1","Cleave","Anger","Battle Trance","Reaper","Power Through","Spot Weakness+1","Whirlwind+1","Shockwave+1","Heavy Blade+1","Heavy Blade+1","Ghostly Armor","Ghostly Armor+1","Double Tap+1","Headbutt"],"special_seed":0,"relics":["Burning Blood","NeowsBlessing","Centennial Puzzle","Anchor","Sozu","Vajra","Ancient Tea Set","Red Skull","Busted Crown","Blood Vial","Potion Belt","Kunai","Mercury Hourglass"],"potions_floor_usage":[],"damage_taken":[{"damage":0.0,"enemies":"Small Slimes","floor":1.0,"turns":1.0},{"damage":0.0,"enemies":"Jaw Worm","floor":4.0,"turns":1.0},{"damage":0.0,"enemies":"2 Louse","floor":5.0,"turns":1.0},{"damage":21.0,"enemies":"Gremlin Gang","floor":7.0,"turns":5.0},{"damage":9.0,"enemies":"Red Slaver","floor":8.0,"turns":4.0},{"damage":4.0,"enemies":"Looter","floor":11.0,"turns":3.0},{"damage":17.0,"enemies":"3 Sentries","floor":12.0,"turns":8.0},{"damage":1.0,"enemies":"2 Fungi Beasts","floor":13.0,"turns":3.0},{"damage":3.0,"enemies":"Gremlin Nob","floor":14.0,"turns":3.0},{"damage":35.0,"enemies":"Slime Boss","floor":16.0,"turns":11.0},{"damage":0.0,"enemies":"2 Thieves","floor":18.0,"turns":4.0},{"damage":19.0,"enemies":"Spheric Guardian","floor":21.0,"turns":4.0},{"damage":22.0,"enemies":"Book of Stabbing","floor":24.0,"turns":5.0},{"damage":0.0,"enemies":"Snake Plant","floor":27.0,"turns":4.0},{"damage":0.0,"enemies":"Centurion and Healer","floor":29.0,"turns":3.0},{"damage":36.0,"enemies":"Slavers","floor":31.0,"turns":7.0},{"damage":39.0,"enemies":"Collector","floor":33.0,"turns":7.0},{"damage":1.0,"enemies":"3 Darklings","floor":35.0,"turns":3.0},{"damage":3,"enemies":"3 Shapes","floor":37,"turns":3},{"damage":22,"enemies":"Spire Growth","floor":38,"turns":5},{"damage":82,"enemies":"Giant Head","floor":41,"turns":8},{"damage":50,"enemies":"Reptomancer","floor":44,"turns":5},{"damage":11,"enemies":"Transient","floor":47,"turns":5},{"damage":67,"enemies":"Donu and Deca","floor":50,"turns":8},{"damage":42,"enemies":"Shield and Spear","floor":54,"turns":5},{"damage":79,"enemies":"The Heart","floor":55,"turns":3}],"seed_played":"18195282219065945","potions_obtained":[{"floor":7.0,"key":"Strength Potion"},{"floor":8.0,"key":"SkillPotion"},{"floor":12.0,"key":"Strength Potion"},{"floor":13.0,"key":"Ancient Potion"},{"floor":14.0,"key":"Explosive Potion"}],"is_trial":false,"path_per_floor":["M","?","?","M","M","R","M","M","T","R","M","E","M","E","R","B",null,"M","?","$","M","?","R","E","R","T","M","R","M","$","E","R","B",null,"M","?","M","M","$","R","E","R","T","E","$","R","M","?","R","B",null,"R","$","E","B"],"character_chosen":"IRONCLAD","items_purchased":["Spot Weakness","Whirlwind","Ghostly Armor","Headbutt"],"campfire_rested":4,"item_purchase_floors":[20,20,30,39],"current_hp_per_floor":[80,80,80,80,80,80,65,62,62,62,64,53,58,61,61,32,80,80,65,65,52,52,77,71,71,71,77,77,83,83,76,76,80,85,85,77,85,69,69,69,22,47,47,23,23,48,63,58,83,36,85,85,85,71,0],"gold":102,"neow_bonus":"THREE_ENEMY_KILL","is_prod":false,"is_daily":false,"chose_seed":false,"campfire_upgraded":7,"win_rate":0,"timestamp":1546869001,"path_taken":["M","?","?","M","?","R","M","M","T","R","M","E","M","E","R","BOSS","M","?","$","M","?","R","E","R","T","M","R","M","$","E","R","BOSS","M","?","M","?","$","R","E","R","T","E","?","R","M","?","R","BOSS","R","$","E","BOSS"],"build_version":"2019-01-03v4","purchased_purges":4,"victory":false,"max_hp_per_floor":[80,80,80,80,80,80,80,80,80,80,80,80,80,80,80,80,80,80,85,85,85,85,85,85,85,85,85,85,85,85,85,85,85,85,85,85,85,85,85,85,85,85,85,85,85,85,85,85,85,85,85,85,85,85,85],"card_choices":[{"not_picked":["Perfected Strike","Clothesline"],"picked":"Power Through","floor":1.0},{"not_picked":["Sever Soul","Armaments"],"picked":"Heavy Blade","floor":4.0},{"not_picked":["Fiend Fire","Clash"],"picked":"Flex","floor":5.0},{"not_picked":["Armaments","Headbutt"],"picked":"Disarm","floor":7.0},{"not_picked":["Thunderclap","Havoc"],"picked":"Rampage","floor":8.0},{"not_picked":["Headbutt","Clash"],"picked":"Flame Barrier","floor":11.0},{"not_picked":["Sever Soul","Brutality"],"picked":"Cleave","floor":12.0},{"not_picked":["Shrug It Off","Clash"],"picked":"Anger","floor":13.0},{"not_picked":["Blood for Blood","Evolve"],"picked":"Battle Trance","floor":14.0},{"not_picked":["Fiend Fire","Bludgeon"],"picked":"Reaper","floor":16.0},{"not_picked":["Shrug It Off","Thunderclap"],"picked":"Power Through","floor":18.0},{"not_picked":["Intimidate+1","Thunderclap+1","Fire Breathing"],"picked":"SKIP","floor":21.0},{"not_picked":["Anger","Sever Soul"],"picked":"Heavy Blade+1","floor":24.0},{"not_picked":["Armaments+1","Pommel Strike"],"picked":"Heavy Blade+1","floor":27.0},{"not_picked":["Entrench","Bloodletting+1","Heavy Blade"],"picked":"SKIP","floor":29.0},{"not_picked":["Entrench+1","Rampage"],"picked":"Ghostly Armor+1","floor":31.0},{"not_picked":["Brutality","Feed"],"picked":"Double Tap","floor":33.0},{"not_picked":["Dual Wield"],"picked":"SKIP","floor":35.0},{"not_picked":["Armaments"],"picked":"SKIP","floor":37},{"not_picked":["Iron Wave"],"picked":"SKIP","floor":38},{"not_picked":["Warcry"],"picked":"SKIP","floor":41},{"not_picked":["Armaments"],"picked":"SKIP","floor":44},{"not_picked":["Pummel"],"picked":"SKIP","floor":47},{"not_picked":["Shrug It Off"],"picked":"SKIP","floor":54}],"player_experience":110714,"relics_obtained":[{"floor":12.0,"key":"Centennial Puzzle"},{"floor":14.0,"key":"Anchor"},{"floor":24.0,"key":"Vajra"},{"floor":26.0,"key":"Ancient Tea Set"},{"floor":31.0,"key":"Red Skull"},{"floor":41,"key":"Blood Vial"},{"floor":43,"key":"Potion Belt"},{"floor":44,"key":"Kunai"},{"floor":54,"key":"Mercury Hourglass"}],"event_choices":[{"cards_removed":["Defend_R"],"damage_healed":0.0,"max_hp_gain":0.0,"max_hp_loss":0.0,"gold_gain":0.0,"event_name":"The Cleric","player_choice":"Card Removal","floor":2.0,"gold_loss":50.0,"damage_taken":0.0},{"damage_healed":0.0,"max_hp_gain":0.0,"max_hp_loss":0.0,"gold_gain":0.0,"event_name":"Liars Game","player_choice":"Ignored","floor":3.0,"gold_loss":0.0,"damage_taken":0.0},{"damage_healed":0.0,"max_hp_gain":5.0,"max_hp_loss":0.0,"gold_gain":0.0,"event_name":"Forgotten Altar","player_choice":"Shed Blood","floor":19.0,"gold_loss":0.0,"damage_taken":20.0},{"damage_healed":0.0,"max_hp_gain":0.0,"max_hp_loss":0.0,"gold_gain":0.0,"event_name":"The Library","player_choice":"Read","floor":22.0,"gold_loss":0.0,"damage_taken":0.0,"cards_obtained":["Shockwave"]},{"damage_healed":0,"gold_gain":75,"player_choice":"Touch","damage_taken":8,"max_hp_gain":0,"max_hp_loss":0,"event_name":"FaceTrader","floor":36,"gold_loss":0},{"damage_healed":0,"gold_gain":0,"player_choice":"Memory 2","damage_taken":5,"max_hp_gain":0,"max_hp_loss":0,"event_name":"SensoryStone","floor":48,"gold_loss":0}],"is_beta":false,"boss_relics":[{"not_picked":["Astrolabe","Tiny House"],"picked":"Sozu"},{"not_picked":["Fusion Hammer","Empty Cage"],"picked":"Busted Crown"}],"items_purged_floors":[20,30,39,45],"is_endless":false,"potions_floor_spawned":[7,8,12,13,14,21,29,31,38,44,47],"killed_by":"The Heart","ascension_level":4}