{"gold_per_floor":[18,28,42,58,69,69,29,47,93,103,103,114,114,130,130,227,227,240,112,125,135,150,176,176,194,221,221,221,72,91,108,108,108],"floor_reached":33,"playtime":4599,"items_purged":["Strike_G","Doubt"],"score":267,"play_id":"22c063f5-4beb-494b-a715-ed11d28014ef","local_time":"20180719232706","is_ascension_mode":false,"campfire_choices":[{"data":"Cloak And Dagger","floor":6,"key":"SMITH"},{"data":"Cloak And Dagger","floor":13,"key":"SMITH"},{"data":"Deadly Poison","floor":15,"key":"SMITH"},{"floor":24,"key":"REST"},{"floor":28,"key":"REST"},{"floor":32,"key":"REST"}],"neow_cost":"NO_GOLD","seed_source_timestamp":467349887562408,"circlet_count":0,"master_deck":["Defend_G+1","Defend_G+1","Defend_G","Defend_G","Defend_G","Strike_G","Strike_G","Strike_G","Strike_G","Survivor","Neutralize","Die Die Die","Deadly Poison+1","Flying Knee","Flying Knee","Backstab","Cloak And Dagger+1","Infinite Blades+1","Die Die Die","Bane","Cloak And Dagger+1","Prepared","Envenom","Clumsy","Doubt","Expertise","Bane","Finisher","Infinite Blades","Deadly Poison"],"relics":["Ring of the Snake","War Paint","Calling Bell","Boot","Mummified Hand","Thread and Needle","Frozen Egg 2","Anchor"],"potions_floor_usage":[16,16,16],"damage_taken":[{"damage":2,"enemies":"Jaw Worm","floor":1,"turns":5},{"damage":4,"enemies":"Cultist","floor":2,"turns":4},{"damage":0,"enemies":"Small Slimes","floor":3,"turns":2},{"damage":7,"enemies":"Blue Slaver","floor":4,"turns":3},{"damage":8,"enemies":"Large Slime","floor":5,"turns":4},{"damage":1,"enemies":"2 Fungi Beasts","floor":8,"turns":3},{"damage":5,"enemies":"Red Slaver","floor":10,"turns":3},{"damage":0,"enemies":"Exordium Wildlife","floor":12,"turns":3},{"damage":2,"enemies":"Blue Slaver","floor":14,"turns":2},{"damage":26,"enemies":"The Guardian","floor":16,"turns":10},{"damage":0,"enemies":"Chosen","floor":18,"turns":4},{"damage":11,"enemies":"Spheric Guardian","floor":20,"turns":4},{"damage":6,"enemies":"3 Cultists","floor":21,"turns":5},{"damage":16,"enemies":"Slaver and Parasite","floor":22,"turns":6},{"damage":17,"enemies":"Book of Stabbing","floor":23,"turns":4},{"damage":34,"enemies":"Snake Plant","floor":25,"turns":5},{"damage":0,"enemies":"Chosen and Byrds","floor":30,"turns":6},{"damage":1,"enemies":"Centurion and Healer","floor":31,"turns":6},{"damage":66,"enemies":"Automaton","floor":33,"turns":6}],"seed_played":"739157610174475112","potions_obtained":[{"floor":3,"key":"Dexterity Potion"},{"floor":5,"key":"Dexterity Potion"},{"floor":8,"key":"SkillPotion"},{"floor":21,"key":"GamblersBrew"},{"floor":30,"key":"GamblersBrew"}],"is_trial":false,"path_per_floor":["M","M","M","M","M","R","$","M","T","M","?","M","R","M","R","B",null,"M","$","M","M","M","E","R","M","T","?","R","$","M","M","R"],"character_chosen":"THE_SILENT","items_purchased":["Infinite Blades","Bane","Deadly Poison"],"campfire_rested":3,"item_purchase_floors":[7,19,29],"current_hp_per_floor":[68,64,64,57,49,49,49,48,48,43,43,43,43,41,41,15,70,70,70,59,53,37,20,41,7,7,7,28,28,28,27,48,0],"gold":108,"neow_bonus":"THREE_RARE_CARDS","is_prod":false,"is_daily":false,"chose_seed":false,"campfire_upgraded":3,"win_rate":0.0,"timestamp":1532057226,"path_taken":["M","M","M","M","M","R","$","M","T","M","?","M","R","M","R","BOSS","M","$","M","M","M","E","R","M","T","?","R","$","M","M","R","BOSS"],"build_version":"2018-07-12","purchased_purges":2,"victory":false,"max_hp_per_floor":[70,70,70,70,70,70,70,70,70,70,70,70,70,70,70,70,70,70,70,70,70,70,70,70,70,70,70,70,70,70,70,70,70],"card_choices":[{"not_picked":["Wraith Form v2","Glass Knife"],"picked":"Die Die Die","floor":0},{"not_picked":["Sucker Punch","Endless Agony"],"picked":"Deadly Poison","floor":1},{"not_picked":["Underhanded Strike","Choke"],"picked":"Flying Knee","floor":2},{"not_picked":["Calculated Gamble","Backflip"],"picked":"Flying Knee","floor":3},{"not_picked":["Bane","Underhanded Strike"],"picked":"Backstab","floor":4},{"not_picked":["Acrobatics","Sucker Punch"],"picked":"Cloak And Dagger","floor":5},{"not_picked":["Dagger Throw","Slice"],"picked":"Die Die Die","floor":8},{"not_picked":["Acrobatics","Endless Agony"],"picked":"Bane","floor":10},{"not_picked":["Bane","Dagger Spray"],"picked":"Cloak And Dagger","floor":12},{"not_picked":["Outmaneuver","Slice"],"picked":"Prepared","floor":14},{"not_picked":["Phantasmal Killer","A Thousand Cuts"],"picked":"Envenom","floor":16},{"not_picked":["Heel Hook","Predator"],"picked":"Expertise","floor":18},{"not_picked":["Blur","Heel Hook"],"picked":"Finisher","floor":20},{"not_picked":["Acrobatics","Calculated Gamble"],"picked":"Infinite Blades","floor":21},{"not_picked":["Prepared","Blade Dance","Flying Knee"],"picked":"SKIP","floor":22},{"not_picked":["Glass Knife","Quick Slash+1","Dagger Spray"],"picked":"SKIP","floor":23},{"not_picked":["Cloak And Dagger","Sucker Punch+1","Choke+1"],"picked":"SKIP","floor":25},{"not_picked":["Dash+1","Endless Agony","Deadly Poison"],"picked":"SKIP","floor":30},{"not_picked":["Leg Sweep","Dagger Spray","Masterful Stab"],"picked":"SKIP","floor":31}],"player_experience":80840,"relics_obtained":[{"floor":9,"key":"War Paint"},{"floor":17,"key":"Boot"},{"floor":17,"key":"Mummified Hand"},{"floor":17,"key":"Thread and Needle"},{"floor":23,"key":"Frozen Egg 2"},{"floor":26,"key":"Anchor"}],"event_choices":[{"event_name":"Upgrade Shrine","player_choice":"Upgraded","floor":11,"damage_taken":0},{"event_name":"Drug Dealer","player_choice":"Ignored","floor":27,"damage_taken":0}],"boss_relics":[{"not_picked":["Ectoplasm","Philosopher\u0027s Stone"],"picked":"Calling Bell"}],"items_purged_floors":[19,29],"is_endless":false,"potions_floor_spawned":[3,5,8,14,21,30],"killed_by":"Automaton","ascension_level":0}