{"gold_per_floor":[112,112,37,53,64,84,84,84,110,110,130,156,156,185,185,185],"floor_reached":16,"playtime":2762,"items_purged":["Hello World"],"score":200,"play_id":"6f120515-2a41-48ce-af5d-a03096ef6444","local_time":"20190428013738","is_ascension_mode":true,"campfire_choices":[{"data":"Conserve Battery","floor":7,"key":"SMITH"},{"floor":10,"key":"REST"},{"floor":13,"key":"REST"},{"floor":15,"key":"REST"}],"neow_cost":"NONE","seed_source_timestamp":1482274904926174,"circlet_count":0,"master_deck":["AscendersBane","Strike_B","Strike_B","Strike_B","Defend_B","Defend_B","Defend_B","Defend_B","Zap+1","Dualcast","Conserve Battery+1","Melter","Multi-Cast","Hologram+1","Conserve Battery+1"],"relics":["Cracked Core","Pen Nib","Omamori","Dream Catcher","Toxic Egg 2"],"potions_floor_usage":[6,14],"damage_taken":[{"damage":12,"enemies":"2 Louse","floor":1,"turns":3},{"damage":0,"enemies":"Jaw Worm","floor":4,"turns":3},{"damage":0,"enemies":"Cultist","floor":5,"turns":3},{"damage":6,"enemies":"Exordium Wildlife","floor":6,"turns":4},{"damage":11,"enemies":"Looter","floor":11,"turns":3},{"damage":48,"enemies":"Lagavulin","floor":14,"turns":8},{"damage":46,"enemies":"Hexaghost","floor":16,"turns":9}],"seed_played":"-7342338033535534102","potions_obtained":[{"floor":1,"key":"Energy Potion"},{"floor":5,"key":"SkillPotion"},{"floor":14,"key":"SpeedPotion"}],"is_trial":false,"path_per_floor":["M","?","$","M","M","M","R","?","T","R","M","T","R","E","R","B"],"character_chosen":"DEFECT","items_purchased":[],"campfire_rested":3,"item_purchase_floors":[],"current_hp_per_floor":[52,47,47,47,47,41,41,41,41,62,51,51,71,23,44,0],"gold":185,"neow_bonus":"TRANSFORM_CARD","is_prod":false,"is_daily":false,"chose_seed":false,"campfire_upgraded":1,"win_rate":0,"timestamp":1556404658,"path_taken":["M","?","$","M","M","M","R","?","T","R","?","?","R","E","R","BOSS"],"build_version":"2019-01-23","purchased_purges":1,"victory":false,"max_hp_per_floor":[71,71,71,71,71,71,71,71,71,71,71,71,71,71,71,71],"card_choices":[{"not_picked":["Skim","Leap"],"picked":"Conserve Battery","floor":1},{"not_picked":["Blizzard","Hello World","Stack"],"picked":"SKIP","floor":4},{"not_picked":["Coolheaded","Hologram"],"picked":"Melter","floor":5},{"not_picked":["Rebound","Storm"],"picked":"Multi-Cast","floor":6},{"not_picked":["Rebound","Skim","Redo"],"picked":"SKIP","floor":11},{"not_picked":["Stack","Amplify"],"picked":"Hologram","floor":14},{"not_picked":["Cold Snap","Leap+1"],"picked":"Conserve Battery+1","floor":15}],"player_experience":853362,"relics_obtained":[{"floor":9,"key":"Omamori"},{"floor":12,"key":"Dream Catcher"},{"floor":14,"key":"Toxic Egg 2"}],"event_choices":[{"damage_healed":0,"gold_gain":0,"player_choice":"Success","damage_taken":5,"relics_obtained":["Pen Nib"],"max_hp_gain":0,"max_hp_loss":0,"event_name":"Scrap Ooze","floor":2,"gold_loss":0},{"damage_healed":0,"gold_gain":0,"player_choice":"Forge","damage_taken":0,"max_hp_gain":0,"max_hp_loss":0,"event_name":"Accursed Blacksmith","floor":8,"gold_loss":0,"cards_upgraded":["Zap"]}],"is_beta":false,"boss_relics":[],"items_purged_floors":[3],"is_endless":false,"potions_floor_spawned":[1,5,14],"killed_by":"Hexaghost","ascension_level":20}