{"gold_per_floor":[216,216,391,25,25,25,60,78,102,125,125,159,159,172,172,277,277,294,294,127,177,195,195,214,249,249,249,284,296,67,86,86,189,189,208,208,220,66,80,106,118,130,142,179,14,14,31,78,78,78],"floor_reached":51,"playtime":3399,"items_purged":["Doubt","Strike_R"],"score":1161,"play_id":"6b2113e1-d4da-4876-b0b7-b010f772849e","local_time":"20181212184013","is_ascension_mode":true,"campfire_choices":[{"floor":11,"key":"REST"},{"data":"Sword Boomerang","floor":13,"key":"SMITH"},{"data":"Uppercut","floor":15,"key":"SMITH"},{"data":"Feel No Pain","floor":23,"key":"SMITH"},{"data":"Inflame","floor":32,"key":"SMITH"},{"data":"Pommel Strike","floor":42,"key":"SMITH"},{"data":"Inflame","floor":46,"key":"SMITH"},{"data":"Inflame","floor":49,"key":"SMITH"}],"neow_cost":"NONE","seed_source_timestamp":463753836997920,"circlet_count":0,"master_deck":["AscendersBane","Strike_R","Strike_R","Strike_R","Strike_R+1","Defend_R","Defend_R+1","Defend_R","Defend_R","Bash+1","Battle Trance+1","Feel No Pain+1","Reaper+1","Sword Boomerang+1","Corruption","Uppercut+1","Offering+1","Shrug It Off+1","Disarm+1","Havoc+1","Offering+1","Pommel Strike+1","Iron Wave+1","Thunderclap","Body Slam","Warcry+1","Clothesline+1","Inflame+1","Sentinel+1","Armaments+1","Shrug It Off+1","Dark Embrace","Shrug It Off+1","Entrench+1","True Grit+1","Sentinel+1","Madness+1","Madness+1","Inflame+1","True Grit+1","Inflame+1","Armaments+1","Sentinel+1"],"relics":["Burning Blood","Toxic Egg 2","War Paint","Potion Belt","Whetstone","Oddly Smooth Stone","Snecko Eye","Bag of Marbles","Self Forming Clay","Anchor","Lizard Tail","MawBank","Darkstone Periapt","Meat on the Bone","PreservedInsect"],"potions_floor_usage":[12,25,28,33,44,50],"damage_taken":[{"damage":1,"enemies":"Cultist","floor":1,"turns":4},{"damage":55,"enemies":"Lagavulin","floor":7,"turns":8},{"damage":7,"enemies":"2 Louse","floor":8,"turns":5},{"damage":28,"enemies":"3 Sentries","floor":12,"turns":9},{"damage":12,"enemies":"Jaw Worm","floor":14,"turns":2},{"damage":35,"enemies":"The Guardian","floor":16,"turns":15},{"damage":9,"enemies":"Spheric Guardian","floor":18,"turns":4},{"damage":22,"enemies":"2 Thieves","floor":22,"turns":4},{"damage":12,"enemies":"Shelled Parasite and Fungi","floor":24,"turns":3},{"damage":25,"enemies":"Slavers","floor":25,"turns":6},{"damage":38,"enemies":"Colosseum Slavers","floor":27,"turns":5},{"damage":15,"enemies":"Book of Stabbing","floor":28,"turns":5},{"damage":6,"enemies":"Snake Plant","floor":29,"turns":4},{"damage":6,"enemies":"3 Cultists","floor":31,"turns":3},{"damage":32,"enemies":"Automaton","floor":33,"turns":8},{"damage":35,"enemies":"3 Darklings","floor":35,"turns":5},{"damage":10,"enemies":"3 Shapes","floor":37,"turns":4},{"damage":6,"enemies":"Maw","floor":39,"turns":8},{"damage":18,"enemies":"Nemesis","floor":40,"turns":7},{"damage":16,"enemies":"Reptomancer","floor":44,"turns":4},{"damage":6,"enemies":"Spire Growth","floor":47,"turns":3},{"damage":55,"enemies":"Time Eater","floor":50,"turns":10}],"seed_played":"-5832506203305508909","potions_obtained":[{"floor":7,"key":"PowerPotion"},{"floor":14,"key":"Explosive Potion"},{"floor":16,"key":"Weak Potion"},{"floor":22,"key":"Fire Potion"},{"floor":31,"key":"Explosive Potion"},{"floor":33,"key":"Weak Potion"},{"floor":35,"key":"Poison Potion"}],"is_trial":false,"path_per_floor":["M","?","?","$","?","?","E","M","T","T","R","E","R","M","R","B",null,"M","?","$","?","M","R","M","E","T","?","E","M","$","M","R","B",null,"M","?","M","$","M","E","?","R","T","E","$","R","M","T","R","B",null],"character_chosen":"IRONCLAD","items_purchased":["Feel No Pain","Toxic Egg 2","Havoc+1","Offering+1","Pommel Strike","Inflame","Sentinel+1","Armaments+1","PowerPotion","True Grit+1","True Grit+1","Inflame","Armaments+1"],"campfire_rested":1,"item_purchase_floors":[4,4,20,20,20,30,30,30,30,38,45,45,45],"current_hp_per_floor":[77,77,77,77,77,80,31,38,38,38,62,55,55,49,49,27,67,64,64,64,64,58,58,62,55,55,37,28,33,33,54,54,28,67,66,66,77,77,80,75,65,65,65,76,76,76,80,80,80,55],"gold":78,"neow_bonus":"HUNDRED_GOLD","is_prod":false,"is_daily":false,"chose_seed":false,"campfire_upgraded":7,"win_rate":0,"timestamp":1544658013,"path_taken":["M","?","?","$","?","?","E","?","T","?","R","E","R","M","R","BOSS","M","?","$","?","?","R","M","E","T","?","E","M","$","M","R","BOSS","M","?","M","$","M","E","?","R","T","E","$","R","M","?","R","BOSS"],"build_version":"2018-12-06","purchased_purges":2,"victory":true,"max_hp_per_floor":[80,80,80,80,80,80,80,80,80,80,80,80,80,80,80,80,80,80,80,80,80,80,80,80,80,80,80,80,80,80,80,80,80,80,80,80,80,80,80,80,80,80,80,80,80,80,80,80,80,80],"card_choices":[{"not_picked":["Iron Wave","Rupture"],"picked":"Battle Trance","floor":1},{"not_picked":["Feel No Pain","Warcry+1"],"picked":"Reaper","floor":7},{"not_picked":["Dual Wield+1","Warcry+1"],"picked":"Sword Boomerang","floor":8},{"not_picked":["Perfected Strike","Infernal Blade+1"],"picked":"Corruption","floor":12},{"not_picked":["Dual Wield+1","Wild Strike"],"picked":"Uppercut","floor":14},{"not_picked":["Reaper","Bludgeon"],"picked":"Offering+1","floor":16},{"not_picked":["Cleave","Feel No Pain"],"picked":"Shrug It Off+1","floor":18},{"not_picked":["Twin Strike","Anger"],"picked":"Iron Wave+1","floor":22},{"not_picked":["Sever Soul+1","Iron Wave"],"picked":"Thunderclap","floor":24},{"not_picked":["Dropkick","Immolate"],"picked":"Body Slam","floor":25},{"not_picked":["Fire Breathing+1","Bloodletting+1"],"picked":"Warcry+1","floor":28},{"not_picked":["Sword Boomerang","Pummel"],"picked":"Clothesline+1","floor":29},{"not_picked":["Ghostly Armor+1","Rupture"],"picked":"Shrug It Off+1","floor":31},{"not_picked":["Barricade","Berserk"],"picked":"Dark Embrace","floor":33},{"not_picked":["Cleave","Warcry+1"],"picked":"Shrug It Off+1","floor":35},{"not_picked":["Twin Strike+1","Sword Boomerang+1"],"picked":"Entrench+1","floor":37},{"not_picked":["Warcry+1","Headbutt+1"],"picked":"Sentinel+1","floor":39},{"not_picked":["Sword Boomerang","Rupture","Sever Soul"],"picked":"SKIP","floor":40},{"not_picked":["Exhume+1","Hemokinesis"],"picked":"Inflame","floor":44},{"not_picked":["Clothesline","Seeing Red+1"],"picked":"Sentinel+1","floor":47}],"player_experience":320176,"relics_obtained":[{"floor":7,"key":"War Paint"},{"floor":9,"key":"Potion Belt"},{"floor":10,"key":"Whetstone"},{"floor":12,"key":"Oddly Smooth Stone"},{"floor":25,"key":"Bag of Marbles"},{"floor":26,"key":"Self Forming Clay"},{"floor":28,"key":"Anchor"},{"floor":40,"key":"MawBank"},{"floor":43,"key":"Darkstone Periapt"},{"floor":44,"key":"Meat on the Bone"},{"floor":48,"key":"PreservedInsect"}],"event_choices":[{"damage_healed":0,"gold_gain":0,"player_choice":"Leave","damage_taken":0,"max_hp_gain":0,"max_hp_loss":0,"event_name":"The Cleric","floor":2,"gold_loss":0},{"damage_healed":0,"gold_gain":175,"player_choice":"AGREE","damage_taken":0,"max_hp_gain":0,"max_hp_loss":0,"event_name":"Liars Game","floor":3,"gold_loss":0,"cards_obtained":["Doubt"]},{"damage_healed":0,"gold_gain":0,"player_choice":"Grow","damage_taken":0,"max_hp_gain":0,"max_hp_loss":0,"event_name":"Living Wall","floor":5,"gold_loss":0,"cards_upgraded":["Bash"]},{"damage_healed":3,"gold_gain":0,"player_choice":"Full Heal","damage_taken":0,"max_hp_gain":0,"max_hp_loss":0,"event_name":"Wheel of Change","floor":6,"gold_loss":0},{"damage_healed":0,"gold_gain":0,"player_choice":"Read","damage_taken":0,"max_hp_gain":0,"max_hp_loss":0,"event_name":"The Library","floor":19,"gold_loss":0,"cards_obtained":["Disarm"]},{"damage_healed":0,"gold_gain":100,"player_choice":"Bet on Murderer","damage_taken":0,"max_hp_gain":0,"max_hp_loss":0,"event_name":"The Joust","floor":21,"gold_loss":50},{"damage_healed":0,"gold_gain":0,"player_choice":"Fight","damage_taken":0,"max_hp_gain":0,"max_hp_loss":0,"event_name":"Colosseum","floor":27,"gold_loss":0},{"damage_healed":0,"gold_gain":0,"player_choice":"Fled From Nobs","damage_taken":0,"max_hp_gain":0,"max_hp_loss":0,"event_name":"Colosseum","floor":27,"gold_loss":0},{"damage_healed":0,"gold_gain":0,"player_choice":"Ignored","damage_taken":0,"max_hp_gain":0,"max_hp_loss":0,"event_name":"Mysterious Sphere","floor":36,"gold_loss":0},{"damage_healed":0,"gold_gain":0,"player_choice":"Embrace Madness","damage_taken":10,"max_hp_gain":0,"max_hp_loss":0,"event_name":"Winding Halls","floor":41,"gold_loss":0,"cards_obtained":["Madness","Madness"]}],"is_beta":false,"boss_relics":[{"not_picked":["Eternal Feather","Fusion Hammer"],"picked":"Snecko Eye"},{"not_picked":["Calling Bell","Runic Pyramid"],"picked":"Lizard Tail"}],"items_purged_floors":[4,38],"is_endless":false,"potions_floor_spawned":[7,14,16,22,31,33,35],"ascension_level":10}