{"gold_per_floor":[116,131,131,155,178,221,221,259,259,290,48,71,89,102,102,230,230,243,284,199,199,212,212,228,264,312,352,365,384,397,412,412,531,531,551,570,792,807,1232,1266,1266,1302,1350,1366,1391,1407,1426,1442,1442,1442],"floor_reached":51,"playtime":4145,"items_purged":[],"score":804,"play_id":"38dd1d51-29e2-40a3-9d5e-ad8a340b419c","local_time":"20190517173809","is_ascension_mode":false,"campfire_choices":[{"data":"Malaise","floor":15,"key":"SMITH"},{"data":"Wraith Form v2","floor":23,"key":"SMITH"},{"data":"Sucker Punch","floor":32,"key":"SMITH"},{"data":"Footwork","floor":49,"key":"SMITH"}],"neow_cost":"NONE","seed_source_timestamp":44748615768600,"circlet_count":0,"master_deck":["Defend_G","Defend_G","Defend_G","Defend_G","Defend_G","Strike_G","Strike_G","Strike_G","Strike_G","Strike_G","Survivor","Neutralize+1","Cloak And Dagger","Dodge and Roll","Quick Slash","Flying Knee","Dagger Spray","Terror","Noxious Fumes+1","Footwork+1","Footwork","Malaise+1","Outmaneuver","Dagger Spray","Finisher","Backstab","Wraith Form v2+1","Riddle With Holes","Sucker Punch+1","Backstab","Caltrops","Expertise+1","Cloak And Dagger+1","Terror+1","Die Die Die","Dodge and Roll","Malaise","Choke","Dash+1","Deadly Poison+1","Sucker Punch+1","Deflect+1","PiercingWail","Deadly Poison+1","Quick Slash","Finisher+1"],"special_seed":0,"relics":["Ring of the Snake","Golden Idol","The Courier","Happy Flower","Vajra","Mercury Hourglass","Philosopher\u0027s Stone","Red Mask","Ice Cream","MutagenicStrength","Bag of Preparation","Centennial Puzzle","Mummified Hand","Coffee Dripper","Old Coin","Unceasing Top","Blood Vial","Bronze Scales"],"potions_floor_usage":[19,25,27,30,30,33,40,50],"damage_taken":[{"damage":0.0,"enemies":"Jaw Worm","floor":1.0,"turns":4.0},{"damage":0.0,"enemies":"Small Slimes","floor":2.0,"turns":3.0},{"damage":0.0,"enemies":"2 Louse","floor":4.0,"turns":3.0},{"damage":1.0,"enemies":"2 Fungi Beasts","floor":5.0,"turns":4.0},{"damage":8.0,"enemies":"Gremlin Nob","floor":6.0,"turns":4.0},{"damage":6.0,"enemies":"3 Sentries","floor":8.0,"turns":6.0},{"damage":8.0,"enemies":"Gremlin Nob","floor":10.0,"turns":3.0},{"damage":0.0,"enemies":"Large Slime","floor":12.0,"turns":7.0},{"damage":0,"enemies":"Looter","floor":13,"turns":3},{"damage":0,"enemies":"Lots of Slimes","floor":14,"turns":2},{"damage":2,"enemies":"Slime Boss","floor":16,"turns":8},{"damage":0,"enemies":"3 Byrds","floor":18,"turns":5},{"damage":0,"enemies":"Masked Bandits","floor":19,"turns":2},{"damage":0,"enemies":"Spheric Guardian","floor":22,"turns":3},{"damage":5,"enemies":"Centurion and Healer","floor":24,"turns":3},{"damage":9,"enemies":"Slavers","floor":25,"turns":3},{"damage":0,"enemies":"Gremlin Leader","floor":27,"turns":3},{"damage":0,"enemies":"3 Cultists","floor":28,"turns":3},{"damage":0,"enemies":"Cultist and Chosen","floor":29,"turns":3},{"damage":0,"enemies":"Centurion and Healer","floor":30,"turns":5},{"damage":0,"enemies":"Shelled Parasite and Fungi","floor":31,"turns":4},{"damage":23,"enemies":"Collector","floor":33,"turns":8},{"damage":0,"enemies":"Orb Walker","floor":35,"turns":2},{"damage":0,"enemies":"3 Darklings","floor":36,"turns":2},{"damage":3,"enemies":"Maw","floor":38,"turns":7},{"damage":0,"enemies":"Mind Bloom Boss Battle","floor":39,"turns":7},{"damage":10,"enemies":"Nemesis","floor":40,"turns":5},{"damage":2,"enemies":"Giant Head","floor":42,"turns":6},{"damage":0,"enemies":"Jaw Worm Horde","floor":44,"turns":3},{"damage":1,"enemies":"Spire Growth","floor":45,"turns":3},{"damage":3,"enemies":"Writhing Mass","floor":46,"turns":4},{"damage":0,"enemies":"4 Shapes","floor":47,"turns":4},{"damage":1,"enemies":"Jaw Worm Horde","floor":48,"turns":2},{"damage":2,"enemies":"Awakened One","floor":50,"turns":15}],"seed_played":"-323172903229412687","potions_obtained":[{"floor":2.0,"key":"SteroidPotion"},{"floor":6.0,"key":"Regen Potion"},{"floor":8.0,"key":"FearPotion"},{"floor":12,"key":"EssenceOfSteel"},{"floor":14,"key":"GamblersBrew"},{"floor":22,"key":"Strength Potion"},{"floor":25,"key":"Poison Potion"},{"floor":27,"key":"Swift Potion"},{"floor":31,"key":"EssenceOfSteel"},{"floor":33,"key":"SkillPotion"},{"floor":35,"key":"Ancient Potion"},{"floor":44,"key":"Strength Potion"},{"floor":47,"key":"Block Potion"}],"is_trial":false,"path_per_floor":["M","M","?","M","M","E","?","E","T","E","$","M","M","M","R","B",null,"M","?","?","?","M","R","M","E","T","E","M","M","M","M","R","B",null,"M","M","?","M","?","E","?","E","T","M","M","M","M","M","R","B",null],"character_chosen":"THE_SILENT","items_purchased":["Footwork","Footwork","Malaise","Outmaneuver"],"campfire_rested":0,"item_purchase_floors":[11,11,11,11],"current_hp_per_floor":[70,70,53,53,52,44,67,61,61,53,53,53,53,53,53,51,70,70,70,70,70,70,70,65,56,56,56,56,56,56,56,56,33,70,70,70,70,67,67,57,57,55,55,57,58,57,59,60,60,60],"gold":1442,"neow_bonus":"UPGRADE_CARD","is_prod":false,"is_daily":false,"chose_seed":false,"campfire_upgraded":4,"win_rate":1,"timestamp":1558139889,"path_taken":["M","M","?","M","M","E","?","E","T","E","$","M","M","M","R","BOSS","M","?","?","?","M","R","M","E","T","E","M","M","M","M","R","BOSS","M","M","?","M","?","E","?","E","T","?","M","M","M","M","R","BOSS"],"build_version":"2019-01-23","purchased_purges":0,"victory":true,"max_hp_per_floor":[70,70,70,70,70,70,70,70,70,70,70,70,70,70,70,70,70,70,70,70,70,70,70,70,70,70,70,70,70,70,70,70,70,70,70,70,70,70,70,70,70,70,70,70,70,70,70,70,70,70],"card_choices":[{"not_picked":["Setup","Acrobatics"],"picked":"Cloak And Dagger","floor":1.0},{"not_picked":["Acrobatics","Quick Slash"],"picked":"Dodge and Roll","floor":2.0},{"not_picked":["Slice","Blade Dance"],"picked":"Quick Slash","floor":4.0},{"not_picked":["Outmaneuver","Envenom"],"picked":"Flying Knee","floor":5.0},{"not_picked":["Outmaneuver","Concentrate"],"picked":"Dagger Spray","floor":6.0},{"not_picked":["Poisoned Stab","Flechettes"],"picked":"Terror","floor":8.0},{"not_picked":["Leg Sweep","Dagger Throw"],"picked":"Noxious Fumes","floor":10.0},{"not_picked":["Cloak And Dagger","Underhanded Strike"],"picked":"Dagger Spray","floor":12},{"not_picked":["Calculated Gamble","Dodge and Roll"],"picked":"Finisher","floor":13},{"not_picked":["Outmaneuver","Endless Agony"],"picked":"Backstab","floor":14},{"not_picked":["Storm of Steel","Venomology"],"picked":"Wraith Form v2","floor":16},{"not_picked":["Reflex","Outmaneuver"],"picked":"Riddle With Holes","floor":18},{"not_picked":["Underhanded Strike","Accuracy+1"],"picked":"Sucker Punch","floor":19},{"not_picked":["Dodge and Roll","Flying Knee"],"picked":"Backstab","floor":22},{"not_picked":["Choke","Cloak And Dagger"],"picked":"Caltrops","floor":24},{"not_picked":["Acrobatics","Masterful Stab+1"],"picked":"Expertise+1","floor":25},{"not_picked":["Concentrate","Bane"],"picked":"Cloak And Dagger+1","floor":27},{"not_picked":["Deadly Poison","All Out Attack"],"picked":"Terror+1","floor":28},{"not_picked":["Outmaneuver+1","Distraction"],"picked":"Die Die Die","floor":29},{"not_picked":["Poisoned Stab","Bane","Dagger Throw"],"picked":"SKIP","floor":30},{"not_picked":["Concentrate","Dagger Spray"],"picked":"Dodge and Roll","floor":31},{"not_picked":["Phantasmal Killer","Storm of Steel"],"picked":"Malaise","floor":33},{"not_picked":["Blade Dance+1","Dagger Spray"],"picked":"Choke","floor":35},{"not_picked":["Eviscerate","Dodge and Roll+1"],"picked":"Dash+1","floor":36},{"not_picked":["Dodge and Roll+1","Backflip"],"picked":"Deadly Poison+1","floor":38},{"not_picked":["Dodge and Roll+1","Deadly Poison"],"picked":"Sucker Punch+1","floor":40},{"not_picked":["A Thousand Cuts","Concentrate"],"picked":"Deflect+1","floor":42},{"not_picked":["Catalyst","Reflex"],"picked":"PiercingWail","floor":44},{"not_picked":["Dagger Throw","Eviscerate+1","Reflex"],"picked":"SKIP","floor":45},{"not_picked":["Finisher","Choke+1"],"picked":"Deadly Poison+1","floor":46},{"not_picked":["Outmaneuver+1","Concentrate+1"],"picked":"Quick Slash","floor":47},{"not_picked":["Dodge and Roll+1","Quick Slash+1"],"picked":"Finisher+1","floor":48}],"player_experience":801645,"relics_obtained":[{"floor":6.0,"key":"The Courier"},{"floor":8.0,"key":"Happy Flower"},{"floor":9.0,"key":"Vajra"},{"floor":10.0,"key":"Mercury Hourglass"},{"floor":19,"key":"Red Mask"},{"floor":25,"key":"Bag of Preparation"},{"floor":26,"key":"Centennial Puzzle"},{"floor":27,"key":"Mummified Hand"},{"floor":39,"key":"Old Coin"},{"floor":40,"key":"Unceasing Top"},{"floor":42,"key":"Blood Vial"},{"floor":43,"key":"Bronze Scales"}],"event_choices":[{"damage_healed":0.0,"max_hp_gain":0.0,"max_hp_loss":0.0,"gold_gain":0.0,"event_name":"Golden Idol","player_choice":"Take Damage","floor":3.0,"gold_loss":0.0,"damage_taken":17.0,"relics_obtained":["Golden Idol"]},{"damage_healed":23.0,"max_hp_gain":0.0,"max_hp_loss":0.0,"gold_gain":0.0,"event_name":"Big Fish","player_choice":"Banana","floor":7.0,"gold_loss":0.0,"damage_taken":0.0},{"damage_healed":0,"gold_gain":0,"player_choice":"Fought Bandits","damage_taken":0,"max_hp_gain":0,"max_hp_loss":0,"event_name":"Masked Bandits","floor":19,"gold_loss":0},{"damage_healed":0,"gold_gain":0,"player_choice":"Obtained Relic","damage_taken":0,"relics_obtained":["Ice Cream"],"max_hp_gain":0,"max_hp_loss":0,"event_name":"Addict","floor":20,"gold_loss":85},{"damage_healed":0,"gold_gain":0,"player_choice":"Inject Mutagens","damage_taken":0,"relics_obtained":["MutagenicStrength"],"max_hp_gain":0,"max_hp_loss":0,"event_name":"Drug Dealer","floor":21,"gold_loss":0},{"damage_healed":0,"gold_gain":222,"player_choice":"Wore Mask","damage_taken":0,"max_hp_gain":0,"max_hp_loss":0,"event_name":"Tomb of Lord Red Mask","floor":37,"gold_loss":0},{"damage_healed":0,"gold_gain":0,"player_choice":"Fight","damage_taken":0,"max_hp_gain":0,"max_hp_loss":0,"event_name":"MindBloom","floor":39,"gold_loss":0},{"damage_healed":0,"gold_gain":0,"player_choice":"Forge","damage_taken":0,"max_hp_gain":0,"max_hp_loss":0,"event_name":"Accursed Blacksmith","floor":41,"gold_loss":0,"cards_upgraded":["Noxious Fumes"]}],"is_beta":false,"boss_relics":[{"not_picked":["HoveringKite","Pandora\u0027s Box"],"picked":"Philosopher\u0027s Stone"},{"not_picked":["White Beast Statue","Cursed Key"],"picked":"Coffee Dripper"}],"items_purged_floors":[],"is_endless":false,"potions_floor_spawned":[2,6,8,12,14,22,25,27,28,31,33,35,38,44,46,47],"ascension_level":0}