{"gold_per_floor":[115,131,142,142,160,191,191,211,211,231,251,251,27,12,12,12],"floor_reached":16,"playtime":1363,"items_purged":["Strike_R"],"score":111,"play_id":"10b27b10-745d-4c09-a8f1-d41546a256c9","local_time":"20190428161845","is_ascension_mode":true,"campfire_choices":[{"floor":12,"key":"REST"},{"floor":15,"key":"REST"}],"neow_cost":"NONE","seed_source_timestamp":1216241824180707,"circlet_count":0,"master_deck":["Strike_R","Strike_R+1","Strike_R","Defend_R","Defend_R","Defend_R","Defend_R","Bash","Metallicize","Shrug It Off","Pommel Strike","Impervious","Shrug It Off+1","Evolve","Spot Weakness","Feed","Power Through"],"relics":["Burning Blood","Question Card","Dodecahedron","Darkstone Periapt"],"potions_floor_usage":[11,16],"damage_taken":[{"damage":11,"enemies":"Jaw Worm","floor":1,"turns":6},{"damage":0,"enemies":"Cultist","floor":2,"turns":5},{"damage":0,"enemies":"2 Louse","floor":3,"turns":4},{"damage":10,"enemies":"Large Slime","floor":5,"turns":10},{"damage":34,"enemies":"Gremlin Nob","floor":6,"turns":6},{"damage":2,"enemies":"Looter","floor":8,"turns":4},{"damage":11,"enemies":"Exordium Wildlife","floor":10,"turns":11},{"damage":9,"enemies":"Red Slaver","floor":11,"turns":6},{"damage":11,"enemies":"Exordium Thugs","floor":14,"turns":5},{"damage":71,"enemies":"Hexaghost","floor":16,"turns":16}],"seed_played":"-5324226354880552077","potions_obtained":[{"floor":8,"key":"Dexterity Potion"},{"floor":10,"key":"EssenceOfSteel"}],"is_trial":false,"path_per_floor":["M","M","M","?","M","E","?","M","T","M","M","R","$","M","R","B"],"character_chosen":"IRONCLAD","items_purchased":["Feed"],"campfire_rested":2,"item_purchase_floors":[13],"current_hp_per_floor":[75,80,80,77,73,45,29,33,33,28,25,49,49,44,68,0],"gold":12,"neow_bonus":"TRANSFORM_CARD","is_prod":false,"is_daily":false,"chose_seed":false,"campfire_upgraded":0,"win_rate":0,"timestamp":1556482725,"path_taken":["M","M","M","?","M","E","?","M","T","M","M","R","$","M","R","BOSS"],"build_version":"2019-01-23","purchased_purges":1,"victory":false,"max_hp_per_floor":[80,80,80,80,80,80,80,80,80,80,80,80,80,80,80,80],"card_choices":[{"not_picked":["Sword Boomerang","Twin Strike"],"picked":"Shrug It Off","floor":1},{"not_picked":["Sword Boomerang","Clash"],"picked":"Pommel Strike","floor":2},{"not_picked":["Headbutt","Thunderclap","Iron Wave"],"picked":"SKIP","floor":3},{"not_picked":["Headbutt","Warcry","Thunderclap"],"picked":"Impervious","floor":5},{"not_picked":["Impervious","Headbutt","Wild Strike"],"picked":"Shrug It Off","floor":6},{"not_picked":["Havoc","Uppercut","Perfected Strike"],"picked":"Evolve","floor":8},{"not_picked":["Sentinel","True Grit","Hemokinesis","Battle Trance"],"picked":"SKIP","floor":10},{"not_picked":["Whirlwind","Wild Strike","Hemokinesis"],"picked":"Spot Weakness","floor":11},{"not_picked":["Anger","Sentinel","Warcry"],"picked":"Power Through","floor":14}],"player_experience":149959,"relics_obtained":[{"floor":6,"key":"Dodecahedron"},{"floor":9,"key":"Darkstone Periapt"}],"event_choices":[{"damage_healed":0,"gold_gain":0,"player_choice":"Success","damage_taken":3,"relics_obtained":["Question Card"],"max_hp_gain":0,"max_hp_loss":0,"event_name":"Scrap Ooze","floor":4,"gold_loss":0},{"damage_healed":0,"gold_gain":0,"player_choice":"Entered Light","damage_taken":16,"max_hp_gain":0,"max_hp_loss":0,"event_name":"Shining Light","floor":7,"gold_loss":0,"cards_upgraded":["Shrug It Off","Strike_R"]}],"is_beta":false,"boss_relics":[],"items_purged_floors":[13],"is_endless":false,"potions_floor_spawned":[8,10],"killed_by":"Hexaghost","ascension_level":1}