{"gold_per_floor":[115,127,127,0,10,10,41,61,84,84,84,26,37,56,56,130,130,141,115,134,147,197,197,226,240,264,164,181,198,198],"floor_reached":30,"playtime":3998,"items_purged":["Decay","Loop+1"],"score":461,"play_id":"4cc1872c-b590-413f-af23-2b11f64ed774","local_time":"20190314210632","is_ascension_mode":true,"campfire_choices":[{"data":"Self Repair","floor":6.0,"key":"SMITH"},{"data":"Machine Learning","floor":11.0,"key":"SMITH"},{"floor":15.0,"key":"REST"},{"floor":23.0,"key":"REST"}],"neow_cost":"CURSE","seed_source_timestamp":1104076003066600,"circlet_count":0,"master_deck":["AscendersBane","Defend_B","Defend_B","Defend_B","Defend_B","Fusion","Auto Shields","Beam Cell","Undo","Streamline","Self Repair+1","Genetic Algorithm","Machine Learning+1","Self Repair","Double Energy","Leap","Hyperbeam","Rebound+1","Ball Lightning+1","Conserve Battery+1","Aggregate+1","Conserve Battery"],"special_seed":0,"relics":["Cracked Core","Omamori","Bag of Preparation","Dream Catcher","Astrolabe","DataDisk","Blood Vial"],"potions_floor_usage":[],"damage_taken":[{"damage":10.0,"enemies":"Jaw Worm","floor":1.0,"turns":4.0},{"damage":6.0,"enemies":"2 Louse","floor":2.0,"turns":3.0},{"damage":0.0,"enemies":"Small Slimes","floor":5.0,"turns":4.0},{"damage":5.0,"enemies":"Lagavulin","floor":7.0,"turns":8.0},{"damage":9.0,"enemies":"Exordium Wildlife","floor":8.0,"turns":5.0},{"damage":0.0,"enemies":"Lots of Slimes","floor":13.0,"turns":2.0},{"damage":22.0,"enemies":"Gremlin Gang","floor":14.0,"turns":7.0},{"damage":25.0,"enemies":"Slime Boss","floor":16.0,"turns":17.0},{"damage":15.0,"enemies":"Chosen","floor":18.0,"turns":6.0},{"damage":14.0,"enemies":"2 Thieves","floor":19.0,"turns":5.0},{"damage":32.0,"enemies":"Snake Plant","floor":20.0,"turns":5.0},{"damage":47.0,"enemies":"Cultist and Chosen","floor":21.0,"turns":9.0},{"damage":16.0,"enemies":"Slavers","floor":24.0,"turns":7.0},{"damage":0.0,"enemies":"Snecko","floor":25.0,"turns":6.0},{"damage":12.0,"enemies":"Centurion and Healer","floor":28.0,"turns":7.0},{"damage":19,"enemies":"Chosen and Byrds","floor":29,"turns":8},{"damage":90,"enemies":"Book of Stabbing","floor":30,"turns":8}],"seed_played":"-6726858481388641307","potions_obtained":[{"floor":1.0,"key":"Dexterity Potion"},{"floor":5.0,"key":"SkillPotion"},{"floor":7.0,"key":"PowerPotion"},{"floor":18.0,"key":"FearPotion"},{"floor":20.0,"key":"GamblersBrew"},{"floor":21.0,"key":"Regen Potion"},{"floor":28.0,"key":"SpeedPotion"}],"is_trial":false,"path_per_floor":["M","M","?","$","M","R","E","M","T","?","R","?","M","M","R","B",null,"M","M","M","M","?","R","E","M","T","$","M","M","E"],"character_chosen":"DEFECT","items_purchased":["Streamline"],"campfire_rested":2,"item_purchase_floors":[4],"current_hp_per_floor":[54,48,48,48,48,48,53,54,54,54,54,54,54,49,70,62,69,71,64,49,19,19,40,56,71,71,71,71,69,0],"gold":198,"neow_bonus":"TRANSFORM_TWO_CARDS","is_prod":false,"is_daily":false,"chose_seed":false,"campfire_upgraded":2,"win_rate":0,"timestamp":1552590392,"path_taken":["M","M","?","$","M","R","E","M","T","?","R","?","M","M","R","BOSS","M","?","M","?","?","R","E","?","T","$","M","?","E"],"build_version":"2019-01-23","purchased_purges":2,"victory":false,"max_hp_per_floor":[71,71,71,71,71,71,71,71,71,71,71,71,71,71,71,71,71,71,71,71,71,71,71,71,71,71,71,71,71,71],"card_choices":[{"not_picked":["Cold Snap","Steam Power"],"picked":"Beam Cell","floor":1.0},{"not_picked":["Rebound","Hologram"],"picked":"Undo","floor":2.0},{"not_picked":["Cold Snap","Redo"],"picked":"Self Repair","floor":5.0},{"not_picked":["Beam Cell","Darkness"],"picked":"Genetic Algorithm","floor":7.0},{"not_picked":["Barrage","Stack"],"picked":"Machine Learning","floor":8.0},{"not_picked":["Blizzard","Redo"],"picked":"Self Repair","floor":13.0},{"not_picked":["Cold Snap","Compile Driver"],"picked":"Double Energy","floor":14.0},{"not_picked":["Capacitor","Chaos"],"picked":"Leap","floor":15.0},{"not_picked":["Creative AI","Biased Cognition"],"picked":"Hyperbeam","floor":16.0},{"not_picked":["Go for the Eyes","Compile Driver","Redo"],"picked":"SKIP","floor":18.0},{"not_picked":["Barrage","Leap+1"],"picked":"Conserve Battery+1","floor":19.0},{"not_picked":["Beam Cell","Redo","Capacitor"],"picked":"SKIP","floor":20.0},{"not_picked":["Seek","Doom and Gloom","Scrape"],"picked":"SKIP","floor":21.0},{"not_picked":["Loop+1","Barrage"],"picked":"Aggregate+1","floor":23.0},{"not_picked":["Redo","Undo+1"],"picked":"Conserve Battery","floor":24.0},{"not_picked":["Rebound","Chaos","Hologram"],"picked":"SKIP","floor":25.0},{"not_picked":["Cold Snap","Rebound","Redo"],"picked":"SKIP","floor":28.0},{"not_picked":["Turbo+1","Defragment","White Noise"],"picked":"SKIP","floor":29}],"player_experience":752393,"relics_obtained":[{"floor":7.0,"key":"Omamori"},{"floor":9.0,"key":"Bag of Preparation"},{"floor":24.0,"key":"DataDisk"},{"floor":26.0,"key":"Blood Vial"}],"event_choices":[{"damage_healed":0.0,"max_hp_gain":0.0,"max_hp_loss":0.0,"gold_gain":0.0,"event_name":"Liars Game","player_choice":"Ignored","floor":3.0,"gold_loss":0.0,"damage_taken":0.0},{"cards_removed":["Strike_B"],"damage_healed":0.0,"max_hp_gain":0.0,"max_hp_loss":0.0,"gold_gain":0.0,"event_name":"Living Wall","player_choice":"Forget","floor":10.0,"gold_loss":0.0,"damage_taken":0.0},{"damage_healed":0.0,"max_hp_gain":0.0,"max_hp_loss":0.0,"gold_gain":0.0,"event_name":"WeMeetAgain","player_choice":"Paid Gold","floor":12.0,"gold_loss":58.0,"damage_taken":0.0,"relics_obtained":["Dream Catcher"]},{"damage_healed":0.0,"max_hp_gain":0.0,"max_hp_loss":0.0,"gold_gain":50.0,"event_name":"Golden Shrine","player_choice":"Pray","floor":22.0,"gold_loss":0.0,"damage_taken":0.0}],"is_beta":false,"boss_relics":[{"not_picked":["Fusion Hammer","Orrery"],"picked":"Astrolabe"}],"items_purged_floors":[4,27],"is_endless":false,"potions_floor_spawned":[1,5,7,18,20,21,28],"killed_by":"Book of Stabbing","ascension_level":16}