{"gold_per_floor":[115,128,128,141,154,154,154,154,177,208,57,73,91,115,115,246,246,186,36,36,36,54,54,75,106,106,106,106,122,122,42,42,161,161,176,27,51,70,70],"floor_reached":39,"playtime":3564,"items_purged":["Strike_G"],"score":474,"play_id":"ee36dcb0-331e-48ee-83b0-45c417a50904","local_time":"20190517182600","is_ascension_mode":true,"campfire_choices":[{"data":"Neutralize","floor":6.0,"key":"SMITH"},{"data":"Noxious Fumes","floor":8.0,"key":"SMITH"},{"data":"Noxious Fumes","floor":15.0,"key":"SMITH"},{"data":"Adrenaline","floor":23.0,"key":"SMITH"},{"data":"Well Laid Plans","floor":28.0,"key":"SMITH"},{"floor":30.0,"key":"REST"},{"data":"Dodge and Roll","floor":32.0,"key":"SMITH"}],"neow_cost":"NONE","seed_source_timestamp":99101254017665,"circlet_count":0,"master_deck":["Defend_G","Defend_G","Defend_G","Defend_G","Defend_G","Strike_G","Strike_G","Strike_G","Strike_G","Survivor+1","Neutralize+1","Concentrate","Noxious Fumes+1","Dodge and Roll","Noxious Fumes+1","Tactician","Caltrops","PiercingWail","Deflect","Venomology","Deadly Poison","Bullet Time","Adrenaline+1","Dodge and Roll+1","Well Laid Plans+1","Adrenaline","RitualDagger","Backflip","Leg Sweep","Doppelganger","Setup+1","After Image"],"special_seed":0,"relics":["Eternal Feather","Golden Idol","Dream Catcher","Art of War","Black Star","Snake Skull","Incense Burner","Paper Crane","Gremlin Horn","Philosopher\u0027s Stone"],"potions_floor_usage":[35,37,38,39,39],"damage_taken":[{"damage":0.0,"enemies":"Jaw Worm","floor":1.0,"turns":5.0},{"damage":0.0,"enemies":"Small Slimes","floor":2.0,"turns":4.0},{"damage":2.0,"enemies":"2 Louse","floor":4.0,"turns":4.0},{"damage":3.0,"enemies":"Blue Slaver","floor":5.0,"turns":6.0},{"damage":11.0,"enemies":"Lagavulin","floor":10.0,"turns":8.0},{"damage":4.0,"enemies":"Gremlin Gang","floor":12.0,"turns":4.0},{"damage":17.0,"enemies":"3 Louse","floor":13.0,"turns":3.0},{"damage":4.0,"enemies":"Looter","floor":14.0,"turns":4.0},{"damage":36.0,"enemies":"Slime Boss","floor":16.0,"turns":10.0},{"damage":17.0,"enemies":"2 Thieves","floor":18.0,"turns":4.0},{"damage":0.0,"enemies":"Chosen","floor":22.0,"turns":5.0},{"damage":15.0,"enemies":"Centurion and Healer","floor":24.0,"turns":8.0},{"damage":45.0,"enemies":"Book of Stabbing","floor":25.0,"turns":7.0},{"damage":16.0,"enemies":"3 Cultists","floor":29.0,"turns":6.0},{"damage":0.0,"enemies":"Automaton","floor":33.0,"turns":11.0},{"damage":36,"enemies":"Orb Walker","floor":35,"turns":7},{"damage":3,"enemies":"3 Shapes","floor":37,"turns":6},{"damage":5,"enemies":"Maw","floor":38,"turns":11},{"damage":27,"enemies":"Jaw Worm Horde","floor":39,"turns":2}],"seed_played":"-3264736840965288869","potions_obtained":[{"floor":1.0,"key":"SpeedPotion"},{"floor":2.0,"key":"GamblersBrew"},{"floor":5.0,"key":"FearPotion"},{"floor":10.0,"key":"LiquidBronze"},{"floor":24.0,"key":"Regen Potion"},{"floor":29.0,"key":"GhostInAJar"}],"is_trial":false,"path_per_floor":["M","M","?","M","M","R","?","R","T","E","$","M","M","M","R","B",null,"M","$","?","?","M","R","M","E","T","?","R","M","R","$","R","B",null,"M","$","M","M","M"],"character_chosen":"THE_SILENT","items_purchased":["Caltrops","PiercingWail","Deflect","Snake Skull","Leg Sweep","After Image"],"campfire_rested":1,"item_purchase_floors":[11,11,11,19,31,36],"current_hp_per_floor":[70,70,53,51,48,57,57,66,66,55,55,51,34,30,42,6,70,53,53,53,53,53,68,53,23,23,17,32,16,52,52,70,70,70,34,34,31,26,0],"gold":70,"neow_bonus":"BOSS_RELIC","is_prod":false,"is_daily":false,"chose_seed":false,"campfire_upgraded":6,"win_rate":0,"timestamp":1558110360,"path_taken":["M","M","?","M","M","R","?","R","T","E","$","M","M","M","R","BOSS","M","$","?","?","M","R","M","E","T","?","R","M","R","?","R","BOSS","M","$","M","?","M"],"build_version":"2019-01-23","purchased_purges":1,"victory":false,"max_hp_per_floor":[70,70,70,70,70,70,70,70,70,70,70,70,70,70,70,70,70,70,70,70,70,70,70,70,70,70,70,70,70,70,70,70,70,70,70,70,70,70,70],"card_choices":[{"not_picked":["Sucker Punch","Heel Hook"],"picked":"Concentrate","floor":1.0},{"not_picked":["All Out Attack","Cloak And Dagger"],"picked":"Noxious Fumes","floor":2.0},{"not_picked":["Masterful Stab","Deflect"],"picked":"Dodge and Roll","floor":4.0},{"not_picked":["Riddle With Holes","Endless Agony"],"picked":"Noxious Fumes","floor":5.0},{"not_picked":["Dagger Throw","Riddle With Holes"],"picked":"Tactician","floor":10.0},{"not_picked":["Calculated Gamble","Masterful Stab"],"picked":"Venomology","floor":12.0},{"not_picked":["Dagger Spray","Quick Slash"],"picked":"Deadly Poison","floor":13.0},{"not_picked":["Slice","Sucker Punch"],"picked":"Bullet Time","floor":14.0},{"not_picked":["Burst","A Thousand Cuts"],"picked":"Adrenaline","floor":16.0},{"not_picked":["Acrobatics","Cloak And Dagger"],"picked":"Dodge and Roll","floor":18.0},{"not_picked":["Blade Dance","Flying Knee","Crippling Poison"],"picked":"SKIP","floor":22.0},{"not_picked":["Choke","Flying Knee"],"picked":"Well Laid Plans","floor":24.0},{"not_picked":["Bane+1","Choke"],"picked":"Adrenaline","floor":25.0},{"not_picked":["Heel Hook","Flying Knee","Cloak And Dagger"],"picked":"SKIP","floor":29.0},{"not_picked":["PiercingWail","Dagger Throw"],"picked":"Backflip","floor":30.0},{"not_picked":["Adrenaline","Unload"],"picked":"Doppelganger","floor":33.0},{"not_picked":["Underhanded Strike+1","PiercingWail"],"picked":"Setup+1","floor":35},{"not_picked":["Prepared","Cloak And Dagger+1","Sucker Punch"],"picked":"SKIP","floor":37},{"not_picked":["Sucker Punch","Distraction+1","Flying Knee+1"],"picked":"SKIP","floor":38}],"player_experience":310980,"relics_obtained":[{"floor":9.0,"key":"Dream Catcher"},{"floor":10.0,"key":"Art of War"},{"floor":25.0,"key":"Incense Burner"},{"floor":25.0,"key":"Paper Crane"},{"floor":26.0,"key":"Gremlin Horn"}],"event_choices":[{"damage_healed":0.0,"max_hp_gain":0.0,"max_hp_loss":0.0,"gold_gain":0.0,"event_name":"Golden Idol","player_choice":"Take Damage","floor":3.0,"gold_loss":0.0,"damage_taken":17.0,"relics_obtained":["Golden Idol"]},{"damage_healed":0.0,"max_hp_gain":0.0,"max_hp_loss":0.0,"gold_gain":0.0,"event_name":"Living Wall","player_choice":"Grow","floor":7.0,"gold_loss":0.0,"damage_taken":0.0,"cards_upgraded":["Survivor"]},{"damage_healed":0.0,"max_hp_gain":0.0,"max_hp_loss":0.0,"gold_gain":0.0,"event_name":"Beggar","player_choice":"Ignored","floor":20.0,"gold_loss":0.0,"damage_taken":0.0},{"damage_healed":0.0,"max_hp_gain":0.0,"max_hp_loss":0.0,"gold_gain":0.0,"event_name":"Vampires","player_choice":"Ignored","floor":21.0,"gold_loss":0.0,"damage_taken":0.0},{"damage_healed":0.0,"max_hp_gain":0.0,"max_hp_loss":0.0,"gold_gain":0.0,"event_name":"Nest","player_choice":"Joined the Cult","floor":27.0,"gold_loss":0.0,"damage_taken":6.0,"cards_obtained":["RitualDagger"]}],"is_beta":false,"boss_relics":[{"not_picked":["WristBlade","Runic Pyramid"],"picked":"Black Star"},{"not_picked":["Lizard Tail","Tiny House"],"picked":"Philosopher\u0027s Stone"}],"items_purged_floors":[36],"is_endless":false,"potions_floor_spawned":[1,2,5,10,13,24,29,33,37],"killed_by":"Jaw Worm Horde","ascension_level":1}