{"gold_per_floor":[115,132,132,132,9,9,26,26,53,85,46,65,65,75,75,173,173,185,201,201,201,201,201,231,231,258,258,258],"floor_reached":28,"playtime":1694,"items_purged":["Shame"],"score":352,"play_id":"850bd5f8-9a39-4777-9656-42b13c57bc42","local_time":"20190120161658","is_ascension_mode":true,"campfire_choices":[{"floor":6.0,"key":"REST"},{"floor":15.0,"key":"REST"},{"floor":23,"key":"REST"},{"floor":25,"key":"REST"}],"neow_cost":"NONE","seed_source_timestamp":770032471309185,"circlet_count":0,"master_deck":["Defend_B","Defend_B","Defend_B","Defend_B","Zap","Dualcast","Decay","Leap","Tempest","Leap","Go for the Eyes","Machine Learning+1","Darkness+1","Sweeping Beam","Doom and Gloom","Fission+1","Consume+1","Rebound+1","Bite","Bite","Bite","Bite","Bite","Go for the Eyes+1"],"special_seed":0,"relics":["Calling Bell","Sundial","Ice Cream","Juzu Bracelet","Toxic Egg 2","Sozu","Mummified Hand","Nloth\u0027s Gift"],"potions_floor_usage":[],"damage_taken":[{"damage":10.0,"enemies":"2 Louse","floor":1.0,"turns":4.0},{"damage":15.0,"enemies":"Jaw Worm","floor":2.0,"turns":6.0},{"damage":7.0,"enemies":"Small Slimes","floor":7.0,"turns":4.0},{"damage":39.0,"enemies":"Gremlin Nob","floor":10.0,"turns":5.0},{"damage":0.0,"enemies":"Gremlin Gang","floor":12.0,"turns":3.0},{"damage":0.0,"enemies":"3 Louse","floor":14.0,"turns":4.0},{"damage":0.0,"enemies":"Slime Boss","floor":16.0,"turns":7.0},{"damage":15.0,"enemies":"Shell Parasite","floor":18.0,"turns":5.0},{"damage":2.0,"enemies":"Chosen","floor":19.0,"turns":3.0},{"damage":49,"enemies":"Gremlin Leader","floor":24,"turns":7},{"damage":74,"enemies":"Slavers","floor":28,"turns":4}],"seed_played":"-6578628846498630571","potions_obtained":[{"floor":10.0,"key":"Energy Potion"},{"floor":12.0,"key":"Block Potion"}],"is_trial":false,"path_per_floor":["M","M","?","?","$","R","M","?","T","E","$","M","?","M","R","B",null,"M","M","?","?","?","R","E","R","T","?","E"],"character_chosen":"DEFECT","items_purchased":["Leap","Darkness+1"],"campfire_rested":4,"item_purchase_floors":[5,11],"current_hp_per_floor":[65,52,34,34,34,56,51,51,51,14,14,16,16,18,40,42,75,60,60,60,60,60,75,44,66,66,66,0],"gold":258,"neow_bonus":"BOSS_RELIC","is_prod":false,"is_daily":false,"chose_seed":false,"campfire_upgraded":0,"win_rate":0,"timestamp":1547993818,"path_taken":["M","M","?","?","?","R","M","?","T","E","$","M","?","M","R","BOSS","M","M","?","?","?","R","E","R","T","?","E"],"build_version":"2019-01-17v2","purchased_purges":1,"victory":false,"max_hp_per_floor":[75,75,75,75,75,75,75,75,75,75,75,75,75,75,75,75,75,75,75,75,75,75,75,75,75,75,75,75],"card_choices":[{"not_picked":["Darkness","Cold Snap"],"picked":"Leap","floor":1.0},{"not_picked":["Cold Snap","Ball Lightning"],"picked":"Tempest","floor":2.0},{"not_picked":["Skim","Beam Cell"],"picked":"Go for the Eyes","floor":7.0},{"not_picked":["Streamline","Go for the Eyes"],"picked":"Machine Learning","floor":10.0},{"not_picked":["Force Field+1","Hello World"],"picked":"Sweeping Beam","floor":12.0},{"not_picked":["Gash","Streamline"],"picked":"Doom and Gloom","floor":14.0},{"not_picked":["Echo Form","Amplify+1"],"picked":"Fission+1","floor":16.0},{"not_picked":["Chaos+1","Rebound+1"],"picked":"Consume+1","floor":18.0},{"not_picked":["Steam Power+1","Turbo+1"],"picked":"Rebound+1","floor":19.0},{"not_picked":["Steam+1","Loop"],"picked":"Go for the Eyes+1","floor":24}],"player_experience":311752,"relics_obtained":[{"floor":0.0,"key":"Blood Vial"},{"floor":0.0,"key":"Sundial"},{"floor":0.0,"key":"Ice Cream"},{"floor":9.0,"key":"Orichalcum"},{"floor":10.0,"key":"Toxic Egg 2"},{"floor":24,"key":"Mummified Hand"}],"event_choices":[{"damage_healed":0.0,"max_hp_gain":0.0,"max_hp_loss":0.0,"gold_gain":0.0,"event_name":"Scrap Ooze","player_choice":"Success","floor":3.0,"gold_loss":0.0,"damage_taken":18.0,"relics_obtained":["Juzu Bracelet"]},{"damage_healed":0.0,"max_hp_gain":0.0,"max_hp_loss":0.0,"gold_gain":0.0,"event_name":"Golden Idol","player_choice":"Ignored","floor":4.0,"gold_loss":0.0,"damage_taken":0.0},{"damage_healed":0.0,"max_hp_gain":0.0,"max_hp_loss":0.0,"gold_gain":0.0,"event_name":"The Cleric","player_choice":"Leave","floor":8.0,"gold_loss":0.0,"damage_taken":0.0},{"cards_removed":["Decay"],"damage_healed":0.0,"max_hp_gain":0.0,"max_hp_loss":0.0,"gold_gain":0.0,"event_name":"Living Wall","player_choice":"Forget","floor":13.0,"gold_loss":0.0,"damage_taken":0.0},{"damage_healed":0.0,"max_hp_gain":0.0,"max_hp_loss":0.0,"gold_gain":0.0,"event_name":"Ghosts","player_choice":"Ignored","floor":20.0,"gold_loss":0.0,"damage_taken":0.0},{"damage_healed":0,"gold_gain":0,"player_choice":"Forge","damage_taken":0,"max_hp_gain":0,"max_hp_loss":0,"event_name":"Accursed Blacksmith","floor":21,"gold_loss":0,"cards_upgraded":["Machine Learning"]},{"damage_healed":0,"gold_gain":0,"player_choice":"Became a vampire (Vial)","damage_taken":0,"max_hp_gain":0,"max_hp_loss":0,"event_name":"Vampires","floor":22,"relics_lost":["Blood Vial"],"gold_loss":0,"cards_obtained":["Bite","Bite","Bite","Bite","Bite"]},{"damage_healed":0,"gold_gain":0,"player_choice":"Traded Relic","damage_taken":0,"relics_obtained":["Nloth\u0027s Gift"],"max_hp_gain":0,"max_hp_loss":0,"event_name":"N\u0027loth","floor":27,"relics_lost":["Orichalcum"],"gold_loss":0}],"is_beta":false,"boss_relics":[{"not_picked":["Coffee Dripper","Runic Dome"],"picked":"Sozu"}],"items_purged_floors":[5],"is_endless":false,"potions_floor_spawned":[10,12,18,24],"killed_by":"Slavers","ascension_level":3}