{"gold_per_floor":[113,113,123,123,133,159,159,192,240,265,283,302,312,57,57,154,154,167,97,117,117,1,27,38,49,49,76,76,91,103,120,120,224,274,293,72,82,97,108,108,8,23,50,27,27,42,42,61,61,61],"floor_reached":51,"playtime":3263,"items_purged":["Strike_G","Injury"],"score":765,"play_id":"e033389b-b5bb-45d2-89a5-3ddce36492b7","local_time":"20181110023510","is_ascension_mode":false,"campfire_choices":[{"data":"Dash","floor":7,"key":"SMITH"},{"data":"Apotheosis","floor":15,"key":"SMITH"},{"data":"Footwork","floor":28,"key":"SMITH"},{"data":"Footwork","floor":32,"key":"SMITH"},{"floor":40,"key":"REST"},{"data":"Malaise","floor":45,"key":"SMITH"},{"data":"Caltrops","floor":47,"key":"SMITH"},{"floor":49,"key":"REST"}],"neow_cost":"CURSE","seed_source_timestamp":108213027493823,"circlet_count":0,"master_deck":["Defend_G","Defend_G","Defend_G","Defend_G","Defend_G","Strike_G","Strike_G","Strike_G","Strike_G","Survivor","Neutralize","Clumsy","Die Die Die","Quick Slash","Dash+1","PiercingWail","Dash","Cloak And Dagger","Dodge and Roll","Malaise+1","Infinite Blades","Apotheosis+1","Terror","Corpse Explosion","Quick Slash","Footwork+1","PiercingWail","Footwork+1","Bouncing Flask","Blade Dance","Blur+1","Deadly Poison+1","Flechettes","Noxious Fumes+1","Catalyst","Caltrops+1","Parasite","A Thousand Cuts"],"relics":["Ring of the Snake","Blue Candle","Snake Skull","Lantern","Centennial Puzzle","Cursed Key","Boot","Oddly Smooth Stone","Strawberry","Tiny House","Omamori","MawBank"],"potions_floor_usage":[6,33,39,50,50],"damage_taken":[{"damage":4,"enemies":"Jaw Worm","floor":1,"turns":6},{"damage":0,"enemies":"2 Louse","floor":3,"turns":3},{"damage":0,"enemies":"Cultist","floor":5,"turns":3},{"damage":8,"enemies":"Gremlin Nob","floor":6,"turns":4},{"damage":13,"enemies":"Lagavulin","floor":8,"turns":9},{"damage":1,"enemies":"Gremlin Nob","floor":10,"turns":4},{"damage":0,"enemies":"Lots of Slimes","floor":11,"turns":3},{"damage":5,"enemies":"Looter","floor":12,"turns":3},{"damage":1,"enemies":"Exordium Thugs","floor":13,"turns":4},{"damage":0,"enemies":"Hexaghost","floor":16,"turns":10},{"damage":2,"enemies":"2 Thieves","floor":18,"turns":3},{"damage":0,"enemies":"Spheric Guardian","floor":20,"turns":4},{"damage":2,"enemies":"Gremlin Leader","floor":23,"turns":10},{"damage":0,"enemies":"Snecko","floor":24,"turns":5},{"damage":0,"enemies":"Centurion and Healer","floor":25,"turns":7},{"damage":2,"enemies":"Book of Stabbing","floor":27,"turns":5},{"damage":15,"enemies":"Chosen and Byrds","floor":29,"turns":6},{"damage":8,"enemies":"Shelled Parasite and Fungi","floor":30,"turns":7},{"damage":0,"enemies":"Centurion and Healer","floor":31,"turns":3},{"damage":45,"enemies":"Automaton","floor":33,"turns":13},{"damage":9,"enemies":"3 Shapes","floor":35,"turns":2},{"damage":0,"enemies":"3 Darklings","floor":37,"turns":3},{"damage":9,"enemies":"Writhing Mass","floor":38,"turns":6},{"damage":18,"enemies":"Transient","floor":39,"turns":5},{"damage":1,"enemies":"Maw","floor":42,"turns":8},{"damage":0,"enemies":"Writhing Mass","floor":46,"turns":8},{"damage":12,"enemies":"3 Darklings","floor":48,"turns":3},{"damage":32,"enemies":"Time Eater","floor":50,"turns":13}],"seed_played":"-1314974713314774963","potions_obtained":[{"floor":1,"key":"Fire Potion"},{"floor":5,"key":"Weak Potion"},{"floor":11,"key":"Ancient Potion"},{"floor":16,"key":"AttackPotion"},{"floor":20,"key":"GhostInAJar"},{"floor":33,"key":"GamblersBrew"},{"floor":34,"key":"Dexterity Potion"},{"floor":46,"key":"SpeedPotion"}],"is_trial":false,"path_per_floor":["M","?","M","?","M","E","R","E","T","E","M","M","M","$","R","B",null,"M","$","M","?","$","E","M","M","T","E","R","M","M","M","R","B",null,"M","$","M","M","M","R","$","M","T","$","R","M","R","M","R","B",null],"character_chosen":"THE_SILENT","items_purchased":["Apotheosis","Terror","Footwork","Bouncing Flask","Omamori","Flechettes","Caltrops"],"campfire_rested":2,"item_purchase_floors":[14,14,19,22,36,36,44],"current_hp_per_floor":[66,66,66,66,66,58,58,45,45,44,44,39,38,38,38,38,70,68,68,68,68,68,66,66,66,66,71,71,56,48,48,48,3,82,73,73,73,64,46,70,70,69,69,69,69,69,69,57,81,49],"gold":61,"neow_bonus":"THREE_RARE_CARDS","is_prod":false,"is_daily":false,"chose_seed":false,"campfire_upgraded":6,"win_rate":0,"timestamp":1541835310,"path_taken":["M","?","M","?","M","E","R","E","T","E","M","M","M","?","R","BOSS","M","$","M","?","$","E","M","M","T","E","R","M","M","M","R","BOSS","M","$","M","M","M","R","$","M","T","$","R","?","R","M","R","BOSS"],"build_version":"2018-11-08","purchased_purges":2,"victory":true,"max_hp_per_floor":[70,70,70,70,70,70,70,70,70,70,70,70,70,70,70,70,70,70,70,70,70,70,70,70,70,70,77,77,77,77,77,77,77,82,82,82,82,82,82,82,82,82,82,82,82,82,82,82,82,82],"card_choices":[{"not_picked":["Phantasmal Killer","Tools of the Trade"],"picked":"Die Die Die","floor":0},{"not_picked":["Skewer","Prepared"],"picked":"Quick Slash","floor":1},{"not_picked":["Quick Slash","Leg Sweep"],"picked":"Dash","floor":3},{"not_picked":["Masterful Stab","Blade Dance"],"picked":"PiercingWail","floor":5},{"not_picked":["Cloak And Dagger","Predator"],"picked":"Dash","floor":6},{"not_picked":["Blade Dance","Dodge and Roll"],"picked":"Cloak And Dagger","floor":8},{"not_picked":["Masterful Stab","Sucker Punch"],"picked":"Dodge and Roll","floor":10},{"not_picked":["Riddle With Holes","PiercingWail"],"picked":"Malaise","floor":11},{"not_picked":["Deflect","Prepared","Flying Knee"],"picked":"SKIP","floor":12},{"not_picked":["Backflip","Prepared"],"picked":"Infinite Blades","floor":13},{"not_picked":["Burst","Grand Finale"],"picked":"Corpse Explosion","floor":16},{"not_picked":["Dodge and Roll","Tactician"],"picked":"Quick Slash","floor":18},{"not_picked":["Quick Slash","Slice"],"picked":"PiercingWail","floor":20},{"not_picked":["Backflip","Bouncing Flask"],"picked":"Blade Dance","floor":23},{"not_picked":["Concentrate","Acrobatics","Quick Slash"],"picked":"SKIP","floor":24},{"not_picked":["Sucker Punch","Finisher","Poisoned Stab"],"picked":"SKIP","floor":25},{"not_picked":["Storm of Steel","Phantasmal Killer","Prepared"],"picked":"SKIP","floor":27},{"not_picked":["Masterful Stab+1","Backflip"],"picked":"Blur","floor":29},{"not_picked":["Sucker Punch+1","Flying Knee","Escape Plan+1"],"picked":"SKIP","floor":30},{"not_picked":["Poisoned Stab","Dagger Throw"],"picked":"Deadly Poison+1","floor":31},{"not_picked":["Acrobatics","Concentrate","Expertise"],"picked":"SKIP","floor":35},{"not_picked":["Distraction","Eviscerate"],"picked":"Noxious Fumes+1","floor":37},{"not_picked":["Prepared","Quick Slash+1"],"picked":"Catalyst","floor":38},{"not_picked":["Footwork","Infinite Blades","Riddle With Holes+1"],"picked":"SKIP","floor":39},{"not_picked":["PiercingWail+1","Underhanded Strike+1","Sucker Punch"],"picked":"SKIP","floor":42},{"not_picked":["Deadly Poison","Skewer","Blade Dance+1"],"picked":"SKIP","floor":46},{"not_picked":["Prepared+1","Dodge and Roll+1"],"picked":"A Thousand Cuts","floor":48}],"player_experience":124671,"relics_obtained":[{"floor":6,"key":"Blue Candle"},{"floor":8,"key":"Snake Skull"},{"floor":9,"key":"Lantern"},{"floor":10,"key":"Centennial Puzzle"},{"floor":23,"key":"Boot"},{"floor":26,"key":"Oddly Smooth Stone"},{"floor":27,"key":"Strawberry"},{"floor":43,"key":"MawBank"}],"event_choices":[{"damage_healed":0,"gold_gain":0,"player_choice":"Ignored","damage_taken":0,"max_hp_gain":0,"max_hp_loss":0,"event_name":"Shining Light","floor":2,"gold_loss":0},{"damage_healed":0,"gold_gain":0,"player_choice":"Leave","damage_taken":0,"max_hp_gain":0,"max_hp_loss":0,"event_name":"The Cleric","floor":4,"gold_loss":0},{"damage_healed":0,"gold_gain":0,"player_choice":"Copied","damage_taken":0,"max_hp_gain":0,"max_hp_loss":0,"event_name":"Duplicator","floor":21,"gold_loss":0,"cards_obtained":["Footwork"]}],"is_beta":false,"boss_relics":[{"not_picked":["Astrolabe","White Beast Statue"],"picked":"Cursed Key"},{"not_picked":["Coffee Dripper","Runic Pyramid"],"picked":"Tiny House"}],"items_purged_floors":[22,41],"is_endless":false,"potions_floor_spawned":[1,3,5,11,16,20,25,27,33,38,39,46],"ascension_level":0}