{"gold_per_floor":[111,19,35,52,113,147,147,147],"floor_reached":8,"playtime":334,"items_purged":[],"score":73,"play_id":"52c814d9-8429-42c1-a671-0c34b4e04cad","local_time":"20181220201033","is_ascension_mode":true,"campfire_choices":[],"neow_cost":"PERCENT_DAMAGE","seed_source_timestamp":37480228303140,"circlet_count":0,"master_deck":["Defend_G","Defend_G","Defend_G","Defend_G","Defend_G","Strike_G","Strike_G","Strike_G","Strike_G","Strike_G","Survivor","Neutralize","All Out Attack","Flying Knee","Footwork","Predator","Poisoned Stab","Backstab"],"relics":["Ring of the Snake","Lantern"],"potions_floor_usage":[6],"damage_taken":[{"damage":6,"enemies":"Jaw Worm","floor":1,"turns":6},{"damage":0,"enemies":"2 Louse","floor":3,"turns":1},{"damage":2,"enemies":"Small Slimes","floor":4,"turns":3},{"damage":28,"enemies":"Lagavulin","floor":6,"turns":6},{"damage":26,"enemies":"Lagavulin Event","floor":8,"turns":5}],"seed_played":"2330858744611058035","potions_obtained":[{"floor":1,"key":"Fire Potion"},{"floor":6,"key":"Block Potion"}],"is_trial":false,"path_per_floor":["M","$","M","M","?","E","?","?"],"character_chosen":"THE_SILENT","items_purchased":["Flying Knee","Footwork"],"campfire_rested":0,"item_purchase_floors":[2,2],"current_hp_per_floor":[53,53,53,51,51,23,23,0],"gold":147,"neow_bonus":"TWENTY_PERCENT_HP_BONUS","is_prod":false,"is_daily":false,"chose_seed":false,"campfire_upgraded":0,"win_rate":0,"timestamp":1545354633,"path_taken":["M","$","M","M","?","E","?","?"],"build_version":"2018-12-20","purchased_purges":0,"victory":false,"max_hp_per_floor":[84,84,84,84,84,84,84,84],"card_choices":[{"not_picked":["Acrobatics","Bane"],"picked":"All Out Attack","floor":1},{"not_picked":["Underhanded Strike","Outmaneuver"],"picked":"Predator","floor":3},{"not_picked":["Doppelganger","Deadly Poison"],"picked":"Poisoned Stab","floor":4},{"not_picked":["Masterful Stab","Deadly Poison"],"picked":"Backstab","floor":6}],"player_experience":353472,"relics_obtained":[{"floor":6,"key":"Lantern"}],"event_choices":[{"damage_healed":0,"gold_gain":61,"player_choice":"Gained Gold","damage_taken":0,"max_hp_gain":0,"max_hp_loss":0,"event_name":"Golden Wing","floor":5,"gold_loss":0},{"damage_healed":0,"gold_gain":0,"player_choice":"Ignored","damage_taken":0,"max_hp_gain":0,"max_hp_loss":0,"event_name":"Shining Light","floor":7,"gold_loss":0},{"damage_healed":0,"gold_gain":0,"player_choice":"Searched \u00271\u0027 times","damage_taken":0,"max_hp_gain":0,"max_hp_loss":0,"event_name":"Dead Adventurer","floor":8,"gold_loss":0}],"is_beta":false,"boss_relics":[],"items_purged_floors":[],"is_endless":false,"potions_floor_spawned":[1,6],"killed_by":"Lagavulin Event","ascension_level":6}