{"gold_per_floor":[115,115,130,55,55,90,90,104,176,153,167,196,196,258,258,363,363,378,131,151,151,26,61,61,81,81,81,96,96,107,134,134,233,233,245,345,345,359,75,75,75,75,148,148,168,168,168,202,202,202],"floor_reached":50,"playtime":2665,"items_purged":["Expertise","Grand Finale","Expertise"],"score":699,"play_id":"040d4ac2-2448-46c8-8876-27cefb783271","local_time":"20190422204847","is_ascension_mode":true,"campfire_choices":[{"data":"Neutralize","floor":7.0,"key":"SMITH"},{"floor":15.0,"key":"REST"},{"data":"Bullet Time","floor":24.0,"key":"SMITH"},{"data":"Burst","floor":27.0,"key":"SMITH"},{"data":"Burst","floor":29.0,"key":"SMITH"},{"data":"Concentrate","floor":32.0,"key":"SMITH"},{"data":"Distraction","floor":40,"key":"SMITH"},{"data":"Sadistic Nature","floor":42,"key":"SMITH"},{"data":"Leg Sweep","floor":44,"key":"SMITH"},{"floor":49,"key":"RECALL"}],"neow_cost":"NONE","seed_source_timestamp":102442045754121,"circlet_count":0,"master_deck":["Survivor","Neutralize+1","Poisoned Stab","Noxious Fumes+1","Leg Sweep","Cloak And Dagger","Dash","Adrenaline+1","Burst+1","Blur","Blur","Backstab","Leg Sweep+1","Burst+1","Noxious Fumes","Escape Plan","Bullet Time+1","Noxious Fumes","Blade Dance","Endless Agony","Noxious Fumes","Storm of Steel","Dagger Throw+1","Poisoned Stab+1","Reflex","Cloak And Dagger+1","Footwork","Sadistic Nature+1","Distraction+1","Magnetism","Enlightenment","Jack Of All Trades"],"special_seed":0,"relics":["Ring of the Snake","NeowsBlessing","Regal Pillow","Pen Nib","Blue Candle","Pocketwatch","Ninja Scroll","Pandora\u0027s Box","Bag of Preparation","Letter Opener","Mercury Hourglass","Astrolabe","Gambling Chip"],"potions_floor_usage":[50,50,50],"damage_taken":[{"damage":0.0,"enemies":"Cultist","floor":1.0,"turns":1.0},{"damage":0.0,"enemies":"2 Louse","floor":3.0,"turns":1.0},{"damage":0.0,"enemies":"Gremlin Nob","floor":6.0,"turns":1.0},{"damage":0.0,"enemies":"Jaw Worm","floor":8.0,"turns":3.0},{"damage":0.0,"enemies":"3 Louse","floor":11.0,"turns":4.0},{"damage":12.0,"enemies":"Lagavulin","floor":12.0,"turns":5.0},{"damage":2.0,"enemies":"3 Sentries","floor":14.0,"turns":6.0},{"damage":8.0,"enemies":"Hexaghost","floor":16.0,"turns":7.0},{"damage":5.0,"enemies":"Spheric Guardian","floor":18.0,"turns":4.0},{"damage":2.0,"enemies":"3 Byrds","floor":20.0,"turns":4.0},{"damage":18.0,"enemies":"Book of Stabbing","floor":23.0,"turns":6.0},{"damage":8.0,"enemies":"Shelled Parasite and Fungi","floor":25.0,"turns":5.0},{"damage":15.0,"enemies":"Sentry and Sphere","floor":28.0,"turns":5.0},{"damage":3.0,"enemies":"Cultist and Chosen","floor":30.0,"turns":5.0},{"damage":0.0,"enemies":"Gremlin Leader","floor":31.0,"turns":5.0},{"damage":0.0,"enemies":"Automaton","floor":33.0,"turns":9.0},{"damage":29.0,"enemies":"3 Darklings","floor":35.0,"turns":4.0},{"damage":20.0,"enemies":"Mind Bloom Boss Battle","floor":36.0,"turns":7.0},{"damage":1,"enemies":"3 Shapes","floor":38,"turns":3},{"damage":0,"enemies":"3 Darklings","floor":45,"turns":3},{"damage":5,"enemies":"Jaw Worm Horde","floor":48,"turns":3},{"damage":66,"enemies":"Awakened One","floor":50,"turns":21}],"seed_played":"8078243687628921400","potions_obtained":[{"floor":1.0,"key":"PowerPotion"},{"floor":8.0,"key":"SteroidPotion"},{"floor":11.0,"key":"GhostInAJar"},{"floor":14.0,"key":"PowerPotion"},{"floor":23.0,"key":"SpeedPotion"},{"floor":25.0,"key":"GamblersBrew"},{"floor":28.0,"key":"Explosive Potion"},{"floor":30.0,"key":"Swift Potion"},{"floor":35.0,"key":"Weak Potion"},{"floor":38,"key":"Regen Potion"},{"floor":48,"key":"Explosive Potion"}],"is_trial":false,"path_per_floor":["M","?","M","$","?","E","R","M","T","$","M","E","?","?","R","B",null,"M","$","M","?","$","E","R","M","T","R","M","R","M","E","R","B",null,"M","?","?","M","$","R","?","R","T","R","M","?","?","M","R","B"],"character_chosen":"THE_SILENT","items_purchased":["Cloak And Dagger","Bullet Time","Footwork","Sadistic Nature","Distraction"],"campfire_rested":1,"item_purchase_floors":[10,19,39,39,39],"current_hp_per_floor":[70,70,70,70,58,58,58,58,58,58,58,46,32,30,66,58,70,65,65,63,63,63,45,45,37,37,37,22,22,19,19,19,19,70,41,21,21,20,20,20,61,61,61,61,61,51,51,46,46,0],"gold":202,"neow_bonus":"THREE_ENEMY_KILL","is_prod":false,"is_daily":false,"chose_seed":false,"campfire_upgraded":8,"win_rate":0,"timestamp":1555933727,"path_taken":["M","?","?","$","?","E","R","M","T","?","M","E","?","?","R","BOSS","M","$","M","?","$","E","R","M","T","R","M","R","M","E","R","BOSS","M","?","?","?","$","R","?","R","T","R","M","?","?","M","R","BOSS"],"build_version":"2019-01-23","purchased_purges":3,"victory":false,"max_hp_per_floor":[70,70,70,70,70,70,70,70,70,70,70,70,70,70,70,70,70,70,70,70,70,70,70,70,70,70,70,70,70,70,70,70,70,70,70,70,70,70,70,70,61,61,61,61,61,61,61,61,61,61],"card_choices":[{"not_picked":["Terror","Dagger Spray"],"picked":"Poisoned Stab","floor":1.0},{"not_picked":["Eviscerate","Riddle With Holes"],"picked":"Bane","floor":3.0},{"not_picked":["Crippling Poison","Prepared"],"picked":"Noxious Fumes","floor":6.0},{"not_picked":["Dagger Spray","PiercingWail"],"picked":"Leg Sweep","floor":8.0},{"not_picked":["Sucker Punch","Calculated Gamble"],"picked":"Dash","floor":11.0},{"not_picked":["Catalyst","Deflect"],"picked":"Adrenaline","floor":12.0},{"not_picked":["Masterful Stab","Expertise"],"picked":"Deflect","floor":14.0},{"not_picked":["Grand Finale","Die Die Die"],"picked":"Burst","floor":16.0},{"not_picked":["Tactician","Dodge and Roll"],"picked":"Escape Plan","floor":18.0},{"not_picked":["Quick Slash","Blur"],"picked":"Noxious Fumes","floor":20.0},{"not_picked":["All Out Attack+1","Finisher","Night Terror"],"picked":"SKIP","floor":23.0},{"not_picked":["Expertise+1","Skewer"],"picked":"Endless Agony","floor":25.0},{"not_picked":["Flying Knee","Outmaneuver+1"],"picked":"Prepared+1","floor":28.0},{"not_picked":["Setup","Eviscerate+1","Cloak And Dagger"],"picked":"SKIP","floor":30.0},{"not_picked":["Skewer","Setup"],"picked":"Noxious Fumes","floor":31.0},{"not_picked":["Phantasmal Killer","Burst"],"picked":"Storm of Steel","floor":33.0},{"not_picked":["Masterful Stab+1","Sucker Punch+1","Choke+1"],"picked":"SKIP","floor":35.0},{"not_picked":["Dagger Throw","Terror+1"],"picked":"Cloak And Dagger+1","floor":38},{"not_picked":["Calculated Gamble+1","Sucker Punch","Caltrops"],"picked":"SKIP","floor":45},{"not_picked":["Panacea","Metamorphosis"],"picked":"Magnetism","floor":46},{"not_picked":["PanicButton","Blind"],"picked":"Enlightenment","floor":46},{"not_picked":["HandOfGreed","Flash of Steel"],"picked":"Jack Of All Trades","floor":46},{"not_picked":["Concentrate","Blade Dance+1","Flying Knee+1"],"picked":"SKIP","floor":48}],"player_experience":340912,"relics_obtained":[{"floor":6.0,"key":"Pen Nib"},{"floor":9.0,"key":"Blue Candle"},{"floor":12.0,"key":"Pocketwatch"},{"floor":14.0,"key":"Ninja Scroll"},{"floor":23.0,"key":"Bag of Preparation"},{"floor":26.0,"key":"Letter Opener"},{"floor":31.0,"key":"Mercury Hourglass"},{"floor":36.0,"key":"Gambling Chip"}],"event_choices":[{"damage_healed":0.0,"max_hp_gain":0.0,"max_hp_loss":0.0,"gold_gain":0.0,"cards_transformed":["Strike_G"],"event_name":"Transmorgrifier","player_choice":"Transformed","floor":2.0,"gold_loss":0.0,"damage_taken":0.0,"cards_obtained":["Expertise"]},{"damage_healed":0.0,"max_hp_gain":0.0,"max_hp_loss":0.0,"gold_gain":0.0,"event_name":"Scrap Ooze","player_choice":"Success","floor":5.0,"gold_loss":0.0,"damage_taken":12.0,"relics_obtained":["Regal Pillow"]},{"damage_healed":0.0,"max_hp_gain":0.0,"max_hp_loss":0.0,"gold_gain":0.0,"event_name":"Shining Light","player_choice":"Entered Light","floor":13.0,"gold_loss":0.0,"damage_taken":14.0,"cards_upgraded":["Adrenaline","Noxious Fumes"]},{"damage_healed":0.0,"max_hp_gain":0.0,"max_hp_loss":0.0,"gold_gain":0.0,"event_name":"Dead Adventurer","player_choice":"Searched \u00272\u0027 times","floor":14.0,"gold_loss":0.0,"damage_taken":0.0},{"damage_healed":0.0,"max_hp_gain":0.0,"max_hp_loss":0.0,"gold_gain":0.0,"event_name":"The Library","player_choice":"Read","floor":21.0,"gold_loss":0.0,"damage_taken":0.0,"cards_obtained":["Blade Dance"]},{"damage_healed":0.0,"max_hp_gain":0.0,"max_hp_loss":0.0,"gold_gain":0.0,"event_name":"MindBloom","player_choice":"Fight","floor":36.0,"gold_loss":0.0,"damage_taken":0.0},{"damage_healed":0.0,"max_hp_gain":0.0,"max_hp_loss":0.0,"gold_gain":0.0,"cards_transformed":["Caltrops"],"event_name":"Transmorgrifier","player_choice":"Transformed","floor":37.0,"gold_loss":0.0,"damage_taken":0.0,"cards_obtained":["Reflex"]},{"damage_healed":61,"gold_gain":0,"player_choice":"Heal","damage_taken":0,"max_hp_gain":0,"max_hp_loss":9,"event_name":"The Moai Head","floor":41,"gold_loss":0},{"damage_healed":0,"gold_gain":0,"player_choice":"Memory 3","damage_taken":10,"max_hp_gain":0,"max_hp_loss":0,"event_name":"SensoryStone","floor":46,"gold_loss":0},{"cards_removed":["Bane"],"damage_healed":0,"gold_gain":0,"player_choice":"Removed Attack","damage_taken":0,"max_hp_gain":0,"max_hp_loss":0,"event_name":"Falling","floor":47,"gold_loss":0}],"is_beta":false,"boss_relics":[{"not_picked":["Fusion Hammer","Philosopher\u0027s Stone"],"picked":"Pandora\u0027s Box"},{"not_picked":["Orrery","Busted Crown"],"picked":"Astrolabe"}],"items_purged_floors":[4,19,22],"is_endless":false,"potions_floor_spawned":[1,8,11,14,23,25,28,30,35,38,48],"killed_by":"Awakened One","ascension_level":3}