{"gold_per_floor":[119,194,208,208,223,223,239,239,266,266,276,276,287,287,287,364,364,384,36,36,49,49,49,60,70,93,126,144,169,169,169,169,169],"floor_reached":33,"playtime":1691,"items_purged":["Strike_B"],"score":526,"play_id":"c45a9647-e6a8-4c43-8133-b23cfa6101a9","local_time":"20190327000106","is_ascension_mode":true,"campfire_choices":[{"data":"Defragment","floor":6.0,"key":"SMITH"},{"floor":10.0,"key":"REST"},{"floor":12.0,"key":"REST"},{"floor":15.0,"key":"REST"},{"data":"Apotheosis","floor":23.0,"key":"SMITH"},{"floor":30,"key":"REST"},{"floor":32,"key":"REST"}],"neow_cost":"NONE","seed_source_timestamp":475897160302693,"circlet_count":0,"master_deck":["AscendersBane","Strike_B","Strike_B","Strike_B","Defend_B","Defend_B","Defend_B","Defend_B","Zap","Dualcast","Seek","Leap","Defragment+1","Static Discharge+1","Genetic Algorithm+1","Doom and Gloom","Glacier","Rainbow","Apotheosis+1","Leap","Seek","BootSequence","Conserve Battery","Seek","Leap+1","Undo"],"special_seed":0,"relics":["Cracked Core","Blood Vial","Lizard Tail","Art of War","Omamori","Bronze Scales"],"potions_floor_usage":[29,29],"damage_taken":[{"damage":0.0,"enemies":"2 Louse","floor":1.0,"turns":3.0},{"damage":0.0,"enemies":"Jaw Worm","floor":3.0,"turns":4.0},{"damage":0.0,"enemies":"Cultist","floor":5.0,"turns":3.0},{"damage":4.0,"enemies":"2 Fungi Beasts","floor":7.0,"turns":4.0},{"damage":28.0,"enemies":"Gremlin Gang","floor":11.0,"turns":4.0},{"damage":13.0,"enemies":"Looter","floor":13.0,"turns":4.0},{"damage":22.0,"enemies":"Hexaghost","floor":16.0,"turns":10.0},{"damage":14.0,"enemies":"Chosen","floor":18.0,"turns":6.0},{"damage":0.0,"enemies":"Spheric Guardian","floor":21.0,"turns":6.0},{"damage":29.0,"enemies":"Centurion and Healer","floor":24.0,"turns":11.0},{"damage":5,"enemies":"Chosen and Byrds","floor":25,"turns":3},{"damage":9,"enemies":"Book of Stabbing","floor":27,"turns":6},{"damage":41,"enemies":"Cultist and Chosen","floor":28,"turns":7},{"damage":12,"enemies":"Slavers","floor":29,"turns":7},{"damage":57,"enemies":"Collector","floor":33,"turns":7}],"seed_played":"-683698813240369148","potions_obtained":[{"floor":3.0,"key":"FocusPotion"},{"floor":5.0,"key":"Poison Potion"},{"floor":7.0,"key":"PowerPotion"},{"floor":11.0,"key":"SneckoOil"},{"floor":13.0,"key":"Poison Potion"},{"floor":18.0,"key":"Dexterity Potion"},{"floor":25,"key":"FocusPotion"}],"is_trial":false,"path_per_floor":["M","?","M","?","M","R","M","?","T","R","M","R","M","?","R","B",null,"M","$","?","M","?","R","M","M","T","E","M","E","R","?","R","B"],"character_chosen":"DEFECT","items_purchased":["Apotheosis","Leap"],"campfire_rested":5,"item_purchase_floors":[19,19],"current_hp_per_floor":[64,53,53,53,53,53,49,28,28,49,23,44,33,33,54,34,62,50,50,50,52,52,52,25,22,22,15,23,13,34,34,55,0],"gold":169,"neow_bonus":"ONE_RANDOM_RARE_CARD","is_prod":false,"is_daily":false,"chose_seed":false,"campfire_upgraded":2,"win_rate":0,"timestamp":1553637666,"path_taken":["M","?","M","?","M","R","M","?","T","R","M","R","M","?","R","BOSS","M","$","?","?","?","R","M","?","T","E","?","E","R","?","R","BOSS"],"build_version":"2019-01-23","purchased_purges":1,"victory":false,"max_hp_per_floor":[71,71,71,71,71,71,71,71,71,71,71,71,71,71,71,71,71,71,71,71,71,71,71,71,71,71,71,71,71,71,71,71,71],"card_choices":[{"not_picked":["Turbo","Melter"],"picked":"Leap","floor":1.0},{"not_picked":["Compile Driver","Darkness"],"picked":"Defragment","floor":3.0},{"not_picked":["Beam Cell","Scrape"],"picked":"Static Discharge","floor":5.0},{"not_picked":["Defragment","Steam"],"picked":"Genetic Algorithm","floor":7.0},{"not_picked":["Go for the Eyes","Gash"],"picked":"Doom and Gloom","floor":11.0},{"not_picked":["Chaos","Tempest"],"picked":"Glacier","floor":13.0},{"not_picked":["Thunder Strike","Biased Cognition"],"picked":"Rainbow","floor":16.0},{"not_picked":["Blizzard","Lockon","Steam"],"picked":"SKIP","floor":18.0},{"not_picked":["Go for the Eyes","Fusion"],"picked":"BootSequence","floor":21.0},{"not_picked":["Leap","Barrage"],"picked":"Conserve Battery","floor":24.0},{"not_picked":["Aggregate","Steam","Go for the Eyes"],"picked":"SKIP","floor":25},{"not_picked":["Rebound","Streamline"],"picked":"Seek","floor":27},{"not_picked":["Genetic Algorithm","FTL"],"picked":"Leap+1","floor":28},{"not_picked":["Coolheaded","Conserve Battery"],"picked":"Undo","floor":29}],"player_experience":784464,"relics_obtained":[{"floor":9.0,"key":"Blood Vial"},{"floor":26,"key":"Art of War"},{"floor":27,"key":"Omamori"},{"floor":29,"key":"Bronze Scales"}],"event_choices":[{"damage_healed":0.0,"max_hp_gain":0.0,"max_hp_loss":0.0,"gold_gain":75.0,"event_name":"World of Goop","player_choice":"Gather Gold","floor":2.0,"gold_loss":0.0,"damage_taken":11.0},{"damage_healed":0.0,"max_hp_gain":0.0,"max_hp_loss":0.0,"gold_gain":0.0,"event_name":"Liars Game","player_choice":"Ignored","floor":4.0,"gold_loss":0.0,"damage_taken":0.0},{"damage_healed":0.0,"max_hp_gain":0.0,"max_hp_loss":0.0,"gold_gain":0.0,"event_name":"Shining Light","player_choice":"Entered Light","floor":8.0,"gold_loss":0.0,"damage_taken":21.0,"cards_upgraded":["Genetic Algorithm","Static Discharge"]},{"damage_healed":0.0,"max_hp_gain":0.0,"max_hp_loss":0.0,"gold_gain":0.0,"event_name":"Golden Idol","player_choice":"Ignored","floor":14.0,"gold_loss":0.0,"damage_taken":0.0},{"damage_healed":0.0,"max_hp_gain":0.0,"max_hp_loss":0.0,"gold_gain":0.0,"event_name":"Match and Keep!","player_choice":"1 cards matched","floor":20.0,"gold_loss":0.0,"damage_taken":0.0,"cards_obtained":["Seek"]},{"damage_healed":0.0,"max_hp_gain":0.0,"max_hp_loss":0.0,"gold_gain":0.0,"event_name":"Transmorgrifier","player_choice":"Ignored","floor":22.0,"gold_loss":0.0,"damage_taken":0.0},{"damage_healed":0,"gold_gain":0,"player_choice":"Ignored","damage_taken":0,"max_hp_gain":0,"max_hp_loss":0,"event_name":"Ghosts","floor":31,"gold_loss":0}],"is_beta":false,"boss_relics":[{"not_picked":["Calling Bell","White Beast Statue"],"picked":"Lizard Tail"}],"items_purged_floors":[19],"is_endless":false,"potions_floor_spawned":[3,5,7,11,13,18,25,27,28],"killed_by":"Collector","ascension_level":18}