{"gold_per_floor":[12,12,23,23,46,89,14,14,14,14,39,39,39,58,58,186,186,211,211,194,218,218,218,250,250,274,306,306,319,319,42,42,42],"floor_reached":33,"playtime":2032,"items_purged":["Strike_R"],"score":450,"play_id":"1a1db7f4-a06d-495b-b0bb-264c1d4b8684","local_time":"20190122105049","is_ascension_mode":true,"campfire_choices":[{"floor":8.0,"key":"REST"},{"floor":12.0,"key":"REST"},{"floor":15.0,"key":"REST"},{"floor":23.0,"key":"REST"},{"floor":25.0,"key":"REST"},{"floor":32,"key":"REST"}],"neow_cost":"NO_GOLD","seed_source_timestamp":922980947482556,"circlet_count":0,"master_deck":["AscendersBane","Defend_R","Defend_R","Defend_R","Defend_R","Bash","Iron Wave","Sword Boomerang","Rage","Heavy Blade","Spot Weakness","Impervious","Flame Barrier","Infernal Blade+1","Shrug It Off","Headbutt","Bite","Bite","Bite","Bite","Bite","Ghostly Armor","Shockwave"],"special_seed":0,"relics":["Burning Blood","Bloody Idol","Paper Frog","Mercury Hourglass","Fusion Hammer","Prayer Wheel","Bag of Marbles","Sling"],"potions_floor_usage":[],"damage_taken":[{"damage":4.0,"enemies":"Jaw Worm","floor":1.0,"turns":4.0},{"damage":7.0,"enemies":"Small Slimes","floor":3.0,"turns":4.0},{"damage":3.0,"enemies":"2 Louse","floor":5.0,"turns":4.0},{"damage":56.0,"enemies":"Lagavulin","floor":6.0,"turns":7.0},{"damage":0.0,"enemies":"Large Slime","floor":11.0,"turns":4.0},{"damage":4.0,"enemies":"Exordium Wildlife","floor":14.0,"turns":3.0},{"damage":62.0,"enemies":"The Guardian","floor":16.0,"turns":9.0},{"damage":13.0,"enemies":"Chosen","floor":18.0,"turns":6.0},{"damage":6.0,"enemies":"2 Thieves","floor":20.0,"turns":4.0},{"damage":28.0,"enemies":"Centurion and Healer","floor":21.0,"turns":6.0},{"damage":34.0,"enemies":"Book of Stabbing","floor":24.0,"turns":6.0},{"damage":62.0,"enemies":"Slavers","floor":27.0,"turns":7.0},{"damage":12.0,"enemies":"Snake Plant","floor":29.0,"turns":3.0},{"damage":90,"enemies":"Collector","floor":33,"turns":7}],"seed_played":"-509799541313403320","potions_obtained":[{"floor":3.0,"key":"SteroidPotion"},{"floor":11.0,"key":"BloodPotion"},{"floor":14.0,"key":"SpeedPotion"},{"floor":18.0,"key":"Strength Potion"},{"floor":20.0,"key":"Ancient Potion"},{"floor":21.0,"key":"Weak Potion"}],"is_trial":false,"path_per_floor":["M","?","M","?","M","E","$","R","T","?","M","R","?","M","R","B",null,"M","?","M","M","?","R","E","R","T","E","?","M","?","$","R","B"],"character_chosen":"IRONCLAD","items_purchased":["Shockwave","Sling"],"campfire_rested":6,"item_purchase_floors":[31,31],"current_hp_per_floor":[90,90,89,65,68,18,18,46,46,46,52,80,73,75,96,49,84,77,77,77,55,55,83,60,88,93,42,42,49,49,49,67,0],"gold":42,"neow_bonus":"TWENTY_PERCENT_HP_BONUS","is_prod":false,"is_daily":false,"chose_seed":false,"campfire_upgraded":0,"win_rate":0,"timestamp":1548147049,"path_taken":["M","?","M","?","M","E","$","R","T","?","M","R","?","M","R","BOSS","M","?","M","M","?","R","E","R","T","E","?","M","?","$","R","BOSS"],"build_version":"2019-01-17v2","purchased_purges":1,"victory":false,"max_hp_per_floor":[96,96,96,96,96,96,96,96,96,96,96,96,96,96,96,96,96,96,96,96,96,96,96,96,96,96,96,67,67,67,67,67,67],"card_choices":[{"not_picked":["Bloodletting","Pommel Strike"],"picked":"Iron Wave","floor":1.0},{"not_picked":["Wild Strike","Perfected Strike","Barricade"],"picked":"SKIP","floor":3.0},{"not_picked":["Carnage","Anger"],"picked":"Sword Boomerang","floor":5.0},{"not_picked":["Intimidate","Warcry"],"picked":"Rage","floor":6.0},{"not_picked":["Body Slam","Havoc"],"picked":"Heavy Blade","floor":11.0},{"not_picked":["Rage","Twin Strike"],"picked":"Spot Weakness","floor":14.0},{"not_picked":["Fiend Fire","Bludgeon"],"picked":"Impervious","floor":16.0},{"not_picked":["Entrench","Clothesline","Clash+1"],"picked":"SKIP","floor":18.0},{"not_picked":["Intimidate","Clash+1"],"picked":"Flame Barrier","floor":20.0},{"not_picked":["Headbutt","Uppercut"],"picked":"Infernal Blade+1","floor":21.0},{"not_picked":["Wild Strike+1","Hemokinesis"],"picked":"Shrug It Off","floor":24.0},{"not_picked":["Clash","Sentinel"],"picked":"Headbutt","floor":27.0},{"not_picked":["Twin Strike","Heavy Blade+1"],"picked":"Ghostly Armor","floor":29.0},{"not_picked":["Havoc","Fiend Fire","Pommel Strike"],"picked":"SKIP","floor":29.0}],"player_experience":345817,"relics_obtained":[{"floor":6.0,"key":"Paper Frog"},{"floor":9.0,"key":"Mercury Hourglass"},{"floor":24.0,"key":"Prayer Wheel"},{"floor":27.0,"key":"Bag of Marbles"}],"event_choices":[{"damage_healed":0.0,"max_hp_gain":0.0,"max_hp_loss":0.0,"gold_gain":0.0,"event_name":"The Cleric","player_choice":"Leave","floor":2.0,"gold_loss":0.0,"damage_taken":0.0},{"damage_healed":0.0,"max_hp_gain":0.0,"max_hp_loss":0.0,"gold_gain":0.0,"event_name":"Golden Idol","player_choice":"Take Damage","floor":4.0,"gold_loss":0.0,"damage_taken":24.0,"relics_obtained":["Golden Idol"]},{"damage_healed":0.0,"max_hp_gain":0.0,"max_hp_loss":0.0,"gold_gain":0.0,"event_name":"Liars Game","player_choice":"Ignored","floor":10.0,"gold_loss":0.0,"damage_taken":0.0},{"cards_removed":["Strike_R"],"damage_healed":0.0,"max_hp_gain":0.0,"max_hp_loss":0.0,"gold_gain":0.0,"event_name":"Golden Wing","player_choice":"Card Removal","floor":13.0,"gold_loss":0.0,"damage_taken":7.0},{"damage_healed":0.0,"max_hp_gain":0.0,"max_hp_loss":0.0,"gold_gain":0.0,"event_name":"Ghosts","player_choice":"Ignored","floor":19.0,"gold_loss":0.0,"damage_taken":0.0},{"damage_healed":0.0,"max_hp_gain":0.0,"max_hp_loss":0.0,"gold_gain":0.0,"event_name":"Forgotten Altar","player_choice":"Gave Idol","floor":22.0,"relics_lost":["Golden Idol"],"gold_loss":0.0,"damage_taken":0.0,"relics_obtained":["Bloody Idol"]},{"damage_healed":0.0,"max_hp_gain":0.0,"max_hp_loss":29.0,"gold_gain":0.0,"event_name":"Vampires","player_choice":"Became a vampire","floor":28.0,"gold_loss":0.0,"damage_taken":0.0,"cards_obtained":["Bite","Bite","Bite","Bite","Bite"]},{"damage_healed":0,"gold_gain":0,"player_choice":"Ignored","damage_taken":0,"max_hp_gain":0,"max_hp_loss":0,"event_name":"The Mausoleum","floor":30,"gold_loss":0}],"is_beta":false,"boss_relics":[{"not_picked":["Eternal Feather","Lizard Tail"],"picked":"Fusion Hammer"}],"items_purged_floors":[7],"is_endless":false,"potions_floor_spawned":[3,11,14,18,20,21],"killed_by":"Collector","ascension_level":10}