{"gold_per_floor":[119,135,147,165,16,16,35,60,60,60,78,78,3,34,34,105,105,124,124,124,30,30,30,64,64,64,9,23,23,23,37,37,116,116,135,135,153,53,68,68,101,101,124,136,148],"floor_reached":45,"playtime":8490,"items_purged":["Strike_G","Dagger Throw"],"score":869,"play_id":"bbc80e39-e70d-43b3-848e-8e942a31b3a8","local_time":"20190408194759","is_ascension_mode":true,"campfire_choices":[{"data":"Neutralize","floor":6,"key":"SMITH"},{"data":"Dagger Spray","floor":10,"key":"SMITH"},{"data":"Footwork","floor":15,"key":"SMITH"},{"data":"Well Laid Plans","floor":23,"key":"SMITH"},{"data":"Footwork","floor":25,"key":"SMITH"},{"data":"Deadly Poison","floor":32,"key":"SMITH"},{"data":"Dodge and Roll","floor":40,"key":"SMITH"},{"data":"Acrobatics","floor":42,"key":"SMITH"}],"neow_cost":"NONE","seed_source_timestamp":255510995866741,"circlet_count":0,"master_deck":["AscendersBane","Defend_G","Defend_G","Defend_G","Defend_G","Defend_G","Survivor","Neutralize+1","Leg Sweep","Poisoned Stab","Footwork+1","Dodge and Roll+1","Dagger Spray+1","Well Laid Plans+1","PiercingWail","Footwork+1","Bite+1","Bite+1","Bite","Bite","Bite","Backflip","Deadly Poison+1","Deadly Poison","Night Terror","Acrobatics+1","Blur","Madness"],"relics":["Ring of the Snake","Mummified Hand","Juzu Bracelet","Centennial Puzzle","Coffee Dripper","Darkstone Periapt","Du-Vu Doll","Snecko Eye","Whetstone","MawBank"],"potions_floor_usage":[8,14,16],"damage_taken":[{"damage":0,"enemies":"Cultist","floor":1,"turns":4},{"damage":0,"enemies":"2 Louse","floor":2,"turns":2},{"damage":0,"enemies":"Jaw Worm","floor":3,"turns":5},{"damage":1,"enemies":"Looter","floor":4,"turns":4},{"damage":2,"enemies":"Blue Slaver","floor":7,"turns":5},{"damage":13,"enemies":"Gremlin Nob","floor":8,"turns":4},{"damage":6,"enemies":"Exordium Wildlife","floor":11,"turns":7},{"damage":3,"enemies":"Lagavulin","floor":14,"turns":7},{"damage":18,"enemies":"Slime Boss","floor":16,"turns":15},{"damage":23,"enemies":"Spheric Guardian","floor":18,"turns":6},{"damage":6,"enemies":"Book of Stabbing","floor":24,"turns":9},{"damage":0,"enemies":"Shell Parasite","floor":28,"turns":7},{"damage":4,"enemies":"Cultist and Chosen","floor":31,"turns":12},{"damage":41,"enemies":"Collector","floor":33,"turns":13},{"damage":11,"enemies":"Orb Walker","floor":35,"turns":4},{"damage":0,"enemies":"3 Darklings","floor":37,"turns":7},{"damage":38,"enemies":"Sphere and 2 Shapes","floor":39,"turns":19},{"damage":40,"enemies":"Giant Head","floor":41,"turns":16},{"damage":34,"enemies":"Nemesis","floor":45,"turns":9}],"seed_played":"7493159600415700629","potions_obtained":[{"floor":0,"key":"Fire Potion"},{"floor":0,"key":"FearPotion"},{"floor":2,"key":"Fire Potion"},{"floor":8,"key":"Poison Potion"},{"floor":35,"key":"Dexterity Potion"},{"floor":39,"key":"Fire Potion"}],"is_trial":false,"path_per_floor":["M","M","M","M","$","R","M","E","T","R","M","?","$","E","R","B",null,"M","?","?","$","?","R","E","R","T","$","M","?","$","M","R","B",null,"M","?","M","$","M","R","E","R","T","?","E"],"character_chosen":"THE_SILENT","items_purchased":["Footwork","Well Laid Plans","Footwork","Poison Potion","Backflip"],"campfire_rested":0,"item_purchase_floors":[5,13,21,21,27],"current_hp_per_floor":[59,59,59,58,58,58,56,43,43,43,37,37,37,34,34,16,54,31,31,31,31,31,31,46,46,46,46,46,46,46,46,46,23,40,37,37,39,39,43,43,13,13,13,13,0],"gold":148,"neow_bonus":"THREE_SMALL_POTIONS","is_prod":false,"is_daily":false,"chose_seed":false,"campfire_upgraded":8,"win_rate":0,"timestamp":1554767279,"path_taken":["M","?","M","M","?","R","M","E","T","R","M","?","$","E","R","BOSS","M","?","?","?","?","R","E","R","T","$","M","?","?","M","R","BOSS","M","?","M","$","M","R","E","R","T","?","E"],"build_version":"2019-01-23","purchased_purges":2,"victory":false,"max_hp_per_floor":[66,66,66,66,66,66,66,66,66,66,66,66,66,66,66,66,66,66,66,66,66,46,46,46,46,46,46,46,46,46,46,46,46,46,46,44,44,44,44,44,44,44,44,44,44],"card_choices":[{"not_picked":["Poisoned Stab","Expertise"],"picked":"Dagger Throw","floor":1},{"not_picked":["Sucker Punch","Tactician","Eviscerate"],"picked":"SKIP","floor":2},{"not_picked":["Catalyst","Expertise"],"picked":"Leg Sweep","floor":3},{"not_picked":["Acrobatics","Bane"],"picked":"Poisoned Stab","floor":4},{"not_picked":["Acrobatics","Burst"],"picked":"Dodge and Roll","floor":7},{"not_picked":["Dagger Spray","Prepared","Bouncing Flask"],"picked":"SKIP","floor":8},{"not_picked":["Prepared","Bouncing Flask"],"picked":"Dagger Spray","floor":8},{"not_picked":["Calculated Gamble","Sucker Punch","Leg Sweep"],"picked":"SKIP","floor":11},{"not_picked":["Flechettes","Blur","Accuracy"],"picked":"SKIP","floor":14},{"not_picked":["Acrobatics+1","Infinite Blades"],"picked":"PiercingWail","floor":18},{"not_picked":["Underhanded Strike","Dagger Throw","Outmaneuver"],"picked":"SKIP","floor":24},{"not_picked":["Cloak And Dagger","Bane+1"],"picked":"Deadly Poison","floor":28},{"not_picked":["Blade Dance","Endless Agony"],"picked":"Deadly Poison","floor":31},{"not_picked":["Adrenaline","Wraith Form v2"],"picked":"Night Terror","floor":33},{"not_picked":["Flying Knee","Distraction"],"picked":"Acrobatics","floor":35},{"not_picked":["Dagger Throw","Deadly Poison","Die Die Die"],"picked":"SKIP","floor":37},{"not_picked":["Poisoned Stab","Outmaneuver","Flechettes"],"picked":"SKIP","floor":39},{"not_picked":["PiercingWail","Flying Knee"],"picked":"Blur","floor":41},{"not_picked":["Good Instincts","Thinking Ahead"],"picked":"Madness","floor":44}],"player_experience":553458,"relics_obtained":[{"floor":8,"key":"Mummified Hand"},{"floor":9,"key":"Juzu Bracelet"},{"floor":14,"key":"Centennial Puzzle"},{"floor":24,"key":"Darkstone Periapt"},{"floor":26,"key":"Du-Vu Doll"},{"floor":41,"key":"Whetstone"},{"floor":43,"key":"MawBank"}],"event_choices":[{"cards_removed":["Strike_G"],"damage_healed":0,"gold_gain":0,"player_choice":"Card Removal","damage_taken":0,"max_hp_gain":0,"max_hp_loss":0,"event_name":"Wheel of Change","floor":12,"gold_loss":0},{"damage_healed":0,"gold_gain":0,"player_choice":"Ignored","damage_taken":0,"max_hp_gain":0,"max_hp_loss":0,"event_name":"N\u0027loth","floor":19,"gold_loss":0},{"cards_removed":["Strike_G"],"damage_healed":0,"gold_gain":0,"player_choice":"Offered Basic","damage_taken":0,"max_hp_gain":0,"max_hp_loss":0,"event_name":"Bonfire Elementals","floor":20,"gold_loss":0},{"damage_healed":0,"gold_gain":0,"player_choice":"Became a vampire","damage_taken":0,"max_hp_gain":0,"max_hp_loss":20,"event_name":"Vampires","floor":22,"gold_loss":0,"cards_obtained":["Bite","Bite","Bite","Bite","Bite"]},{"damage_healed":0,"gold_gain":0,"player_choice":"Ignored","damage_taken":0,"max_hp_gain":0,"max_hp_loss":0,"event_name":"The Mausoleum","floor":29,"gold_loss":0},{"damage_healed":0,"gold_gain":0,"player_choice":"Max HP","damage_taken":0,"max_hp_gain":0,"max_hp_loss":2,"event_name":"Winding Halls","floor":36,"gold_loss":0},{"damage_healed":0,"gold_gain":0,"player_choice":"Memory 1","damage_taken":0,"max_hp_gain":0,"max_hp_loss":0,"event_name":"SensoryStone","floor":44,"gold_loss":0}],"is_beta":false,"boss_relics":[{"not_picked":["Ring of the Serpent","Runic Pyramid"],"picked":"Coffee Dripper"},{"not_picked":["Busted Crown","Philosopher\u0027s Stone"],"picked":"Snecko Eye"}],"items_purged_floors":[5,38],"is_endless":false,"potions_floor_spawned":[2,4,7,8,35,39],"killed_by":"Nemesis","ascension_level":16}