{"gold_per_floor":[113,128,148,159,9,9,38,50,89,101,113,143,173,199,211,322,384,411,443,455,467,498,510,522,180,180,180,192,192,221,231,231,334,334,353,323,167,182,195,228,247,247,272,303,303,403,437,25,25,25,25,25,25,54,54],"floor_reached":55,"playtime":4742,"items_purged":["Strike_R"],"score":840,"play_id":"8752e2a3-c1b1-4240-bb78-bb023128c02c","local_time":"20190511144242","is_ascension_mode":true,"campfire_choices":[{"data":"Corruption","floor":6.0,"key":"SMITH"},{"data":"Shrug It Off","floor":8.0,"key":"SMITH"},{"data":"Limit Break","floor":11.0,"key":"SMITH"},{"data":"Disarm","floor":15.0,"key":"SMITH"},{"data":"Juggernaut","floor":23.0,"key":"SMITH"},{"data":"Reckless Charge","floor":27.0,"key":"SMITH"},{"data":"Sentinel","floor":29.0,"key":"SMITH"},{"data":"Reckless Charge","floor":32.0,"key":"SMITH"},{"floor":42.0,"key":"REST"},{"floor":45.0,"key":"REST"},{"floor":49.0,"key":"RECALL"},{"data":"Enlightenment","floor":52.0,"key":"SMITH"}],"neow_cost":"NONE","seed_source_timestamp":373061392826402,"circlet_count":0,"master_deck":["Strike_R","Strike_R","Defend_R","Defend_R+1","Defend_R+1","Defend_R+1","Bash","Corruption+1","Warcry","Limit Break+1","Shrug It Off+1","Sentinel+1","Disarm+1","Reckless Charge+1","Juggernaut+1","Flame Barrier+1","Inflame+1","Heavy Blade+1","Reckless Charge+1","Dark Embrace","Enlightenment+1","Battle Trance","Shrug It Off","Shrug It Off+1","Dual Wield","Headbutt"],"special_seed":0,"relics":["Burning Blood","War Paint","PreservedInsect","MawBank","Tiny House","StoneCalendar","Vajra","MealTicket","Bag of Preparation","Pocketwatch","Art of War","Empty Cage","Happy Flower","Centennial Puzzle","Lantern","Ice Cream","Regal Pillow","Bottled Tornado","Pen Nib","Letter Opener"],"potions_floor_usage":[55,55],"damage_taken":[{"damage":0.0,"enemies":"Cultist","floor":1.0,"turns":3.0},{"damage":0.0,"enemies":"2 Louse","floor":2.0,"turns":4.0},{"damage":5.0,"enemies":"Jaw Worm","floor":3.0,"turns":4.0},{"damage":9.0,"enemies":"Looter","floor":4.0,"turns":4.0},{"damage":26.0,"enemies":"Gremlin Nob","floor":7.0,"turns":5.0},{"damage":3.0,"enemies":"Exordium Wildlife","floor":12.0,"turns":4.0},{"damage":28.0,"enemies":"Exordium Thugs","floor":13.0,"turns":5.0},{"damage":9.0,"enemies":"3 Louse","floor":14.0,"turns":8.0},{"damage":51.0,"enemies":"The Guardian","floor":16.0,"turns":18.0},{"damage":11.0,"enemies":"Shell Parasite","floor":18.0,"turns":9.0},{"damage":17.0,"enemies":"Chosen","floor":19.0,"turns":8.0},{"damage":13.0,"enemies":"Centurion and Healer","floor":22.0,"turns":7.0},{"damage":8.0,"enemies":"Shelled Parasite and Fungi","floor":28.0,"turns":4.0},{"damage":6.0,"enemies":"Book of Stabbing","floor":30.0,"turns":6.0},{"damage":0.0,"enemies":"Snecko","floor":31.0,"turns":3.0},{"damage":41.0,"enemies":"Champ","floor":33.0,"turns":11.0},{"damage":3.0,"enemies":"3 Shapes","floor":35.0,"turns":7.0},{"damage":16.0,"enemies":"Orb Walker","floor":38.0,"turns":5.0},{"damage":23.0,"enemies":"Sphere and 2 Shapes","floor":39.0,"turns":6.0},{"damage":59.0,"enemies":"Reptomancer","floor":40.0,"turns":5.0},{"damage":13.0,"enemies":"Maw","floor":41.0,"turns":7.0},{"damage":29.0,"enemies":"Giant Head","floor":44.0,"turns":7.0},{"damage":4.0,"enemies":"Mind Bloom Boss Battle","floor":46.0,"turns":5.0},{"damage":29.0,"enemies":"Reptomancer","floor":47.0,"turns":5.0},{"damage":23.0,"enemies":"Time Eater","floor":50.0,"turns":8.0},{"damage":24.0,"enemies":"Shield and Spear","floor":54.0,"turns":5.0},{"damage":84,"enemies":"The Heart","floor":55,"turns":6}],"seed_played":"3062585754189803819","potions_obtained":[{"floor":3.0,"key":"SkillPotion"},{"floor":4.0,"key":"SpeedPotion"},{"floor":10.0,"key":"Fruit Juice"},{"floor":10.0,"key":"FearPotion"},{"floor":10.0,"key":"Regen Potion"},{"floor":13.0,"key":"PowerPotion"},{"floor":17.0,"key":"SneckoOil"},{"floor":19.0,"key":"FearPotion"},{"floor":28.0,"key":"Swift Potion"},{"floor":33.0,"key":"BloodPotion"},{"floor":36.0,"key":"Fruit Juice"},{"floor":36.0,"key":"Poison Potion"},{"floor":39.0,"key":"EntropicBrew"},{"floor":54.0,"key":"Fruit Juice"}],"is_trial":false,"path_per_floor":["M","M","M","M","$","R","E","R","T","?","R","M","M","M","R","B",null,"M","M","T","T","M","R","?","$","T","R","M","R","E","M","R","B",null,"M","?","$","M","M","E","M","R","T","E","R","?","E","$","R","B",null,"R","$","E","B"],"character_chosen":"IRONCLAD","items_purchased":["PreservedInsect","MealTicket","Bag of Preparation","Enlightenment","Bottled Tornado","Pen Nib"],"campfire_rested":2,"item_purchase_floors":[5,25,25,37,48,48],"current_hp_per_floor":[80,80,80,77,77,77,57,57,57,62,62,65,43,40,40,10,90,85,74,74,74,67,67,67,67,67,67,65,65,65,71,71,36,90,90,95,95,85,68,24,17,45,45,22,50,52,29,44,44,27,95,95,95,77,0],"gold":54,"neow_bonus":"RANDOM_COMMON_RELIC","is_prod":false,"is_daily":false,"chose_seed":false,"campfire_upgraded":9,"win_rate":0,"timestamp":1557578562,"path_taken":["M","M","?","M","$","R","E","R","T","?","R","M","M","M","R","BOSS","M","M","?","?","M","R","?","$","T","R","M","R","E","M","R","BOSS","M","?","?","M","M","E","M","R","T","E","R","?","E","$","R","BOSS","R","$","E","BOSS"],"build_version":"2019-01-23","purchased_purges":1,"victory":false,"max_hp_per_floor":[80,80,80,80,80,80,80,80,80,85,85,85,85,85,85,85,90,90,90,90,90,90,90,90,90,90,90,90,90,90,90,90,90,90,90,95,95,95,95,95,95,95,95,95,95,95,95,95,95,95,95,95,95,95,100],"card_choices":[{"not_picked":["Twin Strike","Power Through"],"picked":"Corruption","floor":1.0},{"not_picked":["Sever Soul","Body Slam","Twin Strike"],"picked":"SKIP","floor":2.0},{"not_picked":["Pommel Strike","Wild Strike"],"picked":"Warcry","floor":3.0},{"not_picked":["Reckless Charge","True Grit"],"picked":"Limit Break","floor":4.0},{"not_picked":["Warcry","Searing Blow"],"picked":"Shrug It Off","floor":7.0},{"not_picked":["Iron Wave","Cleave"],"picked":"Sentinel","floor":12.0},{"not_picked":["Infernal Blade","Iron Wave"],"picked":"Disarm","floor":13.0},{"not_picked":["Dual Wield","Combust"],"picked":"Reckless Charge","floor":14.0},{"not_picked":["Immolate","Feed"],"picked":"Juggernaut","floor":16.0},{"not_picked":["Twin Strike","Second Wind"],"picked":"Flame Barrier+1","floor":18.0},{"not_picked":["Second Wind","Clash+1"],"picked":"Inflame+1","floor":19.0},{"not_picked":["Anger","Sword Boomerang"],"picked":"Heavy Blade+1","floor":22.0},{"not_picked":["Thunderclap","Sword Boomerang","Anger"],"picked":"SKIP","floor":28.0},{"not_picked":["Inflame","Flex","Clothesline"],"picked":"SKIP","floor":30.0},{"not_picked":["Havoc","Limit Break"],"picked":"Reckless Charge","floor":31.0},{"not_picked":["Exhume","Fiend Fire"],"picked":"Dark Embrace","floor":33.0},{"not_picked":["Bloodletting","Inflame+1","Sword Boomerang"],"picked":"SKIP","floor":35.0},{"not_picked":["Pummel","Pommel Strike+1"],"picked":"Battle Trance","floor":38.0},{"not_picked":["Iron Wave","Corruption"],"picked":"Shrug It Off","floor":39.0},{"not_picked":["Armaments","Bloodletting"],"picked":"Shrug It Off+1","floor":40.0},{"not_picked":["Wild Strike","Feed","Flex"],"picked":"SKIP","floor":41.0},{"not_picked":["Carnage","Body Slam","Whirlwind+1"],"picked":"SKIP","floor":44.0},{"not_picked":["Clash+1","Wild Strike"],"picked":"Dual Wield","floor":46.0},{"not_picked":["Warcry+1","Flex+1"],"picked":"Headbutt","floor":47.0},{"not_picked":["Thunderclap+1","Searing Blow+1","Wild Strike+1"],"picked":"SKIP","floor":54.0}],"player_experience":255127,"relics_obtained":[{"floor":7.0,"key":"MawBank"},{"floor":20.0,"key":"StoneCalendar"},{"floor":21.0,"key":"Vajra"},{"floor":26.0,"key":"Pocketwatch"},{"floor":30.0,"key":"Art of War"},{"floor":40.0,"key":"Happy Flower"},{"floor":43.0,"key":"Centennial Puzzle"},{"floor":44.0,"key":"Lantern"},{"floor":46.0,"key":"Ice Cream"},{"floor":47.0,"key":"Regal Pillow"},{"floor":54.0,"key":"Letter Opener"}],"event_choices":[{"damage_healed":0.0,"max_hp_gain":0.0,"max_hp_loss":0.0,"gold_gain":0.0,"event_name":"Lab","player_choice":"Got Potions","floor":10.0,"gold_loss":0.0,"damage_taken":0.0},{"damage_healed":0.0,"max_hp_gain":0.0,"max_hp_loss":0.0,"gold_gain":0.0,"event_name":"The Mausoleum","player_choice":"Ignored","floor":24.0,"gold_loss":0.0,"damage_taken":0.0},{"damage_healed":0.0,"max_hp_gain":0.0,"max_hp_loss":0.0,"gold_gain":0.0,"event_name":"The Woman in Blue","player_choice":"Bought 2 Potions","floor":36.0,"gold_loss":0.0,"damage_taken":0.0},{"damage_healed":0.0,"max_hp_gain":0.0,"max_hp_loss":0.0,"gold_gain":0.0,"event_name":"MindBloom","player_choice":"Fight","floor":46.0,"gold_loss":0.0,"damage_taken":0.0}],"is_beta":false,"boss_relics":[{"not_picked":["Coffee Dripper","Fusion Hammer"],"picked":"Tiny House"},{"not_picked":["Black Blood","Astrolabe"],"picked":"Empty Cage"}],"items_purged_floors":[37],"is_endless":false,"potions_floor_spawned":[3,4,13,14,19,28,31,33,35,39,54],"killed_by":"The Heart","ascension_level":1}