{"gold_per_floor":[110,9,9,9,21,46,46,46,46,66,80,94,94,122,122,201,201,216,228,118,130,29,29,44,44,70,98,10,37,61,73,85,97],"floor_reached":33,"playtime":3588,"items_purged":[],"score":624,"play_id":"168a830c-e02d-480f-b16b-eda666b823de","local_time":"20190327141429","is_ascension_mode":true,"campfire_choices":[{"data":"Twin Strike","floor":7.0,"key":"SMITH"},{"data":"Combust","floor":15.0,"key":"SMITH"},{"floor":23.0,"key":"REST"},{"floor":25.0,"key":"REST"},{"floor":32,"key":"REST"}],"neow_cost":"NONE","seed_source_timestamp":85861244093446,"circlet_count":0,"master_deck":["AscendersBane","Strike_R","Strike_R","Strike_R","Strike_R","Defend_R","Defend_R","Defend_R","Defend_R","Bash+1","Combust+1","Corruption","Twin Strike+1","Armaments","Pommel Strike","Rampage","Dark Embrace","Shockwave","Immolate+1","Battle Trance","Warcry+1","True Grit","Body Slam+1","Sentinel","True Grit","Feel No Pain","Fiend Fire+1","Armaments"],"special_seed":0,"relics":["Burning Blood","NeowsBlessing","Oddly Smooth Stone","Strawberry","Molten Egg 2","Fusion Hammer","Art of War","Meat on the Bone","MawBank","Nilry\u0027s Codex"],"potions_floor_usage":[29,29],"damage_taken":[{"damage":0.0,"enemies":"Cultist","floor":1.0,"turns":1.0},{"damage":0.0,"enemies":"Small Slimes","floor":5.0,"turns":1.0},{"damage":0.0,"enemies":"Lagavulin","floor":6.0,"turns":1.0},{"damage":0.0,"enemies":"2 Louse","floor":10.0,"turns":4.0},{"damage":14.0,"enemies":"Exordium Thugs","floor":11.0,"turns":3.0},{"damage":5.0,"enemies":"Looter","floor":12.0,"turns":4.0},{"damage":32.0,"enemies":"Gremlin Nob","floor":14.0,"turns":4.0},{"damage":13.0,"enemies":"Slime Boss","floor":16.0,"turns":6.0},{"damage":13.0,"enemies":"Shell Parasite","floor":18.0,"turns":6.0},{"damage":16.0,"enemies":"Spheric Guardian","floor":19.0,"turns":4.0},{"damage":7.0,"enemies":"Cultist and Chosen","floor":21.0,"turns":5.0},{"damage":42.0,"enemies":"Sentry and Sphere","floor":24.0,"turns":6.0},{"damage":8.0,"enemies":"Book of Stabbing","floor":27.0,"turns":4.0},{"damage":72,"enemies":"Slavers","floor":29,"turns":8},{"damage":0,"enemies":"Snake Plant","floor":30,"turns":2},{"damage":59,"enemies":"Collector","floor":33,"turns":6}],"seed_played":"-4713826696745457671","potions_obtained":[{"floor":5.0,"key":"Strength Potion"},{"floor":6.0,"key":"SteroidPotion"},{"floor":21.0,"key":"Regen Potion"},{"floor":30,"key":"LiquidBronze"}],"is_trial":false,"path_per_floor":["M","$","?","?","M","E","R","?","T","M","M","M","?","E","R","B",null,"M","M","$","M","$","R","M","R","T","E","$","E","M","?","R","B"],"character_chosen":"IRONCLAD","items_purchased":["Corruption","Twin Strike","True Grit","Body Slam+1","Sentinel","True Grit","Feel No Pain"],"campfire_rested":3,"item_purchase_floors":[2,2,20,20,22,22,28],"current_hp_per_floor":[74,74,67,67,73,75,75,75,82,82,74,75,75,49,49,42,72,65,55,55,54,54,78,42,66,66,64,64,22,40,19,43,0],"gold":97,"neow_bonus":"THREE_ENEMY_KILL","is_prod":false,"is_daily":false,"chose_seed":false,"campfire_upgraded":2,"win_rate":0,"timestamp":1553710469,"path_taken":["M","$","?","?","M","E","R","?","T","?","M","M","?","E","R","BOSS","M","M","$","M","$","R","M","R","T","E","$","E","M","?","R","BOSS"],"build_version":"2019-01-23","purchased_purges":0,"victory":false,"max_hp_per_floor":[75,75,75,75,75,75,75,75,82,82,82,82,82,82,82,82,82,82,82,82,82,82,82,82,82,82,82,82,82,82,82,82,82],"card_choices":[{"not_picked":["Armaments","Body Slam"],"picked":"Combust","floor":1.0},{"not_picked":["Wild Strike","Intimidate"],"picked":"Armaments","floor":5.0},{"not_picked":["Clash","Rage"],"picked":"Pommel Strike","floor":6.0},{"not_picked":["Hemokinesis","Carnage"],"picked":"Rampage","floor":10.0},{"not_picked":["Flex","Pummel"],"picked":"Dark Embrace","floor":11.0},{"not_picked":["Sword Boomerang","Clothesline","Flex"],"picked":"SKIP","floor":12.0},{"not_picked":["Headbutt","Double Tap"],"picked":"Shockwave","floor":14.0},{"not_picked":["Exhume","Berserk"],"picked":"Immolate+1","floor":16.0},{"not_picked":["Blood for Blood+1","True Grit"],"picked":"Battle Trance","floor":18.0},{"not_picked":["Entrench","Perfected Strike+1"],"picked":"Warcry+1","floor":19.0},{"not_picked":["Reckless Charge+1","Perfected Strike+1","Anger+1"],"picked":"SKIP","floor":21.0},{"not_picked":["Dual Wield","Clash+1","Rage"],"picked":"SKIP","floor":24.0},{"not_picked":["Wild Strike+1","Warcry","Flex"],"picked":"SKIP","floor":27.0},{"not_picked":["Thunderclap+1","Havoc"],"picked":"Fiend Fire+1","floor":29},{"not_picked":["Whirlwind+1","Body Slam+1"],"picked":"Armaments","floor":30}],"player_experience":519432,"relics_obtained":[{"floor":6.0,"key":"Oddly Smooth Stone"},{"floor":9.0,"key":"Strawberry"},{"floor":14.0,"key":"Molten Egg 2"},{"floor":26.0,"key":"Art of War"},{"floor":27.0,"key":"Meat on the Bone"},{"floor":29,"key":"MawBank"},{"floor":31,"key":"Nilry\u0027s Codex"}],"event_choices":[{"cards_removed":["Strike_R"],"damage_healed":0.0,"max_hp_gain":0.0,"max_hp_loss":0.0,"gold_gain":0.0,"event_name":"Golden Wing","player_choice":"Card Removal","floor":3.0,"gold_loss":0.0,"damage_taken":7.0},{"damage_healed":0.0,"max_hp_gain":0.0,"max_hp_loss":0.0,"gold_gain":0.0,"event_name":"Living Wall","player_choice":"Grow","floor":4.0,"gold_loss":0.0,"damage_taken":0.0,"cards_upgraded":["Bash"]},{"damage_healed":0.0,"max_hp_gain":0.0,"max_hp_loss":0.0,"gold_gain":0.0,"event_name":"The Cleric","player_choice":"Leave","floor":8.0,"gold_loss":0.0,"damage_taken":0.0},{"damage_healed":0.0,"max_hp_gain":0.0,"max_hp_loss":0.0,"gold_gain":0.0,"event_name":"Dead Adventurer","player_choice":"Searched \u00270\u0027 times","floor":13.0,"gold_loss":0.0,"damage_taken":0.0},{"damage_healed":0,"gold_gain":0,"player_choice":"Obtained Book","damage_taken":21,"max_hp_gain":0,"max_hp_loss":0,"event_name":"Cursed Tome","floor":31,"gold_loss":0}],"is_beta":false,"boss_relics":[{"not_picked":["Lizard Tail","Tiny House"],"picked":"Fusion Hammer"}],"items_purged_floors":[],"is_endless":false,"potions_floor_spawned":[5,6,11,14,21,30],"killed_by":"Collector","ascension_level":19}