{"gold_per_floor":[115,172,182,66,66,66,87,101,101,101,120,85,118,135,135,232,232,245,75,75,3,102,117,117,137,137,169,184,196,221,233,233,335,335,347,74,0,11,21,21,21,21,89,107,119,19,19,44,44,44],"floor_reached":51,"playtime":3393,"items_purged":["Strike_R","Strike_R"],"score":994,"play_id":"f8e74f68-7771-417a-b12e-957d3435d7ff","local_time":"20181129112709","is_ascension_mode":true,"campfire_choices":[{"data":"Corruption","floor":6,"key":"SMITH"},{"floor":10,"key":"REST"},{"data":"Shockwave","floor":15,"key":"SMITH"},{"data":"Pommel Strike","floor":24,"key":"SMITH"},{"floor":32,"key":"REST"},{"data":"Juggernaut","floor":40,"key":"SMITH"},{"data":"Feel No Pain","floor":42,"key":"SMITH"},{"data":"Feel No Pain","floor":49,"key":"SMITH"}],"neow_cost":"PERCENT_DAMAGE","seed_source_timestamp":562165967911253,"circlet_count":0,"master_deck":["Strike_R","Strike_R","Strike_R","Defend_R","Defend_R","Defend_R","Defend_R","Bash","Feed+1","Anger","Headbutt","Carnage","Corruption+1","Headbutt","Second Wind","Clothesline","Shockwave+1","Armaments","Pommel Strike+1","Offering","Shrug It Off+1","Inflame","Shrug It Off","Feel No Pain+1","Flame Barrier","Armaments+1","Feel No Pain+1","Thunderclap","Exhume","Pommel Strike+1","Juggernaut+1","Heavy Blade+1","Anger","Body Slam+1","Havoc+1","Corruption+1","Purity","Armaments+1","Shrug It Off+1"],"relics":["Black Blood","Odd Mushroom","Prayer Wheel","Pen Nib","Sozu","Nilry\u0027s Codex","Shuriken","Oddly Smooth Stone","Red Skull","Kunai","Red Mask","Toxic Egg 2","Dream Catcher"],"potions_floor_usage":[16,16,50],"damage_taken":[{"damage":0,"enemies":"2 Louse","floor":1,"turns":3},{"damage":8,"enemies":"Jaw Worm","floor":3,"turns":5},{"damage":40,"enemies":"The Mushroom Lair","floor":7,"turns":5},{"damage":11,"enemies":"Small Slimes","floor":8,"turns":4},{"damage":11,"enemies":"Exordium Wildlife","floor":11,"turns":4},{"damage":19,"enemies":"Gremlin Nob","floor":13,"turns":4},{"damage":13,"enemies":"Large Slime","floor":14,"turns":5},{"damage":37,"enemies":"Hexaghost","floor":16,"turns":9},{"damage":9,"enemies":"Chosen","floor":18,"turns":3},{"damage":12,"enemies":"Spheric Guardian","floor":23,"turns":3},{"damage":17,"enemies":"Shelled Parasite and Fungi","floor":25,"turns":3},{"damage":7,"enemies":"Book of Stabbing","floor":27,"turns":5},{"damage":8,"enemies":"Snake Plant","floor":28,"turns":4},{"damage":0,"enemies":"Sentry and Sphere","floor":29,"turns":9},{"damage":29,"enemies":"Slavers","floor":30,"turns":10},{"damage":3,"enemies":"3 Cultists","floor":31,"turns":5},{"damage":11,"enemies":"Collector","floor":33,"turns":10},{"damage":8,"enemies":"Orb Walker","floor":35,"turns":3},{"damage":6,"enemies":"3 Shapes","floor":38,"turns":8},{"damage":29,"enemies":"3 Darklings","floor":39,"turns":4},{"damage":6,"enemies":"Maw","floor":44,"turns":6},{"damage":18,"enemies":"4 Shapes","floor":45,"turns":3},{"damage":87,"enemies":"Awakened One","floor":50,"turns":12}],"seed_played":"2320754351998049474","potions_obtained":[{"floor":7,"key":"Ancient Potion"},{"floor":11,"key":"Weak Potion"},{"floor":13,"key":"PowerPotion"},{"floor":16,"key":"Swift Potion"}],"is_trial":false,"path_per_floor":["M","?","M","$","?","R","?","M","T","R","M","?","E","M","R","B",null,"M","$","?","$","?","M","R","M","T","E","M","M","E","M","R","B",null,"M","$","?","M","M","R","?","R","T","M","M","$","?","T","R","B",null],"character_chosen":"IRONCLAD","items_purchased":["Carnage","Corruption","Shrug It Off","Feel No Pain","Flame Barrier","Kunai","Anger"],"campfire_rested":2,"item_purchase_floors":[4,4,19,19,21,36,36],"current_hp_per_floor":[60,60,61,61,61,61,31,30,30,58,57,81,72,69,69,38,89,90,90,74,74,74,72,72,65,65,64,62,72,53,64,104,99,125,127,127,127,135,116,116,116,116,116,124,116,116,116,116,116,43],"gold":44,"neow_bonus":"THREE_RARE_CARDS","is_prod":false,"is_daily":false,"chose_seed":false,"campfire_upgraded":6,"win_rate":0,"timestamp":1543508829,"path_taken":["M","?","M","$","?","R","?","M","T","R","?","?","E","M","R","BOSS","M","$","?","$","?","M","R","M","T","E","M","M","E","M","R","BOSS","M","$","?","M","M","R","?","R","T","?","M","$","?","?","R","BOSS"],"build_version":"2018-11-15","purchased_purges":2,"victory":true,"max_hp_per_floor":[83,83,86,86,86,86,90,94,94,94,98,98,102,106,106,106,106,110,110,110,110,110,114,114,118,118,118,118,122,126,134,134,134,134,134,134,134,138,138,138,138,138,138,142,142,142,135,135,135,139],"card_choices":[{"not_picked":["Offering","Brutality"],"picked":"Feed","floor":0},{"not_picked":["Shrug It Off","Thunderclap"],"picked":"Anger","floor":1},{"not_picked":["Clash","Warcry"],"picked":"Headbutt","floor":3},{"not_picked":["Dropkick","Havoc"],"picked":"Headbutt","floor":7},{"not_picked":["Headbutt","Corruption"],"picked":"Second Wind","floor":8},{"not_picked":["Searing Blow","Infernal Blade"],"picked":"Clothesline","floor":11},{"not_picked":["Rupture","Spot Weakness"],"picked":"Shockwave","floor":11},{"not_picked":["Berserk","Limit Break"],"picked":"Armaments","floor":13},{"not_picked":["Twin Strike","True Grit"],"picked":"Pommel Strike","floor":14},{"not_picked":["Sever Soul","Body Slam","Clash"],"picked":"SKIP","floor":14},{"not_picked":["Juggernaut","Reaper"],"picked":"Offering","floor":16},{"not_picked":["Searing Blow","Sword Boomerang"],"picked":"Shrug It Off+1","floor":18},{"not_picked":["Flex","Havoc"],"picked":"Inflame","floor":18},{"not_picked":["Limit Break","True Grit"],"picked":"Armaments+1","floor":23},{"not_picked":["Twin Strike","Wild Strike","Sever Soul"],"picked":"SKIP","floor":23},{"not_picked":["Iron Wave","Blood for Blood"],"picked":"Feel No Pain","floor":25},{"not_picked":["Clash","Heavy Blade","Anger"],"picked":"SKIP","floor":25},{"not_picked":["Pommel Strike","Headbutt","Twin Strike"],"picked":"SKIP","floor":27},{"not_picked":["Reckless Charge","Heavy Blade+1"],"picked":"Thunderclap","floor":28},{"not_picked":["Uppercut","Iron Wave","Shockwave"],"picked":"SKIP","floor":28},{"not_picked":["Pommel Strike","Clothesline"],"picked":"Exhume","floor":29},{"not_picked":["Entrench","Rupture","Twin Strike"],"picked":"SKIP","floor":29},{"not_picked":["Sword Boomerang","Dropkick"],"picked":"Pommel Strike+1","floor":30},{"not_picked":["Dual Wield","Pommel Strike","Clothesline"],"picked":"SKIP","floor":31},{"not_picked":["Metallicize","Inflame","Armaments"],"picked":"SKIP","floor":31},{"not_picked":["Impervious","Brutality"],"picked":"Juggernaut","floor":33},{"not_picked":["Entrench+1","Burning Pact"],"picked":"Heavy Blade+1","floor":35},{"not_picked":["Armaments","Havoc","Flex"],"picked":"SKIP","floor":35},{"not_picked":["Pommel Strike","Heavy Blade+1"],"picked":"Body Slam+1","floor":38},{"not_picked":["Bloodletting","Sword Boomerang+1"],"picked":"Havoc+1","floor":38},{"not_picked":["Dropkick+1","True Grit"],"picked":"Corruption+1","floor":39},{"not_picked":["Uppercut+1","Clash","True Grit"],"picked":"SKIP","floor":39},{"not_picked":["Enlightenment","Finesse"],"picked":"Purity","floor":41},{"not_picked":["Dropkick+1","Infernal Blade+1"],"picked":"Armaments+1","floor":44},{"not_picked":["Headbutt","Sword Boomerang"],"picked":"Shrug It Off+1","floor":44},{"not_picked":["Armaments+1","Heavy Blade+1","Headbutt"],"picked":"SKIP","floor":45},{"not_picked":["Cleave","Perfected Strike+1","Flex+1"],"picked":"SKIP","floor":45}],"player_experience":246470,"relics_obtained":[{"floor":7,"key":"Odd Mushroom"},{"floor":9,"key":"Prayer Wheel"},{"floor":13,"key":"Pen Nib"},{"floor":20,"key":"Nilry\u0027s Codex"},{"floor":26,"key":"Shuriken"},{"floor":27,"key":"Oddly Smooth Stone"},{"floor":30,"key":"Red Skull"},{"floor":43,"key":"Toxic Egg 2"},{"floor":48,"key":"Dream Catcher"}],"event_choices":[{"damage_healed":0,"gold_gain":57,"player_choice":"Gained Gold","damage_taken":0,"max_hp_gain":0,"max_hp_loss":0,"event_name":"Golden Wing","floor":2,"gold_loss":0},{"damage_healed":0,"gold_gain":0,"player_choice":"Grow","damage_taken":0,"max_hp_gain":0,"max_hp_loss":0,"event_name":"Living Wall","floor":5,"gold_loss":0,"cards_upgraded":["Feed"]},{"damage_healed":0,"gold_gain":0,"player_choice":"Fought Mushrooms","damage_taken":0,"max_hp_gain":0,"max_hp_loss":0,"event_name":"Mushrooms","floor":7,"gold_loss":0},{"damage_healed":24,"gold_gain":0,"player_choice":"Healed","damage_taken":0,"max_hp_gain":0,"max_hp_loss":0,"event_name":"The Cleric","floor":12,"gold_loss":35},{"damage_healed":0,"gold_gain":0,"player_choice":"Obtained Book","damage_taken":16,"max_hp_gain":0,"max_hp_loss":0,"event_name":"Cursed Tome","floor":20,"gold_loss":0},{"damage_healed":0,"gold_gain":99,"player_choice":"Stole From Cult","damage_taken":0,"max_hp_gain":0,"max_hp_loss":0,"event_name":"Nest","floor":22,"gold_loss":0},{"damage_healed":0,"gold_gain":0,"player_choice":"Paid","damage_taken":0,"relics_obtained":["Red Mask"],"max_hp_gain":0,"max_hp_loss":0,"event_name":"Tomb of Lord Red Mask","floor":37,"gold_loss":74},{"damage_healed":0,"gold_gain":0,"player_choice":"Memory 1","damage_taken":0,"max_hp_gain":0,"max_hp_loss":0,"event_name":"SensoryStone","floor":41,"gold_loss":0},{"damage_healed":0,"gold_gain":0,"player_choice":"Max HP","damage_taken":0,"max_hp_gain":0,"max_hp_loss":7,"event_name":"Winding Halls","floor":47,"gold_loss":0}],"is_beta":false,"boss_relics":[{"not_picked":["Coffee Dripper","Astrolabe"],"picked":"Sozu"},{"not_picked":["White Beast Statue","Black Star"],"picked":"Black Blood"}],"items_purged_floors":[19,46],"is_endless":false,"potions_floor_spawned":[7,11,13,16,25,27,29,30,35],"ascension_level":7}