{"gold_per_floor":[210,210,223,223,241,241,284,284,308,12,55,79,95,22,22,142,142,157,6,6,6,27,70,70,138,138,138,161,161,14,57,57,177,177,190,214,214,78,203,203,239,239,239,239,283,283,283,616,616,616],"floor_reached":51,"playtime":2423,"items_purged":["Strike_B","Pain"],"score":1070,"play_id":"7a698420-af56-4835-a3dd-62b0ec1e3ed1","local_time":"20190415003745","is_ascension_mode":true,"campfire_choices":[{"data":"Zap","floor":6,"key":"SMITH"},{"floor":8,"key":"REST"},{"data":"Capacitor","floor":15,"key":"SMITH"},{"data":"Electrodynamics","floor":24,"key":"SMITH"},{"data":"Barrage","floor":27,"key":"SMITH"},{"data":"Self Repair","floor":29,"key":"SMITH"},{"data":"Glacier","floor":32,"key":"SMITH"},{"data":"Doubt","floor":40,"key":"PURGE"},{"data":"Strike_B+1","floor":42,"key":"PURGE"},{"data":"Clumsy","floor":44,"key":"PURGE"},{"data":"Strike_B+1","floor":47,"key":"PURGE"},{"data":"Strike_B+1","floor":49,"key":"PURGE"}],"neow_cost":"NONE","seed_source_timestamp":42781663649662,"circlet_count":0,"master_deck":["Defend_B+1","Defend_B+1","Defend_B+1","Defend_B+1","Zap+1","Dualcast","Barrage+1","Sweeping Beam","Glacier+1","Core Surge","Ball Lightning","Capacitor+1","Genetic Algorithm+1","Electrodynamics+1","Chill+1","Seek+1","Skim+1","BootSequence+1","Defragment+1","Self Repair+1","Glacier+1","Seek+1","Storm"],"relics":["Cracked Core","PreservedInsect","Potion Belt","OrangePellets","Toxic Egg 2","Cursed Key","Lantern","Tiny Chest","WingedGreaves","DataDisk","Pantograph","Velvet Choker","Mummified Hand","Peace Pipe","Gremlin Horn","Thread and Needle","Emotion Chip"],"potions_floor_usage":[11,23,25,50],"damage_taken":[{"damage":7,"enemies":"Jaw Worm","floor":1,"turns":3},{"damage":6,"enemies":"2 Louse","floor":3,"turns":3},{"damage":7,"enemies":"Small Slimes","floor":5,"turns":3},{"damage":34,"enemies":"Lagavulin","floor":7,"turns":9},{"damage":0,"enemies":"Gremlin Nob","floor":11,"turns":2},{"damage":0,"enemies":"Looter","floor":12,"turns":2},{"damage":7,"enemies":"Gremlin Gang","floor":13,"turns":4},{"damage":32,"enemies":"The Guardian","floor":16,"turns":13},{"damage":7,"enemies":"3 Byrds","floor":18,"turns":4},{"damage":2,"enemies":"Chosen","floor":22,"turns":5},{"damage":8,"enemies":"Slavers","floor":23,"turns":5},{"damage":4,"enemies":"Gremlin Leader","floor":25,"turns":4},{"damage":2,"enemies":"Centurion and Healer","floor":28,"turns":3},{"damage":17,"enemies":"Book of Stabbing","floor":31,"turns":4},{"damage":37,"enemies":"Collector","floor":33,"turns":11},{"damage":0,"enemies":"3 Darklings","floor":35,"turns":3},{"damage":0,"enemies":"Orb Walker","floor":36,"turns":4},{"damage":0,"enemies":"Mind Bloom Boss Battle","floor":39,"turns":8},{"damage":28,"enemies":"Nemesis","floor":41,"turns":5},{"damage":0,"enemies":"Giant Head","floor":45,"turns":10},{"damage":17,"enemies":"Time Eater","floor":50,"turns":25}],"seed_played":"7478967731686083697","potions_obtained":[{"floor":3,"key":"FocusPotion"},{"floor":11,"key":"Block Potion"},{"floor":21,"key":"PowerPotion"},{"floor":21,"key":"Regen Potion"},{"floor":21,"key":"Swift Potion"},{"floor":28,"key":"GamblersBrew"},{"floor":31,"key":"Block Potion"},{"floor":35,"key":"Energy Potion"}],"is_trial":false,"path_per_floor":["M","?","M","?","M","R","E","R","T","$","E","M","M","$","R","B",null,"M","$","?","?","M","E","R","E","T","R","M","R","$","E","R","B",null,"M","M","T","$","?","R","E","R","T","R","E","?","R","?","R","B",null],"character_chosen":"DEFECT","items_purchased":["Ball Lightning","Capacitor","OrangePellets","Chill+1","BootSequence+1","DataDisk","Storm"],"campfire_rested":1,"item_purchase_floors":[10,10,10,14,19,30,38],"current_hp_per_floor":[61,66,60,60,53,53,19,41,41,41,41,41,34,34,34,2,56,49,49,49,49,47,53,53,49,49,49,47,47,47,40,40,38,65,65,65,65,65,74,74,56,56,56,56,66,66,66,66,66,53],"gold":616,"neow_bonus":"HUNDRED_GOLD","is_prod":false,"is_daily":false,"chose_seed":false,"campfire_upgraded":6,"win_rate":0,"timestamp":1555303065,"path_taken":["M","?","M","?","M","R","E","R","T","?","E","M","M","$","R","BOSS","M","$","?","?","M","E","R","E","T","R","M","R","$","E","R","BOSS","M","?","?","$","?","R","E","R","T","R","E","?","R","?","R","BOSS"],"build_version":"2019-01-23","purchased_purges":2,"victory":true,"max_hp_per_floor":[75,80,80,74,74,74,74,74,74,74,74,74,74,74,74,74,74,74,74,74,74,74,74,74,74,74,74,74,74,74,74,74,74,74,74,74,74,74,74,74,74,74,74,74,74,70,70,70,70,70],"card_choices":[{"not_picked":["Steam","FTL"],"picked":"Barrage","floor":1},{"not_picked":["Barrage","Scrape"],"picked":"Sweeping Beam","floor":3},{"not_picked":["Hologram","Compile Driver"],"picked":"Glacier","floor":5},{"not_picked":["Go for the Eyes","FTL"],"picked":"Core Surge","floor":7},{"not_picked":["Steam Power","Stack","Rebound"],"picked":"SKIP","floor":11},{"not_picked":["Glacier+1","Cold Snap"],"picked":"Genetic Algorithm+1","floor":12},{"not_picked":["Consume+1","Beam Cell"],"picked":"Electrodynamics","floor":13},{"not_picked":["Thunder Strike","Hyperbeam"],"picked":"Seek+1","floor":16},{"not_picked":["Tempest+1","Genetic Algorithm+1"],"picked":"Skim+1","floor":18},{"not_picked":["Rebound","Go for the Eyes","Turbo+1"],"picked":"SKIP","floor":22},{"not_picked":["Machine Learning","Go for the Eyes","Scrape"],"picked":"SKIP","floor":23},{"not_picked":["Sweeping Beam+1","Conserve Battery+1"],"picked":"Defragment+1","floor":25},{"not_picked":["Redo+1","Beam Cell"],"picked":"Self Repair","floor":28},{"not_picked":["Reinforced Body+1","Force Field+1"],"picked":"Glacier+1","floor":31},{"not_picked":["Multi-Cast+1","Amplify+1"],"picked":"Seek+1","floor":33},{"not_picked":["Stack+1","Force Field+1","Rebound"],"picked":"SKIP","floor":35},{"not_picked":["Streamline","Beam Cell","Conserve Battery+1"],"picked":"SKIP","floor":36},{"not_picked":["Gash+1","Streamline+1","Seek+1"],"picked":"SKIP","floor":41},{"not_picked":["Barrage+1","Coolheaded+1","Steam+1"],"picked":"SKIP","floor":45}],"player_experience":573188,"relics_obtained":[{"floor":7,"key":"PreservedInsect"},{"floor":9,"key":"Potion Belt"},{"floor":11,"key":"Toxic Egg 2"},{"floor":23,"key":"Lantern"},{"floor":25,"key":"Tiny Chest"},{"floor":26,"key":"WingedGreaves"},{"floor":31,"key":"Pantograph"},{"floor":37,"key":"Mummified Hand"},{"floor":39,"key":"Peace Pipe"},{"floor":41,"key":"Gremlin Horn"},{"floor":43,"key":"Thread and Needle"},{"floor":45,"key":"Emotion Chip"}],"event_choices":[{"damage_healed":0,"gold_gain":0,"player_choice":"Donut","damage_taken":0,"max_hp_gain":5,"max_hp_loss":0,"event_name":"Big Fish","floor":2,"gold_loss":0},{"damage_healed":0,"gold_gain":0,"player_choice":"Lose Max HP","damage_taken":0,"relics_obtained":["Golden Idol"],"max_hp_gain":0,"max_hp_loss":6,"event_name":"Golden Idol","floor":4,"gold_loss":0},{"damage_healed":0,"gold_gain":0,"player_choice":"Simplicity","damage_taken":0,"max_hp_gain":0,"max_hp_loss":0,"event_name":"Back to Basics","floor":20,"gold_loss":0,"cards_upgraded":["Strike_B","Strike_B","Strike_B","Defend_B","Defend_B","Defend_B","Defend_B"]},{"damage_healed":0,"gold_gain":0,"player_choice":"Got Potions","damage_taken":0,"max_hp_gain":0,"max_hp_loss":0,"event_name":"Lab","floor":21,"gold_loss":0},{"damage_healed":0,"gold_gain":0,"player_choice":"Fight","damage_taken":0,"max_hp_gain":0,"max_hp_loss":0,"event_name":"MindBloom","floor":39,"gold_loss":0},{"damage_healed":0,"gold_gain":0,"player_choice":"Max HP","damage_taken":0,"max_hp_gain":0,"max_hp_loss":4,"event_name":"Winding Halls","floor":46,"gold_loss":0},{"damage_healed":0,"gold_gain":333,"player_choice":"Gave Idol","damage_taken":0,"max_hp_gain":0,"max_hp_loss":0,"event_name":"The Moai Head","floor":48,"relics_lost":["Golden Idol"],"gold_loss":0}],"is_beta":false,"boss_relics":[{"not_picked":["White Beast Statue","Philosopher\u0027s Stone"],"picked":"Cursed Key"},{"not_picked":["Calling Bell","Sozu"],"picked":"Velvet Choker"}],"items_purged_floors":[19,38],"is_endless":false,"potions_floor_spawned":[3,11,28,31,35,36],"ascension_level":6}