{"gold_per_floor":[117,117,117,117,128,128,139,8,31,31,31,50,50,10,10,10],"floor_reached":16,"playtime":623,"items_purged":[],"score":176,"play_id":"3c1b3612-ae6a-4931-bdfb-82011f99b503","local_time":"20190507225529","is_ascension_mode":true,"campfire_choices":[{"data":"Go for the Eyes","floor":6,"key":"SMITH"},{"data":"Undo","floor":11,"key":"SMITH"},{"data":"Defend_B","floor":15,"key":"SMITH"}],"neow_cost":"NONE","seed_source_timestamp":2338649732298779,"circlet_count":0,"master_deck":["AscendersBane","Strike_B","Strike_B","Strike_B","Defend_B","Defend_B","Defend_B","Defend_B+1","Zap","Dualcast","Go for the Eyes+1","Auto Shields","Dark Shackles","Undo+1","Rebound"],"special_seed":0,"relics":["Cracked Core","NeowsBlessing","Omamori"],"potions_floor_usage":[16,16],"damage_taken":[{"damage":0.0,"enemies":"2 Louse","floor":1.0,"turns":1.0},{"damage":0,"enemies":"Small Slimes","floor":5,"turns":1},{"damage":0,"enemies":"Jaw Worm","floor":7,"turns":1},{"damage":0,"enemies":"Blue Slaver","floor":12,"turns":4},{"damage":80,"enemies":"Slime Boss","floor":16,"turns":10}],"seed_played":"-510252704531897257","potions_obtained":[{"floor":5,"key":"Poison Potion"},{"floor":10,"key":"Strength Potion"},{"floor":12,"key":"Dexterity Potion"}],"is_trial":false,"path_per_floor":["M","?","?","?","M","R","M","$","T","?","R","M","?","?","R","B"],"character_chosen":"DEFECT","items_purchased":["Dark Shackles","Undo"],"campfire_rested":0,"item_purchase_floors":[8,8],"current_hp_per_floor":[64,64,64,69,69,69,69,69,69,69,69,69,69,69,69,0],"gold":10,"neow_bonus":"THREE_ENEMY_KILL","is_prod":false,"is_daily":false,"chose_seed":false,"campfire_upgraded":3,"win_rate":0,"timestamp":1557258929,"path_taken":["M","?","?","?","M","R","?","$","T","?","R","?","?","?","R","BOSS"],"build_version":"2019-01-23","purchased_purges":0,"victory":false,"max_hp_per_floor":[71,71,71,76,76,76,76,76,76,76,76,76,76,76,76,76],"card_choices":[{"not_picked":["Rip and Tear","Heatsinks"],"picked":"Go for the Eyes","floor":1.0},{"not_picked":["Turbo","Cold Snap"],"picked":"Auto Shields","floor":5},{"not_picked":["Compile Driver","Blizzard","Sweeping Beam"],"picked":"SKIP","floor":7},{"not_picked":["Thunder Strike","Redo"],"picked":"Rebound","floor":12}],"player_experience":886317,"relics_obtained":[{"floor":9,"key":"Omamori"}],"event_choices":[{"damage_healed":0.0,"max_hp_gain":0.0,"max_hp_loss":0.0,"gold_gain":0.0,"event_name":"Scrap Ooze","player_choice":"Fled","floor":2.0,"gold_loss":0.0,"damage_taken":0.0},{"cards_removed":["Strike_B"],"damage_healed":0,"gold_gain":0,"player_choice":"Forget","damage_taken":0,"max_hp_gain":0,"max_hp_loss":0,"event_name":"Living Wall","floor":3,"gold_loss":0},{"damage_healed":0,"gold_gain":0,"player_choice":"Donut","damage_taken":0,"max_hp_gain":5,"max_hp_loss":0,"event_name":"Big Fish","floor":4,"gold_loss":0},{"damage_healed":0,"gold_gain":0,"player_choice":"Got Potions","damage_taken":0,"max_hp_gain":0,"max_hp_loss":0,"event_name":"Lab","floor":10,"gold_loss":0},{"damage_healed":0,"gold_gain":0,"player_choice":"Ignored","damage_taken":0,"max_hp_gain":0,"max_hp_loss":0,"event_name":"Golden Idol","floor":13,"gold_loss":0},{"damage_healed":0,"gold_gain":0,"player_choice":"Left Gold","damage_taken":0,"max_hp_gain":0,"max_hp_loss":0,"event_name":"World of Goop","floor":14,"gold_loss":40}],"is_beta":false,"boss_relics":[],"items_purged_floors":[],"is_endless":false,"potions_floor_spawned":[5,12],"killed_by":"Slime Boss","ascension_level":20}