{"gold_per_floor":[118,131,206,112,112,126,155,166,217,229,43,58,89,107,107,208,208,220,237,253,50,50],"floor_reached":22,"playtime":996,"items_purged":[],"score":248,"play_id":"764893eb-0079-46ba-91f5-48e1c50cf638","local_time":"20181127224307","is_ascension_mode":true,"campfire_choices":[{"data":"Bash","floor":10,"key":"SMITH"},{"data":"Perfected Strike","floor":15,"key":"SMITH"}],"neow_cost":"NONE","seed_source_timestamp":432331703614577,"circlet_count":0,"master_deck":["Strike_R","Strike_R","Strike_R","Defend_R","Defend_R","Defend_R","Defend_R","Bash+1","Headbutt","Disarm","Inflame","Wild Strike","Iron Wave","Clothesline","Immolate","Demon Form","True Grit","Offering","Offering+1","Entrench+1","Wild Strike+1","Evolve","Intimidate","Armaments","Shrug It Off"],"relics":["Burning Blood","Blue Candle","MawBank","Medical Kit","Orichalcum","Astrolabe","Oddly Smooth Stone"],"potions_floor_usage":[16,16,20],"damage_taken":[{"damage":6,"enemies":"Jaw Worm","floor":1,"turns":5},{"damage":0,"enemies":"Small Slimes","floor":2,"turns":3},{"damage":0,"enemies":"2 Louse","floor":6,"turns":3},{"damage":35,"enemies":"Lagavulin","floor":7,"turns":5},{"damage":14,"enemies":"Red Slaver","floor":8,"turns":2},{"damage":17,"enemies":"Blue Slaver","floor":12,"turns":3},{"damage":14,"enemies":"Gremlin Nob","floor":13,"turns":3},{"damage":0,"enemies":"Exordium Wildlife","floor":14,"turns":2},{"damage":16,"enemies":"Slime Boss","floor":16,"turns":8},{"damage":20,"enemies":"2 Thieves","floor":18,"turns":4},{"damage":27,"enemies":"Shell Parasite","floor":19,"turns":5},{"damage":23,"enemies":"Chosen and Byrds","floor":20,"turns":5},{"damage":20,"enemies":"Centurion and Healer","floor":22,"turns":5}],"seed_played":"-2905012720325110310","potions_obtained":[{"floor":6,"key":"EssenceOfSteel"},{"floor":13,"key":"Strength Potion"},{"floor":16,"key":"PowerPotion"}],"is_trial":false,"path_per_floor":["M","M","?","$","?","M","E","M","T","R","$","M","E","M","R","B",null,"M","M","M","$","M"],"character_chosen":"IRONCLAD","items_purchased":["Inflame","Perfected Strike","Medical Kit","Shrug It Off","Oddly Smooth Stone"],"campfire_rested":0,"item_purchase_floors":[4,4,11,21,21],"current_hp_per_floor":[88,88,77,77,77,83,54,46,46,46,46,35,27,33,33,23,72,58,37,20,20,0],"gold":50,"neow_bonus":"TEN_PERCENT_HP_BONUS","is_prod":false,"is_daily":false,"chose_seed":false,"campfire_upgraded":2,"win_rate":0,"timestamp":1543376587,"path_taken":["M","M","?","$","?","M","E","M","T","R","?","M","E","M","R","BOSS","M","M","M","$","M"],"build_version":"2018-11-15","purchased_purges":0,"victory":false,"max_hp_per_floor":[88,88,88,88,88,88,88,88,88,88,88,88,88,88,88,88,88,88,88,88,88,88],"card_choices":[{"not_picked":["Heavy Blade","Perfected Strike"],"picked":"Headbutt","floor":1},{"not_picked":["True Grit","Warcry"],"picked":"Disarm","floor":2},{"not_picked":["Dropkick","Entrench"],"picked":"Wild Strike","floor":6},{"not_picked":["Pummel","Body Slam"],"picked":"Iron Wave","floor":7},{"not_picked":["Warcry","Shrug It Off"],"picked":"Clothesline","floor":8},{"not_picked":["Warcry","Perfected Strike"],"picked":"Immolate","floor":12},{"not_picked":["Ghostly Armor","Wild Strike"],"picked":"Demon Form","floor":13},{"not_picked":["Dual Wield","Body Slam"],"picked":"True Grit","floor":14},{"not_picked":["Demon Form","Limit Break"],"picked":"Offering","floor":16},{"not_picked":["Sword Boomerang+1","Headbutt"],"picked":"Evolve","floor":18},{"not_picked":["Carnage","Cleave"],"picked":"Intimidate","floor":19},{"not_picked":["Iron Wave","Rampage"],"picked":"Armaments","floor":20}],"player_experience":233283,"relics_obtained":[{"floor":7,"key":"Blue Candle"},{"floor":9,"key":"MawBank"},{"floor":13,"key":"Orichalcum"}],"event_choices":[{"damage_healed":0,"gold_gain":75,"player_choice":"Gather Gold","damage_taken":11,"max_hp_gain":0,"max_hp_loss":0,"event_name":"World of Goop","floor":3,"gold_loss":0},{"damage_healed":0,"gold_gain":0,"player_choice":"Ignored","damage_taken":0,"max_hp_gain":0,"max_hp_loss":0,"event_name":"Golden Wing","floor":5,"gold_loss":0}],"is_beta":false,"boss_relics":[{"not_picked":["Runic Cube","Runic Pyramid"],"picked":"Astrolabe"}],"items_purged_floors":[],"is_endless":false,"potions_floor_spawned":[6,13,16],"killed_by":"Centurion and Healer","ascension_level":5}