{"gold_per_floor":[111,111,186,200,49,49,76,87,87,87,87,87,111,147,147,273,273,291,26,41,59,59,97,97,135,188,188],"floor_reached":27,"playtime":1538,"items_purged":["Strike_G"],"score":412,"play_id":"72dad660-393f-4404-85ee-ff358200fdfe","local_time":"20190221180950","is_ascension_mode":true,"campfire_choices":[{"data":"Endless Agony","floor":6.0,"key":"SMITH"},{"data":"Riddle With Holes","floor":11.0,"key":"SMITH"},{"data":"Well Laid Plans","floor":15.0,"key":"SMITH"},{"floor":24.0,"key":"REST"}],"neow_cost":"NONE","seed_source_timestamp":357865248724979,"circlet_count":0,"master_deck":["Defend_G","Defend_G","Defend_G","Defend_G","Defend_G","Strike_G","Survivor","Neutralize+1","Endless Agony+1","Well Laid Plans+1","Riddle With Holes+1","Blade Dance","Corpse Explosion","Slice+1","Blur+1","Deflect+1","Expertise+1","Crippling Poison","Catalyst","Caltrops","Noxious Fumes+1","Noxious Fumes","Cloak And Dagger"],"special_seed":0,"relics":["Ring of the Snake","Bronze Scales","Turnip","Shuriken","Golden Idol","Peace Pipe","Astrolabe","The Courier","Blue Candle","Ancient Tea Set"],"potions_floor_usage":[25,25],"damage_taken":[{"damage":1.0,"enemies":"2 Louse","floor":1.0,"turns":3.0},{"damage":0.0,"enemies":"Cultist","floor":4.0,"turns":4.0},{"damage":18.0,"enemies":"3 Sentries","floor":7.0,"turns":14.0},{"damage":0.0,"enemies":"Jaw Worm","floor":8.0,"turns":3.0},{"damage":0.0,"enemies":"3 Louse","floor":13.0,"turns":2.0},{"damage":12.0,"enemies":"Lagavulin","floor":14.0,"turns":4.0},{"damage":10.0,"enemies":"Slime Boss","floor":16.0,"turns":6.0},{"damage":0.0,"enemies":"3 Byrds","floor":18.0,"turns":2.0},{"damage":9.0,"enemies":"Shell Parasite","floor":20.0,"turns":8.0},{"damage":19.0,"enemies":"Snake Plant","floor":21.0,"turns":3.0},{"damage":17.0,"enemies":"Colosseum Slavers","floor":22.0,"turns":4.0},{"damage":1.0,"enemies":"Gremlin Leader","floor":23.0,"turns":7.0},{"damage":10,"enemies":"Slavers","floor":25,"turns":5},{"damage":29,"enemies":"Snecko","floor":27,"turns":4}],"seed_played":"5389751229611217022","potions_obtained":[{"floor":1.0,"key":"SteroidPotion"},{"floor":4.0,"key":"Block Potion"},{"floor":7.0,"key":"Fire Potion"},{"floor":14.0,"key":"SkillPotion"},{"floor":18.0,"key":"SteroidPotion"},{"floor":23.0,"key":"GamblersBrew"}],"is_trial":false,"path_per_floor":["M","?","?","M","$","R","E","M","T","?","R","?","M","E","R","B",null,"M","$","M","M","?","E","R","E","T","M"],"character_chosen":"THE_SILENT","items_purchased":["Bronze Scales","Crippling Poison","Catalyst","Caltrops"],"campfire_rested":1,"item_purchase_floors":[5,19,19,19],"current_hp_per_floor":[62,62,55,55,55,55,37,37,37,37,37,37,37,25,25,15,53,53,53,44,25,8,7,26,16,16,0],"gold":188,"neow_bonus":"UPGRADE_CARD","is_prod":false,"is_daily":false,"chose_seed":false,"campfire_upgraded":3,"win_rate":0,"timestamp":1550790590,"path_taken":["M","?","?","?","$","R","E","M","T","?","R","?","M","E","R","BOSS","M","$","M","M","?","E","R","E","T","M"],"build_version":"2019-01-23","purchased_purges":1,"victory":false,"max_hp_per_floor":[70,70,70,70,70,70,70,70,70,70,70,65,65,65,65,65,65,65,65,65,65,65,65,65,65,65,65],"card_choices":[{"not_picked":["Flechettes","Sucker Punch"],"picked":"Endless Agony","floor":1.0},{"not_picked":["Dodge and Roll","Underhanded Strike"],"picked":"Well Laid Plans","floor":4.0},{"not_picked":["Burst","Bane"],"picked":"Riddle With Holes","floor":7.0},{"not_picked":["Poisoned Stab","Quick Slash","Deflect"],"picked":"SKIP","floor":8.0},{"not_picked":["Heel Hook","Blade Dance","Quick Slash"],"picked":"SKIP","floor":13.0},{"not_picked":["Heel Hook","Quick Slash"],"picked":"Blade Dance","floor":13.0},{"not_picked":["Underhanded Strike","Riddle With Holes","Tactician"],"picked":"SKIP","floor":14.0},{"not_picked":["Doppelganger","Envenom"],"picked":"Corpse Explosion","floor":16.0},{"not_picked":["Deadly Poison","Bouncing Flask"],"picked":"Expertise+1","floor":18.0},{"not_picked":["Acrobatics+1","Terror"],"picked":"Noxious Fumes+1","floor":20.0},{"not_picked":["Outmaneuver","Dagger Spray","Deadly Poison"],"picked":"SKIP","floor":21.0},{"not_picked":["Outmaneuver","Flying Knee"],"picked":"Noxious Fumes","floor":23.0},{"not_picked":["Endless Agony","Finisher"],"picked":"Cloak And Dagger","floor":25}],"player_experience":419890,"relics_obtained":[{"floor":7.0,"key":"Turnip"},{"floor":9.0,"key":"Shuriken"},{"floor":14.0,"key":"Peace Pipe"},{"floor":23.0,"key":"The Courier"},{"floor":25,"key":"Blue Candle"},{"floor":26,"key":"Ancient Tea Set"}],"event_choices":[{"damage_healed":0.0,"max_hp_gain":0.0,"max_hp_loss":0.0,"gold_gain":0.0,"event_name":"The Cleric","player_choice":"Leave","floor":2.0,"gold_loss":0.0,"damage_taken":0.0},{"damage_healed":0.0,"max_hp_gain":0.0,"max_hp_loss":0.0,"gold_gain":75.0,"event_name":"FaceTrader","player_choice":"Touch","floor":3.0,"gold_loss":0.0,"damage_taken":7.0},{"damage_healed":0.0,"max_hp_gain":0.0,"max_hp_loss":0.0,"gold_gain":0.0,"event_name":"Golden Wing","player_choice":"Ignored","floor":10.0,"gold_loss":0.0,"damage_taken":0.0},{"damage_healed":0.0,"max_hp_gain":0.0,"max_hp_loss":5.0,"gold_gain":0.0,"event_name":"Golden Idol","player_choice":"Lose Max HP","floor":12.0,"gold_loss":0.0,"damage_taken":0.0,"relics_obtained":["Golden Idol"]},{"damage_healed":0.0,"max_hp_gain":0.0,"max_hp_loss":0.0,"gold_gain":0.0,"event_name":"Colosseum","player_choice":"Fight","floor":22.0,"gold_loss":0.0,"damage_taken":0.0},{"damage_healed":0.0,"max_hp_gain":0.0,"max_hp_loss":0.0,"gold_gain":0.0,"event_name":"Colosseum","player_choice":"Fled From Nobs","floor":22.0,"gold_loss":0.0,"damage_taken":0.0}],"is_beta":false,"boss_relics":[{"not_picked":["Lizard Tail","Calling Bell"],"picked":"Astrolabe"}],"items_purged_floors":[19],"is_endless":false,"potions_floor_spawned":[1,4,7,14,18,23],"killed_by":"Snecko","ascension_level":9}