{"gold_per_floor":[109,127,127,142,13,49,49,49,49,82,82,82,101,26,26,119,119,139,88,103,123,222,222,247,247,247,288,288,302,63,81,81,81],"floor_reached":33,"playtime":1752,"items_purged":["Strike_G"],"score":468,"play_id":"4e9d2e57-b604-401a-a665-92d24d1fd6d1","local_time":"20190318154410","is_ascension_mode":true,"campfire_choices":[{"data":"Crippling Poison","floor":7,"key":"SMITH"},{"data":"Deadly Poison","floor":12,"key":"SMITH"},{"data":"Well Laid Plans","floor":15,"key":"SMITH"},{"data":"Backstab","floor":23,"key":"SMITH"},{"floor":25,"key":"REST"},{"data":"Neutralize","floor":28,"key":"SMITH"},{"data":"Bouncing Flask","floor":32,"key":"SMITH"}],"neow_cost":"NONE","seed_source_timestamp":2133274781582,"circlet_count":0,"master_deck":["AscendersBane","Defend_G","Defend_G","Defend_G","Defend_G","Defend_G","Strike_G","Strike_G+1","Survivor","Neutralize+1","Cloak And Dagger+1","Dash","Well Laid Plans+1","Deadly Poison+1","Crippling Poison+1","Footwork+1","Footwork+1","After Image+1","Backstab+1","Backflip","Dagger Spray","PiercingWail+1","Poisoned Stab","Dodge and Roll","Bouncing Flask+1"],"relics":["Ring of the Snake","NeowsBlessing","Golden Idol","Letter Opener","Frozen Egg 2","Regal Pillow","Empty Cage","Darkstone Periapt","Meat on the Bone","Mummified Hand"],"potions_floor_usage":[27,27],"damage_taken":[{"damage":0,"enemies":"2 Louse","floor":1,"turns":1},{"damage":0,"enemies":"Small Slimes","floor":2,"turns":1},{"damage":0,"enemies":"Jaw Worm","floor":4,"turns":1},{"damage":22,"enemies":"Lagavulin","floor":6,"turns":8},{"damage":15,"enemies":"3 Sentries","floor":10,"turns":10},{"damage":3,"enemies":"Looter","floor":13,"turns":4},{"damage":11,"enemies":"The Guardian","floor":16,"turns":10},{"damage":2,"enemies":"Chosen","floor":18,"turns":8},{"damage":5,"enemies":"3 Byrds","floor":20,"turns":7},{"damage":9,"enemies":"Centurion and Healer","floor":21,"turns":8},{"damage":13,"enemies":"Snake Plant","floor":24,"turns":6},{"damage":10,"enemies":"Book of Stabbing","floor":27,"turns":7},{"damage":11,"enemies":"3 Cultists","floor":29,"turns":6},{"damage":2,"enemies":"Shelled Parasite and Fungi","floor":31,"turns":7},{"damage":38,"enemies":"Champ","floor":33,"turns":17}],"seed_played":"-2369084817544894502","potions_obtained":[{"floor":6,"key":"GamblersBrew"},{"floor":13,"key":"SteroidPotion"},{"floor":16,"key":"FearPotion"},{"floor":18,"key":"Poison Potion"},{"floor":21,"key":"PowerPotion"}],"is_trial":false,"path_per_floor":["M","M","?","M","$","E","R","?","T","E","?","R","M","$","R","B",null,"M","$","M","M","?","R","M","R","T","E","R","M","$","M","R","B"],"character_chosen":"THE_SILENT","items_purchased":["Well Laid Plans","Deadly Poison","Backflip","Mummified Hand"],"campfire_rested":1,"item_purchase_floors":[5,5,19,30],"current_hp_per_floor":[59,59,59,59,59,37,37,57,57,42,30,30,27,27,27,16,50,48,48,43,34,34,34,21,54,54,44,44,33,33,31,31,0],"gold":81,"neow_bonus":"THREE_ENEMY_KILL","is_prod":false,"is_daily":false,"chose_seed":false,"campfire_upgraded":6,"win_rate":0,"timestamp":1552938250,"path_taken":["M","M","?","M","$","E","R","?","T","E","?","R","M","$","R","BOSS","M","$","M","M","?","R","M","R","T","E","R","M","$","M","R","BOSS"],"build_version":"2019-01-23","purchased_purges":1,"victory":false,"max_hp_per_floor":[66,66,61,61,61,61,61,61,61,61,61,61,61,61,61,61,61,61,61,61,61,61,61,61,61,61,61,61,61,61,61,61,61],"card_choices":[{"not_picked":["Deadly Poison","Blade Dance"],"picked":"Cloak And Dagger","floor":1},{"not_picked":["Caltrops","Prepared","Deflect"],"picked":"SKIP","floor":2},{"not_picked":["Blade Dance","Concentrate"],"picked":"Dash","floor":4},{"not_picked":["Eviscerate","Bullet Time"],"picked":"Crippling Poison","floor":6},{"not_picked":["Reflex","Terror"],"picked":"Footwork+1","floor":10},{"not_picked":["Terror","Predator"],"picked":"Footwork+1","floor":13},{"not_picked":["Bullet Time","Venomology"],"picked":"After Image+1","floor":16},{"not_picked":["Slice","Sucker Punch"],"picked":"Backstab","floor":18},{"not_picked":["Finisher","Quick Slash"],"picked":"Dagger Spray","floor":20},{"not_picked":["Heel Hook","Dagger Throw"],"picked":"PiercingWail+1","floor":21},{"not_picked":["Flying Knee","Setup+1"],"picked":"Poisoned Stab","floor":24},{"not_picked":["Poisoned Stab","Storm of Steel"],"picked":"Dodge and Roll","floor":27},{"not_picked":["Sucker Punch","Underhanded Strike","Prepared"],"picked":"SKIP","floor":29},{"not_picked":["Dodge and Roll","Prepared"],"picked":"Bouncing Flask","floor":31}],"player_experience":500621,"relics_obtained":[{"floor":6,"key":"Letter Opener"},{"floor":9,"key":"Frozen Egg 2"},{"floor":10,"key":"Regal Pillow"},{"floor":26,"key":"Darkstone Periapt"},{"floor":27,"key":"Meat on the Bone"}],"event_choices":[{"damage_healed":0,"gold_gain":0,"player_choice":"Lose Max HP","damage_taken":0,"relics_obtained":["Golden Idol"],"max_hp_gain":0,"max_hp_loss":5,"event_name":"Golden Idol","floor":3,"gold_loss":0},{"damage_healed":20,"gold_gain":0,"player_choice":"Banana","damage_taken":0,"max_hp_gain":0,"max_hp_loss":0,"event_name":"Big Fish","floor":8,"gold_loss":0},{"damage_healed":0,"gold_gain":0,"player_choice":"Entered Light","damage_taken":12,"max_hp_gain":0,"max_hp_loss":0,"event_name":"Shining Light","floor":11,"gold_loss":0,"cards_upgraded":["Strike_G","Cloak And Dagger"]},{"damage_healed":0,"gold_gain":99,"player_choice":"Stole From Cult","damage_taken":0,"max_hp_gain":0,"max_hp_loss":0,"event_name":"Nest","floor":22,"gold_loss":0}],"is_beta":false,"boss_relics":[{"not_picked":["Busted Crown","Tiny House"],"picked":"Empty Cage"}],"items_purged_floors":[14],"is_endless":false,"potions_floor_spawned":[6,13,16,18,20,21,24],"killed_by":"Champ","ascension_level":14}