{"gold_per_floor":[114,114,130,141,159,159,186,203,229,288,303,303,303,303,303,402,402,421,450,375,386,301,301,328,328,355,368,368,386,386,397,397,492,492,507,522,522,533,21,21,35,48,48,48,48,48,62,62,62,62],"floor_reached":51,"playtime":5788,"items_purged":["Choke","Decay"],"score":768,"play_id":"546e88c4-00c2-4844-80a1-56f8a96948d2","local_time":"20190131010056","is_ascension_mode":true,"campfire_choices":[{"data":"Finisher","floor":6.0,"key":"SMITH"},{"floor":12,"key":"REST"},{"floor":15,"key":"REST"},{"floor":23,"key":"REST"},{"floor":30,"key":"REST"},{"floor":32,"key":"REST"},{"data":"Envenom","floor":40,"key":"SMITH"},{"floor":44,"key":"REST"},{"floor":49,"key":"REST"}],"neow_cost":"NONE","seed_source_timestamp":1661392983473422,"circlet_count":0,"master_deck":["Survivor+1","Neutralize+1","PiercingWail+1","Footwork+1","Bane+1","Crippling Poison+1","Footwork+1","Finisher+1","After Image+1","Backstab+1","Blade Dance+1","Blade Dance+1","Tools of the Trade+1","Envenom+1","Blur+1","Deadly Poison+1","Noxious Fumes+1","Endless Agony+1","Tools of the Trade+1","Well Laid Plans+1","Underhanded Strike+1","Predator+1","Infinite Blades+1","Terror+1","Cloak And Dagger+1","Backflip+1","Accuracy+1","PiercingWail+1","Adrenaline+1","PiercingWail+1","Deflect+1","Backflip+1","Leg Sweep+1","Backflip+1","Bane+1"],"special_seed":0,"relics":["Orrery","Centennial Puzzle","Anchor","Blood Vial","The Specimen","Pandora\u0027s Box","Red Mask","Bag of Marbles","Snake Skull","Lantern","Omamori","Lizard Tail","Art of War","Pear","Question Card","Mark of the Bloom","Gremlin Horn"],"potions_floor_usage":[10,16,16,18,31,33,36,50,50],"damage_taken":[{"damage":0.0,"enemies":"2 Louse","floor":1.0,"turns":3.0},{"damage":0.0,"enemies":"Cultist","floor":3.0,"turns":4.0},{"damage":0.0,"enemies":"Jaw Worm","floor":4.0,"turns":4.0},{"damage":2.0,"enemies":"Blue Slaver","floor":5.0,"turns":5.0},{"damage":35.0,"enemies":"Lagavulin","floor":7.0,"turns":13.0},{"damage":0.0,"enemies":"3 Louse","floor":8.0,"turns":4.0},{"damage":6,"enemies":"3 Sentries","floor":10,"turns":9},{"damage":0,"enemies":"Large Slime","floor":11,"turns":3},{"damage":31,"enemies":"Hexaghost","floor":16,"turns":10},{"damage":18,"enemies":"Chosen","floor":18,"turns":5},{"damage":40,"enemies":"Masked Bandits","floor":19,"turns":5},{"damage":6,"enemies":"2 Thieves","floor":21,"turns":4},{"damage":27,"enemies":"Gremlin Leader","floor":24,"turns":5},{"damage":5,"enemies":"Snake Plant","floor":27,"turns":3},{"damage":4,"enemies":"Cultist and Chosen","floor":29,"turns":5},{"damage":0,"enemies":"Chosen and Byrds","floor":31,"turns":5},{"damage":56,"enemies":"Collector","floor":33,"turns":6},{"damage":0,"enemies":"3 Shapes","floor":35,"turns":4},{"damage":36,"enemies":"3 Darklings","floor":36,"turns":6},{"damage":3,"enemies":"4 Shapes","floor":38,"turns":6},{"damage":20,"enemies":"Transient","floor":41,"turns":5},{"damage":10,"enemies":"Jaw Worm Horde","floor":42,"turns":6},{"damage":0,"enemies":"Sphere and 2 Shapes","floor":47,"turns":5},{"damage":11,"enemies":"Time Eater","floor":50,"turns":8}],"seed_played":"-482308312751812963","potions_obtained":[{"floor":7.0,"key":"Poison Potion"},{"floor":8.0,"key":"SkillPotion"},{"floor":10,"key":"GamblersBrew"},{"floor":11,"key":"Weak Potion"},{"floor":21,"key":"Fire Potion"},{"floor":24,"key":"FearPotion"},{"floor":29,"key":"Regen Potion"},{"floor":35,"key":"Regen Potion"},{"floor":41,"key":"Dexterity Potion"}],"is_trial":false,"path_per_floor":["M","?","M","M","M","R","E","M","T","?","M","R","T","?","R","B",null,"M","?","$","M","?","R","E","?","T","M","?","M","R","M","R","B",null,"M","M","?","M","$","R","M","M","T","R","?","T","M","$","R","B",null],"character_chosen":"THE_SILENT","items_purchased":["Art of War","Pear"],"campfire_rested":7,"item_purchase_floors":[39,39],"current_hp_per_floor":[70,70,70,70,68,68,33,33,33,27,29,50,50,50,70,39,70,52,14,14,10,10,31,6,6,6,3,3,1,22,36,57,3,70,70,48,66,65,75,75,57,49,49,73,73,73,73,73,73,62],"gold":62,"neow_bonus":"BOSS_RELIC","is_prod":false,"is_daily":false,"chose_seed":false,"campfire_upgraded":2,"win_rate":0,"timestamp":1548889256,"path_taken":["M","?","?","M","M","R","E","M","T","?","M","R","?","?","R","BOSS","M","?","$","M","?","R","E","?","T","M","?","M","R","M","R","BOSS","M","M","?","M","$","R","M","M","T","R","?","?","M","?","R","BOSS"],"build_version":"2019-01-23","purchased_purges":2,"victory":true,"max_hp_per_floor":[70,70,70,70,70,70,70,70,70,70,70,70,70,70,70,70,70,70,70,70,70,70,70,70,70,70,70,70,70,70,70,70,70,70,70,70,70,70,80,80,80,80,80,80,80,80,80,80,80,80],"card_choices":[{"not_picked":["Blade Dance","Outmaneuver"],"picked":"PiercingWail","floor":0.0},{"not_picked":["Poisoned Stab","Deadly Poison"],"picked":"Footwork","floor":0.0},{"not_picked":["Dagger Spray","Deflect"],"picked":"Bane","floor":0.0},{"not_picked":["Deadly Poison","Outmaneuver"],"picked":"Crippling Poison","floor":0.0},{"not_picked":["Underhanded Strike","Skewer"],"picked":"Footwork","floor":1.0},{"not_picked":["Cloak And Dagger","Dodge and Roll"],"picked":"Finisher","floor":3.0},{"not_picked":["Acrobatics","Well Laid Plans"],"picked":"After Image","floor":4.0},{"not_picked":["Underhanded Strike","Masterful Stab","Concentrate"],"picked":"SKIP","floor":5.0},{"not_picked":["Sucker Punch","Deflect"],"picked":"Backstab","floor":7.0},{"not_picked":["Riddle With Holes","Bane"],"picked":"Blade Dance","floor":8.0},{"not_picked":["Quick Slash","Flechettes"],"picked":"Blade Dance","floor":10},{"not_picked":["Choke","Underhanded Strike","Setup"],"picked":"SKIP","floor":11},{"not_picked":["Bullet Time","Unload"],"picked":"Tools of the Trade","floor":16},{"not_picked":["Dodge and Roll","Deadly Poison"],"picked":"Infinite Blades","floor":18},{"not_picked":["Underhanded Strike","Infinite Blades"],"picked":"Terror+1","floor":21},{"not_picked":["Noxious Fumes","After Image"],"picked":"Cloak And Dagger","floor":24},{"not_picked":["Underhanded Strike","Prepared"],"picked":"Backflip","floor":27},{"not_picked":["Dodge and Roll+1","Deadly Poison"],"picked":"Accuracy","floor":29},{"not_picked":["Cloak And Dagger+1","Bouncing Flask"],"picked":"PiercingWail+1","floor":31},{"not_picked":["Phantasmal Killer","Grand Finale"],"picked":"Adrenaline","floor":33},{"not_picked":["Flechettes","Dodge and Roll"],"picked":"PiercingWail+1","floor":35},{"not_picked":["Slice+1","Footwork"],"picked":"Deflect","floor":36},{"not_picked":["Skewer","Infinite Blades+1"],"picked":"Backflip","floor":38},{"not_picked":["Blur","Bullet Time"],"picked":"Leg Sweep+1","floor":41},{"not_picked":["Predator+1","Quick Slash+1"],"picked":"Backflip+1","floor":42},{"not_picked":["Infinite Blades+1","Blade Dance+1","Acrobatics"],"picked":"Bane+1","floor":47}],"player_experience":468561,"relics_obtained":[{"floor":7.0,"key":"Centennial Puzzle"},{"floor":9.0,"key":"Anchor"},{"floor":10,"key":"Blood Vial"},{"floor":13,"key":"The Specimen"},{"floor":19,"key":"Red Mask"},{"floor":24,"key":"Snake Skull"},{"floor":26,"key":"Lantern"},{"floor":43,"key":"Question Card"},{"floor":46,"key":"Gremlin Horn"}],"event_choices":[{"damage_healed":0.0,"max_hp_gain":0.0,"max_hp_loss":0.0,"gold_gain":0.0,"event_name":"Accursed Blacksmith","player_choice":"Forge","floor":2.0,"gold_loss":0.0,"damage_taken":0.0,"cards_upgraded":["Crippling Poison"]},{"damage_healed":0,"gold_gain":0,"player_choice":"Searched \u00271\u0027 times","damage_taken":0,"max_hp_gain":0,"max_hp_loss":0,"event_name":"Dead Adventurer","floor":10,"gold_loss":0},{"damage_healed":0,"gold_gain":0,"player_choice":"Ignored","damage_taken":0,"max_hp_gain":0,"max_hp_loss":0,"event_name":"Golden Idol","floor":14,"gold_loss":0},{"damage_healed":0,"gold_gain":0,"player_choice":"Fought Bandits","damage_taken":0,"max_hp_gain":0,"max_hp_loss":0,"event_name":"Masked Bandits","floor":19,"gold_loss":0},{"damage_healed":0,"gold_gain":0,"player_choice":"Obtained Relic","damage_taken":0,"relics_obtained":["Bag of Marbles"],"max_hp_gain":0,"max_hp_loss":0,"event_name":"Addict","floor":22,"gold_loss":85},{"damage_healed":0,"gold_gain":0,"player_choice":"Smashed Altar","damage_taken":0,"max_hp_gain":0,"max_hp_loss":0,"event_name":"Forgotten Altar","floor":25,"gold_loss":0,"cards_obtained":["Decay"]},{"damage_healed":0,"gold_gain":0,"player_choice":"Opened","damage_taken":0,"relics_obtained":["Omamori"],"max_hp_gain":0,"max_hp_loss":0,"event_name":"The Mausoleum","floor":28,"gold_loss":0},{"damage_healed":18,"gold_gain":0,"player_choice":"Writhe","damage_taken":0,"max_hp_gain":0,"max_hp_loss":0,"event_name":"Winding Halls","floor":37,"gold_loss":0,"cards_obtained":["Writhe"]},{"damage_healed":0,"gold_gain":0,"player_choice":"Upgrade","damage_taken":0,"relics_obtained":["Mark of the Bloom"],"max_hp_gain":0,"max_hp_loss":0,"event_name":"MindBloom","floor":45,"gold_loss":0,"cards_upgraded":["Survivor","Neutralize","PiercingWail","Footwork","Bane","Footwork","After Image","Backstab","Blade Dance","Blade Dance","Tools of the Trade","Blur","Deadly Poison","Noxious Fumes","Endless Agony","Tools of the Trade","Well Laid Plans","Underhanded Strike","Predator","Infinite Blades","Cloak And Dagger","Backflip","Accuracy","Adrenaline","Deflect","Backflip"]}],"is_beta":false,"boss_relics":[{"not_picked":["Velvet Choker","Busted Crown"],"picked":"Pandora\u0027s Box"},{"not_picked":["Calling Bell","Coffee Dripper"],"picked":"Lizard Tail"}],"items_purged_floors":[20,39],"is_endless":false,"potions_floor_spawned":[7,8,10,11,21,24,29,35,41],"ascension_level":4}