{"gold_per_floor":[117,19,39,214,214,214,247,247,247,247,261,145,145,160,160,283,283,296,311,360,78,78,94,94,117,117,136,169,5,5,5],"floor_reached":31,"playtime":1013,"items_purged":["Shame","Strike_B"],"score":253,"play_id":"e14d88e5-02c9-4d30-a1b7-6ffe08b91f30","local_time":"20190518184537","is_ascension_mode":false,"campfire_choices":[{"data":"Zap","floor":6,"key":"SMITH"},{"data":"Dualcast","floor":8,"key":"SMITH"},{"data":"Reboot","floor":10,"key":"SMITH"},{"data":"Scrape","floor":15,"key":"SMITH"},{"data":"Glacier","floor":24,"key":"SMITH"},{"data":"Beam Cell","floor":30,"key":"SMITH"}],"neow_cost":"CURSE","seed_source_timestamp":238981818107503,"circlet_count":0,"master_deck":["Strike_B+1","Strike_B","Strike_B","Defend_B","Defend_B","Defend_B","Defend_B","Zap+1","Dualcast+1","Beam Cell+1","Leap","Go for the Eyes+1","Reboot+1","Go for the Eyes","Scrape+1","Conserve Battery","Conserve Battery","Machine Learning","Go for the Eyes","Good Instincts","Glacier+1","White Noise+1","Secret Weapon+1"],"relics":["Cracked Core","Ice Cream","Golden Idol","Whetstone","Ornamental Fan","Black Star","Smiling Mask","Happy Flower","Toxic Egg 2","Pantograph","Omamori"],"potions_floor_usage":[16,16,28,28,31],"damage_taken":[{"damage":7,"enemies":"2 Louse","floor":1,"turns":2},{"damage":0,"enemies":"Cultist","floor":3,"turns":3},{"damage":37,"enemies":"Gremlin Nob","floor":7,"turns":6},{"damage":2,"enemies":"Jaw Worm","floor":11,"turns":2},{"damage":1,"enemies":"Red Slaver","floor":14,"turns":4},{"damage":8,"enemies":"Slime Boss","floor":16,"turns":8},{"damage":6,"enemies":"Spheric Guardian","floor":18,"turns":3},{"damage":5,"enemies":"Shell Parasite","floor":19,"turns":5},{"damage":19,"enemies":"Centurion and Healer","floor":23,"turns":11},{"damage":3,"enemies":"Shelled Parasite and Fungi","floor":25,"turns":7},{"damage":6,"enemies":"Snake Plant","floor":27,"turns":5},{"damage":12,"enemies":"Slavers","floor":28,"turns":6},{"damage":10,"enemies":"Gremlin Leader","floor":31,"turns":6}],"seed_played":"7135642779323904779","potions_obtained":[{"floor":3,"key":"Dexterity Potion"},{"floor":7,"key":"Swift Potion"},{"floor":14,"key":"Swift Potion"},{"floor":25,"key":"Strength Potion"},{"floor":27,"key":"EssenceOfSteel"}],"is_trial":false,"path_per_floor":["M","$","M","?","?","R","E","R","T","R","M","$","?","M","R","B",null,"M","M","T","$","?","M","R","M","T","M","E","$","R","E"],"character_chosen":"DEFECT","items_purchased":["Leap","Scrape","Conserve Battery","Good Instincts","Happy Flower","Secret Weapon+1"],"campfire_rested":0,"item_purchase_floors":[2,12,12,21,21,29],"current_hp_per_floor":[68,68,68,68,68,68,31,31,31,31,29,29,29,28,28,20,69,63,58,58,58,58,39,39,36,36,30,18,18,18,8],"gold":5,"neow_bonus":"ONE_RARE_RELIC","is_prod":false,"is_daily":false,"chose_seed":false,"campfire_upgraded":6,"win_rate":0,"timestamp":1558172737,"path_taken":["M","$","M","?","?","R","E","R","T","R","M","$","?","M","R","BOSS","M","M","?","$","?","M","R","M","T","M","E","$","R","E"],"build_version":"2019-01-23","purchased_purges":2,"victory":false,"max_hp_per_floor":[75,75,75,75,69,69,69,69,69,69,69,69,69,69,69,69,69,69,69,69,69,69,69,69,69,69,69,69,69,69,69],"card_choices":[{"not_picked":["Barrage","Loop"],"picked":"Beam Cell","floor":1},{"not_picked":["Compile Driver","Auto Shields"],"picked":"Go for the Eyes","floor":3},{"not_picked":["Tempest","Barrage"],"picked":"Reboot","floor":7},{"not_picked":["Streamline","Stack"],"picked":"Go for the Eyes","floor":11},{"not_picked":["Reinforced Body","Core Surge"],"picked":"Conserve Battery","floor":14},{"not_picked":["Echo Form","Rainbow"],"picked":"Machine Learning","floor":16},{"not_picked":["Hologram","Turbo"],"picked":"Go for the Eyes","floor":18},{"not_picked":["Leap+1","Compile Driver+1","Doom and Gloom"],"picked":"SKIP","floor":19},{"not_picked":["Steam+1","Chaos"],"picked":"Glacier","floor":23},{"not_picked":["Barrage","Consume","Chill"],"picked":"SKIP","floor":25},{"not_picked":["Rebound","Streamline"],"picked":"White Noise+1","floor":27},{"not_picked":["Buffer","Blizzard","Sunder"],"picked":"SKIP","floor":28}],"player_experience":383252,"relics_obtained":[{"floor":7,"key":"Whetstone"},{"floor":9,"key":"Ornamental Fan"},{"floor":20,"key":"Smiling Mask"},{"floor":26,"key":"Toxic Egg 2"},{"floor":28,"key":"Pantograph"},{"floor":28,"key":"Omamori"}],"event_choices":[{"damage_healed":0,"gold_gain":175,"player_choice":"AGREE","damage_taken":0,"max_hp_gain":0,"max_hp_loss":0,"event_name":"Liars Game","floor":4,"gold_loss":0,"cards_obtained":["Doubt"]},{"damage_healed":0,"gold_gain":0,"player_choice":"Lose Max HP","damage_taken":0,"relics_obtained":["Golden Idol"],"max_hp_gain":0,"max_hp_loss":6,"event_name":"Golden Idol","floor":5,"gold_loss":0},{"cards_removed":["Doubt"],"damage_healed":0,"gold_gain":0,"player_choice":"Removed Curses","damage_taken":0,"max_hp_gain":0,"max_hp_loss":0,"event_name":"Fountain of Cleansing","floor":13,"gold_loss":0},{"damage_healed":0,"gold_gain":0,"player_choice":"Ignored","damage_taken":0,"max_hp_gain":0,"max_hp_loss":0,"event_name":"Ghosts","floor":22,"gold_loss":0}],"is_beta":false,"boss_relics":[{"not_picked":["Runic Pyramid","Philosopher\u0027s Stone"],"picked":"Black Star"}],"items_purged_floors":[2,21],"is_endless":false,"potions_floor_spawned":[3,7,14,25,27],"killed_by":"Gremlin Leader","ascension_level":0}