{"gold_per_floor":[99,99,99,99,99,99,99,99,99,99,99,29,0,0,0,0,0,0,0,0,0,0,0,0,0,0,0,0,0,0,0,0,0,0,0,0,0],"floor_reached":38,"playtime":1603,"items_purged":[],"score":690,"play_id":"84b6bd0e-ffae-4a10-a94e-3dd2051ea07a","local_time":"20190413235816","is_ascension_mode":false,"campfire_choices":[{"data":"Dagger Spray","floor":6,"key":"SMITH"},{"data":"Footwork","floor":10,"key":"SMITH"},{"data":"Noxious Fumes","floor":15,"key":"SMITH"},{"data":"Catalyst","floor":23,"key":"SMITH"},{"data":"Adrenaline","floor":27,"key":"SMITH"},{"data":"Leg Sweep","floor":32,"key":"SMITH"}],"neow_cost":"NONE","seed_source_timestamp":282538666651875,"circlet_count":0,"master_deck":["Defend_G+1","Defend_G+1","Defend_G+1","Defend_G+1","Defend_G+1","Survivor","Neutralize","Footwork+1","Dagger Spray+1","All Out Attack","PiercingWail","Adrenaline+1","Noxious Fumes","Noxious Fumes+1","Catalyst+1","Corpse Explosion","Footwork","Bite","Bite","Bite","Bite","Bite","Leg Sweep+1","Malaise","Acrobatics","Well Laid Plans+1"],"relics":["Ectoplasm"],"potions_floor_usage":[18,24,33,37],"damage_taken":[{"damage":3,"enemies":"2 Louse","floor":1,"turns":3},{"damage":0,"enemies":"Cultist","floor":2,"turns":4},{"damage":3,"enemies":"Jaw Worm","floor":4,"turns":4},{"damage":0,"enemies":"2 Fungi Beasts","floor":5,"turns":4},{"damage":0,"enemies":"Blue Slaver","floor":7,"turns":4},{"damage":0,"enemies":"3 Louse","floor":8,"turns":2},{"damage":8,"enemies":"Red Slaver","floor":11,"turns":3},{"damage":7,"enemies":"Looter","floor":13,"turns":3},{"damage":0,"enemies":"The Guardian","floor":16,"turns":10},{"damage":16,"enemies":"Chosen","floor":18,"turns":7},{"damage":13,"enemies":"Shell Parasite","floor":20,"turns":6},{"damage":9,"enemies":"Snake Plant","floor":21,"turns":5},{"damage":0,"enemies":"3 Cultists","floor":22,"turns":3},{"damage":14,"enemies":"Gremlin Leader","floor":24,"turns":6},{"damage":10,"enemies":"Snecko","floor":28,"turns":5},{"damage":10,"enemies":"Centurion and Healer","floor":30,"turns":6},{"damage":23,"enemies":"Collector","floor":33,"turns":9},{"damage":2,"enemies":"3 Shapes","floor":35,"turns":6},{"damage":25,"enemies":"Time Eater","floor":37,"turns":21}],"seed_played":"3939467087388025248","potions_obtained":[{"floor":4,"key":"GhostInAJar"},{"floor":7,"key":"Swift Potion"},{"floor":11,"key":"SpeedPotion"},{"floor":20,"key":"Dexterity Potion"},{"floor":21,"key":"SteroidPotion"},{"floor":30,"key":"GhostInAJar"},{"floor":33,"key":"SpeedPotion"}],"is_trial":false,"path_per_floor":["M","M","?","M","M","R","M","M","T","R","M","$","M","$","R","B",null,"M","?","M","M","M","R","E","?","T","R","M","T","M","?","R","B",null,"M","?","B",null],"character_chosen":"THE_SILENT","items_purchased":["Catalyst"],"campfire_rested":0,"item_purchase_floors":[12],"current_hp_per_floor":[67,67,67,64,64,64,64,64,64,64,56,56,49,49,49,49,70,54,49,42,39,41,41,37,37,37,37,35,35,39,39,39,30,49,48,48,28],"gold":0,"neow_bonus":"BOSS_RELIC","is_prod":false,"is_daily":false,"chose_seed":false,"campfire_upgraded":6,"win_rate":0,"timestamp":1555214296,"path_taken":["M","M","?","M","M","R","M","?","T","R","?","$","M","?","R","BOSS","M","?","M","M","M","R","E","?","T","R","M","?","M","?","R","BOSS","M","?","BOSS"],"build_version":"2019-01-23","purchased_purges":0,"victory":true,"max_hp_per_floor":[70,70,70,70,70,70,70,70,70,70,70,70,70,70,70,70,70,70,49,49,49,49,49,49,49,49,49,49,49,49,49,49,49,49,49,49,49],"card_choices":[{"not_picked":["Cloak And Dagger","Quick Slash"],"picked":"Footwork","floor":1},{"not_picked":["Reflex","Deadly Poison"],"picked":"Dagger Spray","floor":2},{"not_picked":["Calculated Gamble","Blade Dance"],"picked":"All Out Attack","floor":4},{"not_picked":["Blur","Underhanded Strike"],"picked":"PiercingWail","floor":5},{"not_picked":["Acrobatics","Slice"],"picked":"Adrenaline","floor":7},{"not_picked":["PiercingWail","Poisoned Stab"],"picked":"Noxious Fumes","floor":8},{"not_picked":["Deadly Poison","Slice"],"picked":"Noxious Fumes","floor":11},{"not_picked":["Predator","Endless Agony","Accuracy"],"picked":"SKIP","floor":13},{"not_picked":["Glass Knife","Night Terror"],"picked":"Corpse Explosion","floor":16},{"not_picked":["Backstab","Masterful Stab"],"picked":"Footwork","floor":18},{"not_picked":["Slice","Footwork"],"picked":"Leg Sweep","floor":20},{"not_picked":["Poisoned Stab","PiercingWail","Quick Slash"],"picked":"SKIP","floor":21},{"not_picked":["Slice+1","Reflex","Dagger Spray"],"picked":"SKIP","floor":22},{"not_picked":["Accuracy+1","Distraction"],"picked":"Malaise","floor":24},{"not_picked":["Poisoned Stab","Quick Slash+1"],"picked":"Acrobatics","floor":28},{"not_picked":["Phantasmal Killer","Prepared+1","All Out Attack"],"picked":"SKIP","floor":30},{"not_picked":["Dagger Throw","Sucker Punch"],"picked":"Well Laid Plans+1","floor":35}],"player_experience":567305,"relics_obtained":[],"event_choices":[{"damage_healed":0,"gold_gain":0,"player_choice":"Ignored","damage_taken":0,"max_hp_gain":0,"max_hp_loss":0,"event_name":"NoteForYourself","floor":3,"gold_loss":0},{"damage_healed":0,"gold_gain":0,"player_choice":"Became a vampire","damage_taken":0,"max_hp_gain":0,"max_hp_loss":21,"event_name":"Vampires","floor":19,"gold_loss":0,"cards_obtained":["Bite","Bite","Bite","Bite","Bite"]},{"damage_healed":0,"gold_gain":0,"player_choice":"Ignored","damage_taken":0,"max_hp_gain":0,"max_hp_loss":0,"event_name":"Beggar","floor":25,"gold_loss":0},{"damage_healed":0,"gold_gain":0,"player_choice":"Simplicity","damage_taken":0,"max_hp_gain":0,"max_hp_loss":0,"event_name":"Back to Basics","floor":31,"gold_loss":0,"cards_upgraded":["Defend_G","Defend_G","Defend_G","Defend_G","Defend_G"]},{"damage_healed":0,"gold_gain":0,"player_choice":"Took Portal","damage_taken":0,"max_hp_gain":0,"max_hp_loss":0,"event_name":"SecretPortal","floor":36,"gold_loss":0}],"is_beta":false,"boss_relics":[{"not_picked":["Fusion Hammer","Astrolabe","Coffee Dripper"]},{"not_picked":["Fusion Hammer","Astrolabe","Coffee Dripper"]}],"items_purged_floors":[],"is_endless":false,"potions_floor_spawned":[4,7,11,16,20,21,30,33],"ascension_level":0}