{"gold_per_floor":[112,63,80,55,55,90,90,118,142,158,170,170,188,198,198,295,295,314,334,259,259],"floor_reached":21,"playtime":771,"items_purged":["Pain"],"score":273,"play_id":"efb888d0-8ffd-4443-8171-2912b9358959","local_time":"20190423120434","is_ascension_mode":true,"campfire_choices":[{"data":"Venomology","floor":7,"key":"SMITH"},{"data":"Distraction","floor":15,"key":"SMITH"}],"neow_cost":"NONE","seed_source_timestamp":159416888329313,"circlet_count":0,"master_deck":["Defend_G","Defend_G","Defend_G","Defend_G","Defend_G","Strike_G","Strike_G","Strike_G","Strike_G","Strike_G","Survivor","Neutralize+1","Poisoned Stab","Poisoned Stab","Backstab","Bane","Venomology+1","Distraction+1","Poisoned Stab","Deadly Poison","Crippling Poison","After Image","Decay","Regret","Backflip+1"],"relics":["Ring of the Snake","NeowsBlessing","Strawberry","Pear","Happy Flower","Meat on the Bone","Calling Bell","Oddly Smooth Stone","Dodecahedron","WingedGreaves"],"potions_floor_usage":[8,8,13,14,16,16,18,18,19],"damage_taken":[{"damage":0,"enemies":"Cultist","floor":1,"turns":1},{"damage":0,"enemies":"Jaw Worm","floor":3,"turns":1},{"damage":0,"enemies":"3 Sentries","floor":6,"turns":1},{"damage":15,"enemies":"Lagavulin","floor":8,"turns":4},{"damage":0,"enemies":"2 Louse","floor":10,"turns":2},{"damage":8,"enemies":"Large Slime","floor":11,"turns":6},{"damage":0,"enemies":"Blue Slaver","floor":13,"turns":1},{"damage":0,"enemies":"3 Louse","floor":14,"turns":1},{"damage":46,"enemies":"Slime Boss","floor":16,"turns":13},{"damage":13,"enemies":"Spheric Guardian","floor":18,"turns":4},{"damage":16,"enemies":"Chosen","floor":19,"turns":5},{"damage":0,"enemies":"Snake Plant","floor":21,"turns":1}],"seed_played":"-6688990068464394649","potions_obtained":[{"floor":1,"key":"FearPotion"},{"floor":3,"key":"AttackPotion"},{"floor":10,"key":"Fire Potion"},{"floor":11,"key":"AttackPotion"},{"floor":19,"key":"Ancient Potion"}],"is_trial":false,"path_per_floor":["M","$","M","$","?","E","R","E","T","M","M","T","M","M","R","B",null,"M","M","$","M"],"character_chosen":"THE_SILENT","items_purchased":["Poisoned Stab","Bane"],"campfire_rested":0,"item_purchase_floors":[2,4],"current_hp_per_floor":[70,70,70,70,70,77,77,72,72,72,64,64,64,64,64,30,87,74,58,58,58],"gold":259,"neow_bonus":"THREE_ENEMY_KILL","is_prod":false,"is_daily":false,"chose_seed":false,"campfire_upgraded":2,"win_rate":0,"timestamp":1555988674,"path_taken":["M","$","M","?","?","E","R","E","T","M","M","?","M","M","R","BOSS","M","M","$","M"],"build_version":"2019-01-23","purchased_purges":1,"victory":false,"max_hp_per_floor":[70,70,70,70,70,77,77,87,87,87,87,87,87,87,87,87,87,87,87,87,87],"card_choices":[{"not_picked":["Noxious Fumes","Prepared"],"picked":"Poisoned Stab","floor":1},{"not_picked":["Quick Slash","Underhanded Strike"],"picked":"Backstab","floor":3},{"not_picked":["Glass Knife","Flechettes"],"picked":"Venomology","floor":6},{"not_picked":["Flechettes","PiercingWail"],"picked":"Distraction","floor":8},{"not_picked":["Tactician","Slice"],"picked":"Poisoned Stab","floor":10},{"not_picked":["Deflect","Dagger Throw"],"picked":"Deadly Poison","floor":11},{"not_picked":["Sucker Punch","Dagger Spray","Caltrops"],"picked":"SKIP","floor":13},{"not_picked":["All Out Attack","Deflect"],"picked":"Crippling Poison","floor":14},{"not_picked":["Die Die Die","Unload"],"picked":"After Image","floor":16},{"not_picked":["Skewer","Deadly Poison","Flechettes"],"picked":"SKIP","floor":18},{"not_picked":["Bane","Well Laid Plans"],"picked":"Backflip+1","floor":19}],"player_experience":343586,"relics_obtained":[{"floor":6,"key":"Strawberry"},{"floor":8,"key":"Pear"},{"floor":9,"key":"Happy Flower"},{"floor":12,"key":"Meat on the Bone"},{"floor":17,"key":"Oddly Smooth Stone"},{"floor":17,"key":"Dodecahedron"},{"floor":17,"key":"WingedGreaves"}],"event_choices":[{"damage_healed":0,"gold_gain":0,"player_choice":"Grow","damage_taken":0,"max_hp_gain":0,"max_hp_loss":0,"event_name":"Living Wall","floor":5,"gold_loss":0,"cards_upgraded":["Neutralize"]}],"is_beta":false,"boss_relics":[{"not_picked":["Busted Crown","Cursed Key"],"picked":"Calling Bell"}],"items_purged_floors":[20],"is_endless":false,"potions_floor_spawned":[1,3,10,11,19],"killed_by":"Snake Plant","ascension_level":3}