{"gold_per_floor":[17,29,29,48,61,61,61,61,85,113,113,140,160,180,180,285,285,299,315,188,188,188,223,223,223,250,250,285,285,195,214,214,214],"floor_reached":33,"playtime":1463,"items_purged":["Strike_R"],"score":429,"play_id":"2f692240-e086-4e79-a108-eee9ad705c6e","local_time":"20190508224405","is_ascension_mode":true,"campfire_choices":[{"data":"Hemokinesis","floor":6,"key":"SMITH"},{"data":"Offering","floor":8,"key":"SMITH"},{"data":"Shrug It Off","floor":11,"key":"SMITH"},{"floor":15,"key":"REST"},{"data":"Demon Form","floor":24,"key":"SMITH"},{"floor":27,"key":"DIG"},{"floor":29,"key":"REST"},{"floor":32,"key":"DIG"}],"neow_cost":"NO_GOLD","seed_source_timestamp":2103264100182827,"circlet_count":0,"master_deck":["Strike_R","Strike_R+1","Strike_R","Strike_R","Defend_R+1","Defend_R","Defend_R","Bash+1","Offering+1","Hemokinesis+1","Shrug It Off+1","Demon Form+1","Sword Boomerang","Heavy Blade","Immolate","Shrug It Off+1","Headbutt","Heavy Blade","J.A.X.","Heavy Blade+1","Pummel+1"],"relics":["Burning Blood","Juzu Bracelet","Vajra","Lantern","Velvet Choker","Orichalcum","Boot","Shovel","Happy Flower","Red Skull","Molten Egg 2","Matryoshka"],"potions_floor_usage":[10,10,12,12,16,16,23,33],"damage_taken":[{"damage":9,"enemies":"2 Louse","floor":1,"turns":3},{"damage":10,"enemies":"Small Slimes","floor":2,"turns":2},{"damage":6,"enemies":"Cultist","floor":4,"turns":2},{"damage":9,"enemies":"3 Louse","floor":5,"turns":2},{"damage":8,"enemies":"Gremlin Nob","floor":10,"turns":3},{"damage":31,"enemies":"3 Sentries","floor":12,"turns":6},{"damage":15,"enemies":"Exordium Thugs","floor":13,"turns":5},{"damage":6,"enemies":"Large Slime","floor":14,"turns":4},{"damage":18,"enemies":"The Guardian","floor":16,"turns":7},{"damage":8,"enemies":"3 Byrds","floor":18,"turns":3},{"damage":10,"enemies":"Shell Parasite","floor":19,"turns":3},{"damage":8,"enemies":"Gremlin Leader","floor":23,"turns":5},{"damage":41,"enemies":"Book of Stabbing","floor":28,"turns":5},{"damage":21,"enemies":"Centurion and Healer","floor":31,"turns":3},{"damage":71,"enemies":"Automaton","floor":33,"turns":6}],"seed_played":"6221861249755026521","potions_obtained":[{"floor":1,"key":"Block Potion"},{"floor":4,"key":"SkillPotion"},{"floor":5,"key":"SkillPotion"},{"floor":10,"key":"BloodPotion"},{"floor":13,"key":"Block Potion"},{"floor":16,"key":"Fruit Juice"},{"floor":18,"key":"GamblersBrew"},{"floor":31,"key":"Dexterity Potion"}],"is_trial":false,"path_per_floor":["M","M","?","M","M","R","?","R","T","E","R","E","M","M","R","B",null,"M","M","$","?","?","E","R","?","T","R","E","R","?","M","R","B"],"character_chosen":"IRONCLAD","items_purchased":["Heavy Blade"],"campfire_rested":2,"item_purchase_floors":[20],"current_hp_per_floor":[77,73,57,57,54,54,54,54,54,52,52,35,26,26,50,43,75,73,69,69,69,69,67,67,67,67,67,32,57,57,42,42,0],"gold":214,"neow_bonus":"THREE_RARE_CARDS","is_prod":false,"is_daily":false,"chose_seed":false,"campfire_upgraded":4,"win_rate":0,"timestamp":1557369845,"path_taken":["M","M","?","M","M","R","?","R","T","E","R","E","M","M","R","BOSS","M","M","$","?","?","E","R","?","T","R","E","R","?","M","R","BOSS"],"build_version":"2019-01-23","purchased_purges":1,"victory":false,"max_hp_per_floor":[80,80,80,80,80,80,80,80,80,80,80,80,80,80,80,85,85,85,85,85,85,85,85,85,85,85,85,85,85,85,85,85,85],"card_choices":[{"not_picked":["Fiend Fire","Limit Break"],"picked":"Offering","floor":0},{"not_picked":["True Grit","Dual Wield"],"picked":"Hemokinesis","floor":1},{"not_picked":["Twin Strike","Cleave","Wild Strike"],"picked":"SKIP","floor":2},{"not_picked":["Pommel Strike","Disarm","Wild Strike"],"picked":"SKIP","floor":4},{"not_picked":["Uppercut","Iron Wave","Body Slam"],"picked":"SKIP","floor":5},{"not_picked":["Reckless Charge","Clash"],"picked":"Shrug It Off","floor":10},{"not_picked":["Pommel Strike","Sentinel"],"picked":"Demon Form","floor":12},{"not_picked":["Searing Blow","Anger"],"picked":"Sword Boomerang","floor":13},{"not_picked":["True Grit","Metallicize"],"picked":"Heavy Blade","floor":14},{"not_picked":["Bludgeon","Impervious"],"picked":"Immolate","floor":16},{"not_picked":["Body Slam","Perfected Strike"],"picked":"Shrug It Off+1","floor":18},{"not_picked":["Pommel Strike","Burning Pact"],"picked":"Headbutt","floor":19},{"not_picked":["Thunderclap","Flex+1","Flame Barrier+1"],"picked":"SKIP","floor":23},{"not_picked":["Dual Wield","Iron Wave"],"picked":"Heavy Blade","floor":28},{"not_picked":["Disarm+1","Metallicize+1"],"picked":"Pummel+1","floor":31}],"player_experience":199405,"relics_obtained":[{"floor":9,"key":"Juzu Bracelet"},{"floor":10,"key":"Vajra"},{"floor":12,"key":"Lantern"},{"floor":21,"key":"Orichalcum"},{"floor":23,"key":"Shovel"},{"floor":26,"key":"Happy Flower"},{"floor":27,"key":"Red Skull"},{"floor":28,"key":"Molten Egg 2"},{"floor":32,"key":"Matryoshka"}],"event_choices":[{"damage_healed":0,"gold_gain":0,"player_choice":"Entered Light","damage_taken":16,"max_hp_gain":0,"max_hp_loss":0,"event_name":"Shining Light","floor":3,"gold_loss":0,"cards_upgraded":["Strike_R","Defend_R"]},{"damage_healed":0,"gold_gain":0,"player_choice":"Ignored","damage_taken":0,"max_hp_gain":0,"max_hp_loss":0,"event_name":"Liars Game","floor":7,"gold_loss":0},{"damage_healed":0,"gold_gain":0,"player_choice":"Relic","damage_taken":0,"max_hp_gain":0,"max_hp_loss":0,"event_name":"Wheel of Change","floor":21,"gold_loss":0},{"damage_healed":0,"gold_gain":0,"player_choice":"Opened","damage_taken":0,"relics_obtained":["Boot"],"max_hp_gain":0,"max_hp_loss":0,"event_name":"The Mausoleum","floor":22,"gold_loss":0},{"damage_healed":0,"gold_gain":0,"player_choice":"Obtain J.A.X.","damage_taken":0,"max_hp_gain":0,"max_hp_loss":0,"event_name":"Drug Dealer","floor":25,"gold_loss":0,"cards_obtained":["J.A.X."]},{"cards_removed":["Defend_R"],"damage_healed":0,"gold_gain":0,"player_choice":"Upgrade and Remove","damage_taken":0,"max_hp_gain":0,"max_hp_loss":0,"event_name":"Designer","floor":30,"gold_loss":90,"cards_upgraded":["Bash"]}],"is_beta":false,"boss_relics":[{"not_picked":["Fusion Hammer","Coffee Dripper"],"picked":"Velvet Choker"}],"items_purged_floors":[20],"is_endless":false,"potions_floor_spawned":[1,4,5,10,13,16,18,31],"killed_by":"Automaton","ascension_level":5}