{"gold_per_floor":[12,29,40,54,54,54,3,3,3,3,3,15,37,57,57,152,152,169,94,0,0,12,12,25,36,36,36,36],"floor_reached":28,"playtime":1129,"items_purged":["Strike_R"],"score":252,"play_id":"7a9f0f78-611f-46c4-959e-618e75331819","local_time":"20190506220231","is_ascension_mode":true,"campfire_choices":[{"data":"Uppercut","floor":6,"key":"SMITH"},{"data":"Clothesline","floor":10,"key":"SMITH"},{"floor":15,"key":"REST"},{"floor":23,"key":"REST"},{"floor":27,"key":"REST"}],"neow_cost":"NO_GOLD","seed_source_timestamp":1928311984150584,"circlet_count":0,"master_deck":["Strike_R","Strike_R","Defend_R","Defend_R","Bash","Uppercut+1","Clothesline+1","Dropkick","Dropkick","Shrug It Off","Shrug It Off"],"relics":["Burning Blood","Kunai","Orichalcum","Odd Mushroom","Empty Cage","Ginger"],"potions_floor_usage":[22,24,24],"damage_taken":[{"damage":12,"enemies":"Jaw Worm","floor":1,"turns":3},{"damage":2,"enemies":"2 Louse","floor":2,"turns":3},{"damage":7,"enemies":"Small Slimes","floor":3,"turns":3},{"damage":31,"enemies":"Exordium Wildlife","floor":4,"turns":6},{"damage":2,"enemies":"Looter","floor":12,"turns":2},{"damage":26,"enemies":"The Mushroom Lair","floor":13,"turns":5},{"damage":2,"enemies":"Red Slaver","floor":14,"turns":2},{"damage":36,"enemies":"Hexaghost","floor":16,"turns":11},{"damage":22,"enemies":"2 Thieves","floor":18,"turns":5},{"damage":4,"enemies":"Shell Parasite","floor":22,"turns":3},{"damage":41,"enemies":"3 Cultists","floor":24,"turns":7},{"damage":34,"enemies":"Snake Plant","floor":25,"turns":5},{"damage":42,"enemies":"Gremlin Leader","floor":28,"turns":4}],"seed_played":"-5307806557004872547","potions_obtained":[{"floor":4,"key":"Strength Potion"},{"floor":12,"key":"Strength Potion"},{"floor":14,"key":"FearPotion"},{"floor":24,"key":"SteroidPotion"}],"is_trial":false,"path_per_floor":["M","M","M","M","?","R","$","?","T","R","?","M","?","M","R","B",null,"M","$","?","?","M","R","M","M","T","R","E"],"character_chosen":"IRONCLAD","items_purchased":["Shrug It Off"],"campfire_rested":3,"item_purchase_floors":[7],"current_hp_per_floor":[74,78,77,52,49,49,49,49,49,49,49,53,33,37,61,31,80,64,64,64,49,51,76,41,13,13,38,0],"gold":36,"neow_bonus":"REMOVE_TWO","is_prod":false,"is_daily":false,"chose_seed":false,"campfire_upgraded":2,"win_rate":0,"timestamp":1557194551,"path_taken":["M","M","M","M","?","R","$","?","T","R","?","M","?","M","R","BOSS","M","$","?","?","M","R","M","M","T","R","E"],"build_version":"2019-01-23","purchased_purges":1,"victory":false,"max_hp_per_floor":[80,80,80,80,80,80,80,80,80,80,80,80,80,80,80,80,80,80,80,80,85,85,85,85,85,85,85,85],"card_choices":[{"not_picked":["Cleave","True Grit"],"picked":"Uppercut","floor":1},{"not_picked":["Clash","Twin Strike"],"picked":"Clothesline","floor":2},{"not_picked":["Anger","Clothesline"],"picked":"Dropkick","floor":3},{"not_picked":["Pommel Strike","Dual Wield"],"picked":"Dropkick","floor":4},{"not_picked":["Rampage","Iron Wave","Warcry"],"picked":"SKIP","floor":12},{"not_picked":["Rupture","Evolve"],"picked":"Shrug It Off","floor":13},{"not_picked":["Whirlwind","Havoc","Iron Wave"],"picked":"SKIP","floor":14},{"not_picked":["Sword Boomerang","Warcry","True Grit"],"picked":"SKIP","floor":18},{"not_picked":["Clash","Spot Weakness","Impervious"],"picked":"SKIP","floor":22},{"not_picked":["Flex+1","Iron Wave","Armaments"],"picked":"SKIP","floor":24},{"not_picked":["Sever Soul","Iron Wave","Inflame"],"picked":"SKIP","floor":25}],"player_experience":185845,"relics_obtained":[{"floor":9,"key":"Orichalcum"},{"floor":13,"key":"Odd Mushroom"},{"floor":26,"key":"Ginger"}],"event_choices":[{"damage_healed":0,"gold_gain":0,"player_choice":"Success","damage_taken":3,"relics_obtained":["Kunai"],"max_hp_gain":0,"max_hp_loss":0,"event_name":"Scrap Ooze","floor":5,"gold_loss":0},{"damage_healed":0,"gold_gain":0,"player_choice":"Ignored","damage_taken":0,"max_hp_gain":0,"max_hp_loss":0,"event_name":"Liars Game","floor":8,"gold_loss":0},{"damage_healed":0,"gold_gain":0,"player_choice":"Leave","damage_taken":0,"max_hp_gain":0,"max_hp_loss":0,"event_name":"The Cleric","floor":11,"gold_loss":0},{"damage_healed":0,"gold_gain":0,"player_choice":"Fought Mushrooms","damage_taken":0,"max_hp_gain":0,"max_hp_loss":0,"event_name":"Mushrooms","floor":13,"gold_loss":0},{"damage_healed":0,"gold_gain":0,"player_choice":"Paid Fearfully","damage_taken":0,"max_hp_gain":0,"max_hp_loss":0,"event_name":"Masked Bandits","floor":20,"gold_loss":94},{"damage_healed":0,"gold_gain":0,"player_choice":"Shed Blood","damage_taken":20,"max_hp_gain":5,"max_hp_loss":0,"event_name":"Forgotten Altar","floor":21,"gold_loss":0}],"is_beta":false,"boss_relics":[{"not_picked":["Sozu","Lizard Tail"],"picked":"Empty Cage"}],"items_purged_floors":[19],"is_endless":false,"potions_floor_spawned":[4,12,14,16,18,24],"killed_by":"Gremlin Leader","ascension_level":4}