{"gold_per_floor":[110,260,260,60,70,70,95,95,95,105,119,119,137,171,171,249,249,249,62,62,62,62,62,62,62,62,62,62,62,62,62,62,62,62,62,62,62,62,62,62,62,62,62,62,62,62,62,62,62,62],"floor_reached":50,"playtime":7320,"items_purged":["Doubt","Gash"],"score":918,"play_id":"51f4600f-d320-4a07-b461-3b704e035c53","local_time":"20190313010511","is_ascension_mode":true,"campfire_choices":[{"data":"Defragment","floor":6.0,"key":"SMITH"},{"data":"Reinforced Body","floor":8.0,"key":"SMITH"},{"floor":12.0,"key":"REST"},{"floor":15.0,"key":"REST"},{"data":"Static Discharge","floor":23.0,"key":"SMITH"},{"floor":32.0,"key":"REST"},{"floor":40.0,"key":"REST"},{"floor":46.0,"key":"REST"},{"floor":49.0,"key":"REST"}],"neow_cost":"NONE","seed_source_timestamp":942041777289166,"circlet_count":0,"master_deck":["AscendersBane","Zap+1","Dualcast","Compile Driver","Reinforced Body+1","Storm","Barrage","Cold Snap","Storm","Barrage","Reinforced Body+1","Defragment+1","Electrodynamics","Storm","Static Discharge+1","Genetic Algorithm","Leap","Reinforced Body","Undo","Buffer","Capacitor","Conserve Battery+1","Parasite","Chill+1"],"special_seed":0,"relics":["Pandora\u0027s Box","Pen Nib","War Paint","Bronze Scales","Meat on the Bone","Ectoplasm","Boot","Centennial Puzzle","Lizard Tail","Lantern","Darkstone Periapt"],"potions_floor_usage":[],"damage_taken":[{"damage":2.0,"enemies":"Small Slimes","floor":1.0,"turns":3.0},{"damage":0.0,"enemies":"Jaw Worm","floor":5.0,"turns":4.0},{"damage":16.0,"enemies":"3 Sentries","floor":7.0,"turns":6.0},{"damage":0.0,"enemies":"Cultist","floor":10.0,"turns":2.0},{"damage":3.0,"enemies":"Large Slime","floor":11.0,"turns":3.0},{"damage":0.0,"enemies":"Exordium Wildlife","floor":13.0,"turns":3.0},{"damage":20.0,"enemies":"Lagavulin","floor":14.0,"turns":4.0},{"damage":4.0,"enemies":"The Guardian","floor":16.0,"turns":7.0},{"damage":0.0,"enemies":"3 Byrds","floor":18.0,"turns":2.0},{"damage":0.0,"enemies":"Chosen","floor":20.0,"turns":3.0},{"damage":12.0,"enemies":"3 Cultists","floor":21.0,"turns":3.0},{"damage":2.0,"enemies":"Snecko","floor":22.0,"turns":4.0},{"damage":5.0,"enemies":"Gremlin Leader","floor":24.0,"turns":5.0},{"damage":20.0,"enemies":"Shelled Parasite and Fungi","floor":25.0,"turns":3.0},{"damage":0.0,"enemies":"3 Cultists","floor":28.0,"turns":3.0},{"damage":10.0,"enemies":"Centurion and Healer","floor":31.0,"turns":3.0},{"damage":53.0,"enemies":"Champ","floor":33.0,"turns":10.0},{"damage":21.0,"enemies":"3 Darklings","floor":35.0,"turns":3.0},{"damage":0.0,"enemies":"3 Shapes","floor":38.0,"turns":3.0},{"damage":5.0,"enemies":"3 Darklings","floor":39.0,"turns":3.0},{"damage":46.0,"enemies":"Reptomancer","floor":41.0,"turns":5.0},{"damage":6.0,"enemies":"Transient","floor":42.0,"turns":5.0},{"damage":3.0,"enemies":"Writhing Mass","floor":44.0,"turns":7.0},{"damage":45.0,"enemies":"3 Darklings","floor":45.0,"turns":3.0},{"damage":11.0,"enemies":"Sphere and 2 Shapes","floor":47.0,"turns":3.0},{"damage":10.0,"enemies":"Writhing Mass","floor":48.0,"turns":6.0},{"damage":135,"enemies":"Awakened One","floor":50,"turns":14}],"seed_played":"-2805805821040122688","potions_obtained":[{"floor":1.0,"key":"Fire Potion"},{"floor":10.0,"key":"GamblersBrew"},{"floor":13.0,"key":"Explosive Potion"},{"floor":14.0,"key":"Energy Potion"},{"floor":22.0,"key":"AttackPotion"},{"floor":24.0,"key":"SkillPotion"},{"floor":25.0,"key":"Regen Potion"},{"floor":31.0,"key":"SteroidPotion"},{"floor":38.0,"key":"SteroidPotion"},{"floor":41.0,"key":"Explosive Potion"},{"floor":44.0,"key":"Explosive Potion"},{"floor":45.0,"key":"Explosive Potion"}],"is_trial":false,"path_per_floor":["M","?","T","$","M","R","E","R","T","M","M","R","M","E","R","B",null,"M","$","M","M","M","R","E","M","T","?","M","?","$","M","R","B",null,"M","$","?","M","M","R","E","M","T","M","M","R","M","M","R","B"],"character_chosen":"DEFECT","items_purchased":["Reinforced Body","Defragment","Reinforced Body"],"campfire_rested":6,"item_purchase_floors":[4,4,19],"current_hp_per_floor":[62,62,62,62,62,62,46,46,46,46,43,64,64,44,65,61,69,69,69,69,57,55,55,50,42,42,42,51,51,51,41,62,21,59,38,38,38,38,45,66,32,38,38,47,14,35,36,44,67,0],"gold":62,"neow_bonus":"BOSS_RELIC","is_prod":false,"is_daily":false,"chose_seed":false,"campfire_upgraded":3,"win_rate":0,"timestamp":1552431911,"path_taken":["M","?","?","$","M","R","E","R","T","M","M","R","M","E","R","BOSS","M","$","M","M","M","R","E","?","T","?","M","?","$","M","R","BOSS","M","$","?","?","M","R","E","M","T","M","M","R","M","?","R","BOSS"],"build_version":"2019-01-23","purchased_purges":2,"victory":false,"max_hp_per_floor":[71,71,71,71,71,71,71,71,71,71,71,71,71,71,71,71,71,71,71,71,71,71,71,71,71,71,71,71,71,71,71,71,71,71,71,71,71,71,71,71,71,71,71,71,71,71,71,77,77,77],"card_choices":[{"not_picked":["Fusion","Streamline","Beam Cell"],"picked":"SKIP","floor":1.0},{"not_picked":["Beam Cell","Go for the Eyes","Gash"],"picked":"SKIP","floor":5.0},{"not_picked":["Conserve Battery","Creative AI"],"picked":"Electrodynamics","floor":7.0},{"not_picked":["Beam Cell","Barrage"],"picked":"Storm","floor":10.0},{"not_picked":["Darkness","Rebound"],"picked":"Static Discharge","floor":11.0},{"not_picked":["Scrape","Gash","Turbo"],"picked":"SKIP","floor":13.0},{"not_picked":["Lockon","Compile Driver"],"picked":"Genetic Algorithm","floor":14.0},{"not_picked":["Scrape+1","Gash"],"picked":"Leap","floor":18.0},{"not_picked":["Turbo","Ball Lightning+1","Barrage"],"picked":"SKIP","floor":20.0},{"not_picked":["Rip and Tear","FTL"],"picked":"Undo","floor":21.0},{"not_picked":["Ball Lightning","Force Field","Streamline+1"],"picked":"SKIP","floor":22.0},{"not_picked":["Cold Snap","Consume+1","Sweeping Beam"],"picked":"SKIP","floor":24.0},{"not_picked":["Fusion","FTL","Redo"],"picked":"SKIP","floor":25.0},{"not_picked":["Stack","Go for the Eyes","Blizzard"],"picked":"SKIP","floor":28.0},{"not_picked":["Tempest","FTL","Hello World+1"],"picked":"SKIP","floor":31.0},{"not_picked":["Multi-Cast","Rainbow"],"picked":"Buffer","floor":33.0},{"not_picked":["Cold Snap","Rebound","Force Field"],"picked":"SKIP","floor":35.0},{"not_picked":["Go for the Eyes","Streamline","Gash"],"picked":"SKIP","floor":38.0},{"not_picked":["Sweeping Beam","Streamline+1","Aggregate"],"picked":"SKIP","floor":39.0},{"not_picked":["Turbo","Steam+1"],"picked":"Capacitor","floor":41.0},{"not_picked":["Stack","Sunder","Barrage"],"picked":"SKIP","floor":42.0},{"not_picked":["Hologram","Reboot","Coolheaded"],"picked":"SKIP","floor":44.0},{"not_picked":["Coolheaded","Turbo","Cold Snap"],"picked":"SKIP","floor":45.0},{"not_picked":["Steam Power+1","Rip and Tear"],"picked":"Conserve Battery+1","floor":47.0},{"not_picked":["Aggregate","Heatsinks+1"],"picked":"Chill+1","floor":48.0}],"player_experience":745073,"relics_obtained":[{"floor":3.0,"key":"Pen Nib"},{"floor":7.0,"key":"War Paint"},{"floor":9.0,"key":"Bronze Scales"},{"floor":14.0,"key":"Meat on the Bone"},{"floor":24.0,"key":"Boot"},{"floor":26.0,"key":"Centennial Puzzle"},{"floor":41.0,"key":"Lantern"},{"floor":43.0,"key":"Darkstone Periapt"}],"event_choices":[{"damage_healed":0.0,"max_hp_gain":0.0,"max_hp_loss":0.0,"gold_gain":150.0,"event_name":"Liars Game","player_choice":"AGREE","floor":2.0,"gold_loss":0.0,"damage_taken":0.0,"cards_obtained":["Doubt"]},{"damage_healed":0.0,"max_hp_gain":0.0,"max_hp_loss":0.0,"gold_gain":50.0,"event_name":"Nest","player_choice":"Stole From Cult","floor":27.0,"gold_loss":0.0,"damage_taken":0.0},{"damage_healed":0.0,"max_hp_gain":0.0,"max_hp_loss":0.0,"gold_gain":0.0,"event_name":"Forgotten Altar","player_choice":"Smashed Altar","floor":29.0,"gold_loss":0.0,"damage_taken":0.0,"cards_obtained":["Decay"]},{"cards_removed":["Decay"],"damage_healed":0.0,"max_hp_gain":0.0,"max_hp_loss":0.0,"gold_gain":0.0,"event_name":"Purifier","player_choice":"Purged","floor":37.0,"gold_loss":0.0,"damage_taken":0.0}],"is_beta":false,"boss_relics":[{"not_picked":["Philosopher\u0027s Stone","Busted Crown"],"picked":"Ectoplasm"},{"not_picked":["Black Star","Eternal Feather"],"picked":"Lizard Tail"}],"items_purged_floors":[4,19],"is_endless":false,"potions_floor_spawned":[1,10,13,14,22,24,25,31,38,41,44,45],"killed_by":"Awakened One","ascension_level":16}