{"gold_per_floor":[110,110,31,31,51,83,83,106,158,190,203,478,478,254,254,349,349,368,368,61,75,0,0,35,47,59,90,102,124,235,276,288,402,414,445,1456,870,881,911,911,936,936,936,971,984,984,722,733,733,733,733,733,96,121,121],"floor_reached":56,"playtime":2528,"items_purged":["Regret","Thunder Strike","Normality","Normality","Streamline+1"],"score":1763,"play_id":"4a65181d-6187-48e0-97c0-9b2670a4d25e","local_time":"20190519160035","is_ascension_mode":true,"campfire_choices":[{"data":"Defragment","floor":7.0,"key":"SMITH"},{"data":"Biased Cognition","floor":13.0,"key":"SMITH"},{"data":"Zap","floor":15,"key":"SMITH"},{"data":"Biased Cognition","floor":23,"key":"SMITH"},{"data":"Coolheaded","floor":25,"key":"SMITH"},{"floor":28,"key":"REST"},{"data":"Hologram","floor":32,"key":"SMITH"},{"floor":40,"key":"REST"},{"data":"Amplify","floor":42,"key":"SMITH"},{"floor":49,"key":"RECALL"},{"data":"Glacier","floor":52,"key":"SMITH"}],"neow_cost":"NONE","seed_source_timestamp":100430136828637,"circlet_count":0,"master_deck":["Defend_B","Zap+1","Dualcast","Glacier+1","Defragment+1","Ball Lightning+1","Biased Cognition+1","Core Surge","Core Surge+1","Hologram+1","Steam","Biased Cognition+1","Coolheaded+1","Coolheaded","Electrodynamics","Steam Power+1","Amplify+1","All For One+1","White Noise+1","Undo+1","Chill+1","Redo+1","Self Repair","Skim","Turbo"],"special_seed":0,"relics":["Cracked Core","NeowsBlessing","Calipers","Dream Catcher","Boot","Symbiotic Virus","Inserter","MawBank","Matryoshka","Bottled Flame","Astrolabe","Bronze Scales","Singing Bowl","Tiny Chest","Vajra","Whetstone","Shuriken","Pen Nib","Lantern","Frozen Eye","Happy Flower"],"potions_floor_usage":[46,55,55,55,55,55],"damage_taken":[{"damage":0.0,"enemies":"Cultist","floor":1.0,"turns":1.0},{"damage":0.0,"enemies":"Small Slimes","floor":5.0,"turns":1.0},{"damage":0.0,"enemies":"Gremlin Nob","floor":6.0,"turns":1.0},{"damage":2.0,"enemies":"Lagavulin","floor":10.0,"turns":6.0},{"damage":0.0,"enemies":"Jaw Worm","floor":11.0,"turns":3.0},{"damage":5,"enemies":"Hexaghost","floor":16,"turns":9},{"damage":13,"enemies":"3 Byrds","floor":18,"turns":3},{"damage":0,"enemies":"Spheric Guardian","floor":21,"turns":3},{"damage":23,"enemies":"Slavers","floor":24,"turns":5},{"damage":0,"enemies":"Snecko","floor":27,"turns":4},{"damage":7,"enemies":"Shelled Parasite and Fungi","floor":29,"turns":5},{"damage":0,"enemies":"Book of Stabbing","floor":31,"turns":5},{"damage":16,"enemies":"Collector","floor":33,"turns":9},{"damage":15,"enemies":"3 Darklings","floor":35,"turns":4},{"damage":19,"enemies":"Orb Walker","floor":38,"turns":4},{"damage":0,"enemies":"Giant Head","floor":41,"turns":18},{"damage":0,"enemies":"Reptomancer","floor":44,"turns":3},{"damage":0,"enemies":"4 Shapes","floor":45,"turns":3},{"damage":13,"enemies":"2 Orb Walkers","floor":46,"turns":2},{"damage":0,"enemies":"Maw","floor":48,"turns":5},{"damage":15,"enemies":"Donu and Deca","floor":50,"turns":10},{"damage":13,"enemies":"Shield and Spear","floor":54,"turns":4},{"damage":28,"enemies":"The Heart","floor":55,"turns":9}],"seed_played":"-6351084162633042513","potions_obtained":[{"floor":1.0,"key":"Fire Potion"},{"floor":5.0,"key":"SpeedPotion"},{"floor":6.0,"key":"FearPotion"},{"floor":21,"key":"SteroidPotion"},{"floor":45,"key":"SmokeBomb"},{"floor":54,"key":"EntropicBrew"}],"is_trial":false,"path_per_floor":["M","?","$","?","M","E","R","T","T","E","M","?","R","$","R","B",null,"M","?","$","M","?","R","E","R","T","M","R","M","?","E","R","B",null,"M","?","$","M","T","R","E","R","T","E","M","?","$","M","R","B",null,"R","$","E","B",null],"character_chosen":"DEFECT","items_purchased":["Defragment","Core Surge","Biased Cognition","Coolheaded","Bronze Scales","FocusPotion","Singing Bowl","Self Repair","LiquidBronze","Lantern","Frozen Eye","Skim","Turbo"],"campfire_rested":2,"item_purchase_floors":[3,14,20,20,37,37,37,47,47,53,53,53,53],"current_hp_per_floor":[68,68,68,61,61,61,61,61,61,59,59,59,59,59,59,54,70,57,57,57,57,57,57,34,34,34,34,56,49,49,49,49,33,65,50,50,50,31,31,55,55,55,55,57,59,46,46,55,55,40,72,72,72,61,33],"gold":121,"neow_bonus":"THREE_ENEMY_KILL","is_prod":false,"is_daily":false,"chose_seed":false,"campfire_upgraded":8,"win_rate":0,"timestamp":1558296035,"path_taken":["M","?","?","?","M","E","R","?","T","E","M","?","R","$","R","BOSS","M","?","$","M","?","R","E","R","T","M","R","M","?","E","R","BOSS","M","?","$","M","?","R","E","R","T","E","M","?","$","M","R","BOSS","R","$","E","BOSS"],"build_version":"2019-01-23","purchased_purges":5,"victory":true,"max_hp_per_floor":[75,75,75,75,75,75,75,75,75,75,75,75,75,75,75,75,75,75,75,75,75,75,75,75,75,75,75,75,75,75,75,75,75,75,75,75,75,75,75,77,77,77,77,79,81,81,81,83,83,83,83,83,83,85,85],"card_choices":[{"not_picked":["Barrage","Capacitor"],"picked":"Glacier","floor":1.0},{"not_picked":["Cold Snap","Conserve Battery"],"picked":"Ball Lightning","floor":5.0},{"not_picked":["Hologram","Hello World"],"picked":"Biased Cognition","floor":6.0},{"not_picked":["Turbo","Amplify"],"picked":"Steam","floor":10.0},{"not_picked":["Stack","Leap","Turbo"],"picked":"SKIP","floor":11.0},{"not_picked":["Reboot","Fission"],"picked":"Core Surge","floor":16},{"not_picked":["Turbo","Redo+1"],"picked":"Hologram","floor":18},{"not_picked":["Go for the Eyes","Steam","Beam Cell"],"picked":"SKIP","floor":21},{"not_picked":["Leap","Core Surge","Stack+1"],"picked":"SKIP","floor":24},{"not_picked":["Barrage","Fusion","Aggregate+1"],"picked":"SKIP","floor":27},{"not_picked":["Rebound+1","Turbo"],"picked":"Coolheaded","floor":28},{"not_picked":["Sweeping Beam","Rebound"],"picked":"Electrodynamics","floor":29},{"not_picked":["Genetic Algorithm","Force Field"],"picked":"Steam Power+1","floor":31},{"not_picked":["Thunder Strike","Electrodynamics"],"picked":"Amplify","floor":33},{"not_picked":["Redo+1","Steam+1"],"picked":"Undo+1","floor":35},{"not_picked":["Scrape","Coolheaded"],"picked":"Chill+1","floor":38},{"not_picked":["Force Field+1","Undo","Streamline+1"],"picked":"Singing Bowl","floor":40},{"not_picked":["Double Energy+1","Self Repair"],"picked":"Redo+1","floor":41},{"not_picked":["Gash","Compile Driver","Redo"],"picked":"Singing Bowl","floor":44},{"not_picked":["Cold Snap","Beam Cell+1","Hologram"],"picked":"Singing Bowl","floor":45},{"not_picked":["Turbo","Go for the Eyes","Streamline+1"],"picked":"Singing Bowl","floor":48},{"not_picked":["Amplify","Self Repair+1","Lockon"],"picked":"Singing Bowl","floor":54}],"player_experience":636980,"relics_obtained":[{"floor":6.0,"key":"Calipers"},{"floor":8.0,"key":"Dream Catcher"},{"floor":9.0,"key":"Boot"},{"floor":10.0,"key":"Symbiotic Virus"},{"floor":24,"key":"MawBank"},{"floor":26,"key":"Matryoshka"},{"floor":31,"key":"Bottled Flame"},{"floor":39,"key":"Tiny Chest"},{"floor":41,"key":"Vajra"},{"floor":43,"key":"Whetstone"},{"floor":43,"key":"Shuriken"},{"floor":44,"key":"Pen Nib"},{"floor":54,"key":"Happy Flower"}],"event_choices":[{"cards_removed":["Strike_B"],"damage_healed":0.0,"max_hp_gain":0.0,"max_hp_loss":0.0,"gold_gain":0.0,"event_name":"Purifier","player_choice":"Purged","floor":2.0,"gold_loss":0.0,"damage_taken":0.0},{"cards_removed":["Strike_B"],"damage_healed":0.0,"max_hp_gain":0.0,"max_hp_loss":0.0,"gold_gain":0.0,"event_name":"Golden Wing","player_choice":"Card Removal","floor":4.0,"gold_loss":0.0,"damage_taken":7.0},{"damage_healed":0.0,"max_hp_gain":0.0,"max_hp_loss":0.0,"gold_gain":275.0,"event_name":"Golden Shrine","player_choice":"Desecrate","floor":12.0,"gold_loss":0.0,"damage_taken":0.0,"cards_obtained":["Regret"]},{"damage_healed":0,"gold_gain":0,"cards_transformed":["Strike_B","Strike_B"],"player_choice":"Became Test Subject","damage_taken":0,"max_hp_gain":0,"max_hp_loss":0,"event_name":"Drug Dealer","floor":19,"gold_loss":0,"cards_obtained":["Thunder Strike","Steam"]},{"cards_removed":["Defend_B"],"damage_healed":0,"gold_gain":0,"player_choice":"Gave Gold","damage_taken":0,"max_hp_gain":0,"max_hp_loss":0,"event_name":"Beggar","floor":22,"gold_loss":75},{"damage_healed":0,"gold_gain":99,"player_choice":"Stole From Cult","damage_taken":0,"max_hp_gain":0,"max_hp_loss":0,"event_name":"Nest","floor":30,"gold_loss":0},{"damage_healed":0,"gold_gain":999,"player_choice":"Gold","damage_taken":0,"max_hp_gain":0,"max_hp_loss":0,"event_name":"MindBloom","floor":36,"gold_loss":0,"cards_obtained":["Normality","Normality"]},{"damage_healed":0,"gold_gain":0,"player_choice":"Fight","damage_taken":0,"max_hp_gain":0,"max_hp_loss":0,"event_name":"Mysterious Sphere","floor":46,"gold_loss":0}],"is_beta":false,"boss_relics":[{"not_picked":["Snecko Eye","Busted Crown"],"picked":"Inserter"},{"not_picked":["Empty Cage","White Beast Statue"],"picked":"Astrolabe"}],"items_purged_floors":[14,20,37,47,53],"is_endless":false,"potions_floor_spawned":[1,5,6,21,29,31,35,41,45,48,54],"ascension_level":7}