{"gold_per_floor":[118,131,55,55,68,68,88,117,171,182,213,223,253,218,218,314,314,325,345,21,39,58,58,71,71,71,170,202,202,202,227,227,330,330,346,365,365,378,97,97,108,121,121,121,132,132,132,151,151,151],"floor_reached":51,"playtime":2592,"items_purged":["Strike_R"],"score":887,"play_id":"5def7b94-49c5-4a48-84dd-50ad812a7172","local_time":"20181114135914","is_ascension_mode":true,"campfire_choices":[{"data":"Inflame","floor":6,"key":"SMITH"},{"data":"Heavy Blade","floor":15,"key":"SMITH"},{"data":"Inflame","floor":23,"key":"SMITH"},{"floor":30,"key":"REST"},{"data":"Demon Form","floor":32,"key":"SMITH"},{"data":"Inflame","floor":40,"key":"SMITH"},{"data":"Battle Trance","floor":44,"key":"SMITH"},{"data":"Limit Break","floor":49,"key":"SMITH"}],"neow_cost":"NONE","seed_source_timestamp":6732167247123,"circlet_count":0,"master_deck":["Defend_R","Defend_R","Defend_R","Bash","Fiend Fire","Rampage","Twin Strike","Sword Boomerang","Shrug It Off","Inflame+1","Inflame+1","Cleave","Heavy Blade+1","Sword Boomerang","Shrug It Off","Battle Trance","Demon Form+1","Bloodletting+1","Flame Barrier+1","Sever Soul+1","Shockwave+1","Inflame+1","Shrug It Off","Heavy Blade+1","Battle Trance+1","Warcry+1","Offering","Headbutt+1","Impervious","Pummel+1","Limit Break+1","Enlightenment"],"relics":["Burning Blood","Sundial","Ancient Tea Set","Happy Flower","Bag of Preparation","Astrolabe","PreservedInsect","Meat on the Bone","Molten Egg 2","Blue Candle","Sozu","Lee\u0027s Waffle","Juzu Bracelet"],"potions_floor_usage":[13,22,28,33,50,50,50],"damage_taken":[{"damage":10,"enemies":"Small Slimes","floor":1,"turns":3},{"damage":7,"enemies":"2 Louse","floor":2,"turns":2},{"damage":7,"enemies":"Jaw Worm","floor":5,"turns":3},{"damage":5,"enemies":"Blue Slaver","floor":7,"turns":2},{"damage":28,"enemies":"Lagavulin","floor":8,"turns":6},{"damage":14,"enemies":"Red Slaver","floor":10,"turns":2},{"damage":23,"enemies":"3 Sentries","floor":11,"turns":6},{"damage":0,"enemies":"2 Fungi Beasts","floor":12,"turns":2},{"damage":15,"enemies":"Gremlin Nob","floor":13,"turns":4},{"damage":0,"enemies":"Slime Boss","floor":16,"turns":4},{"damage":32,"enemies":"3 Byrds","floor":18,"turns":4},{"damage":0,"enemies":"Chosen","floor":19,"turns":3},{"damage":27,"enemies":"3 Cultists","floor":21,"turns":5},{"damage":3,"enemies":"Snecko","floor":22,"turns":2},{"damage":3,"enemies":"Cultist and Chosen","floor":24,"turns":4},{"damage":34,"enemies":"Slavers","floor":28,"turns":5},{"damage":9,"enemies":"Gremlin Leader","floor":31,"turns":2},{"damage":14,"enemies":"Collector","floor":33,"turns":4},{"damage":14,"enemies":"3 Shapes","floor":35,"turns":5},{"damage":18,"enemies":"3 Darklings","floor":36,"turns":4},{"damage":41,"enemies":"Spire Growth","floor":38,"turns":4},{"damage":25,"enemies":"Sphere and 2 Shapes","floor":41,"turns":4},{"damage":21,"enemies":"3 Darklings","floor":42,"turns":4},{"damage":11,"enemies":"Transient","floor":45,"turns":5},{"damage":27,"enemies":"Jaw Worm Horde","floor":48,"turns":3},{"damage":27,"enemies":"Donu and Deca","floor":50,"turns":5}],"seed_played":"4953551835085184828","potions_obtained":[{"floor":1,"key":"Block Potion"},{"floor":7,"key":"Energy Potion"},{"floor":12,"key":"Dexterity Potion"},{"floor":13,"key":"SteroidPotion"},{"floor":22,"key":"GamblersBrew"},{"floor":31,"key":"Weak Potion"},{"floor":33,"key":"Ancient Potion"}],"is_trial":false,"path_per_floor":["M","M","$","?","M","R","M","E","T","M","E","M","E","?","R","B",null,"M","M","$","M","M","R","M","$","T","?","E","?","R","E","R","B",null,"M","M","?","M","$","R","M","M","T","R","M","?","?","M","R","B",null],"character_chosen":"IRONCLAD","items_purchased":["Sword Boomerang","Shrug It Off","PreservedInsect","Inflame","Shrug It Off","Lee\u0027s Waffle","Impervious"],"campfire_rested":1,"item_purchase_floors":[3,3,20,20,20,39,39],"current_hp_per_floor":[76,75,75,75,74,74,75,53,53,45,28,34,25,45,45,51,80,54,60,60,39,42,42,45,45,45,45,29,29,53,50,50,54,80,72,60,60,37,87,87,68,53,53,53,60,60,60,51,51,42],"gold":151,"neow_bonus":"ONE_RANDOM_RARE_CARD","is_prod":false,"is_daily":false,"chose_seed":false,"campfire_upgraded":7,"win_rate":0,"timestamp":1542221954,"path_taken":["M","M","$","?","M","R","M","E","T","M","E","M","E","?","R","BOSS","M","M","$","M","M","R","M","$","T","?","E","?","R","E","R","BOSS","M","M","?","?","$","R","M","M","T","R","M","?","?","M","R","BOSS"],"build_version":"2018-11-08","purchased_purges":1,"victory":true,"max_hp_per_floor":[80,80,80,80,80,80,80,80,80,80,80,80,80,80,80,80,80,80,80,80,80,80,80,80,80,80,80,80,80,80,80,80,80,80,80,80,80,80,87,87,87,87,87,87,87,87,87,87,87,87],"card_choices":[{"not_picked":["Cleave","Body Slam"],"picked":"Rampage","floor":1},{"not_picked":["True Grit","Thunderclap"],"picked":"Twin Strike","floor":2},{"not_picked":["Havoc","Reckless Charge"],"picked":"Inflame","floor":5},{"not_picked":["Dropkick","Iron Wave"],"picked":"Inflame","floor":7},{"not_picked":["Havoc","Reckless Charge"],"picked":"Cleave","floor":8},{"not_picked":["Fiend Fire","Rage"],"picked":"Heavy Blade","floor":10},{"not_picked":["Hemokinesis","Armaments"],"picked":"Sword Boomerang","floor":11},{"not_picked":["Sword Boomerang","Warcry","Shrug It Off"],"picked":"SKIP","floor":12},{"not_picked":["Sword Boomerang","Warcry"],"picked":"Shrug It Off","floor":12},{"not_picked":["Feed","Rupture"],"picked":"Battle Trance","floor":13},{"not_picked":["Feed","Brutality"],"picked":"Demon Form","floor":16},{"not_picked":["Cleave","Perfected Strike","Combust"],"picked":"SKIP","floor":18},{"not_picked":["Clash+1","Headbutt"],"picked":"Shockwave+1","floor":19},{"not_picked":["Warcry","Twin Strike"],"picked":"Heavy Blade+1","floor":21},{"not_picked":["Dropkick","Pommel Strike"],"picked":"Battle Trance","floor":22},{"not_picked":["Clash+1","Clothesline+1"],"picked":"Warcry+1","floor":24},{"not_picked":["Flex","Twin Strike"],"picked":"Offering","floor":28},{"not_picked":["Clash+1","Pommel Strike+1","Reckless Charge+1"],"picked":"SKIP","floor":31},{"not_picked":["Heavy Blade+1","Flex"],"picked":"Headbutt+1","floor":35},{"not_picked":["Corruption+1","Armaments+1","Carnage+1"],"picked":"SKIP","floor":36},{"not_picked":["Spot Weakness+1","Headbutt+1","Rampage+1"],"picked":"SKIP","floor":38},{"not_picked":["Rage+1","Corruption+1"],"picked":"Pummel+1","floor":41},{"not_picked":["Anger+1","Spot Weakness+1","Dual Wield+1"],"picked":"SKIP","floor":42},{"not_picked":["Headbutt+1","Heavy Blade+1"],"picked":"Limit Break","floor":45},{"not_picked":["PanicButton","Magnetism"],"picked":"Enlightenment","floor":46},{"not_picked":["Iron Wave+1","Rage+1","Clothesline+1"],"picked":"SKIP","floor":48}],"player_experience":139788,"relics_obtained":[{"floor":8,"key":"Sundial"},{"floor":9,"key":"Ancient Tea Set"},{"floor":11,"key":"Happy Flower"},{"floor":13,"key":"Bag of Preparation"},{"floor":26,"key":"Meat on the Bone"},{"floor":28,"key":"Molten Egg 2"},{"floor":31,"key":"Blue Candle"},{"floor":43,"key":"Juzu Bracelet"}],"event_choices":[{"damage_healed":0,"gold_gain":0,"player_choice":"Ignored","damage_taken":0,"max_hp_gain":0,"max_hp_loss":0,"event_name":"Golden Wing","floor":4,"gold_loss":0},{"damage_healed":20,"gold_gain":0,"player_choice":"Healed","damage_taken":0,"max_hp_gain":0,"max_hp_loss":0,"event_name":"The Cleric","floor":14,"gold_loss":35},{"damage_healed":0,"gold_gain":99,"player_choice":"Stole From Cult","damage_taken":0,"max_hp_gain":0,"max_hp_loss":0,"event_name":"Nest","floor":27,"gold_loss":0},{"cards_removed":["Strike_R"],"damage_healed":0,"gold_gain":0,"player_choice":"Elegance","damage_taken":0,"max_hp_gain":0,"max_hp_loss":0,"event_name":"Back to Basics","floor":29,"gold_loss":0},{"damage_healed":0,"gold_gain":0,"player_choice":"Ignored","damage_taken":0,"max_hp_gain":0,"max_hp_loss":0,"event_name":"SecretPortal","floor":37,"gold_loss":0},{"damage_healed":0,"gold_gain":0,"player_choice":"Memory 1","damage_taken":0,"max_hp_gain":0,"max_hp_loss":0,"event_name":"SensoryStone","floor":46,"gold_loss":0},{"cards_removed":["Defend_R"],"damage_healed":0,"gold_gain":0,"player_choice":"Removed Skill","damage_taken":0,"max_hp_gain":0,"max_hp_loss":0,"event_name":"Falling","floor":47,"gold_loss":0}],"is_beta":false,"boss_relics":[{"not_picked":["Runic Pyramid","Lizard Tail"],"picked":"Astrolabe"},{"not_picked":["Orrery","Runic Cube"],"picked":"Sozu"}],"items_purged_floors":[20],"is_endless":false,"potions_floor_spawned":[1,7,12,13,21,22,31,33,36,38,42,48],"ascension_level":2}