{"gold_per_floor":[116,131,58,74,74,105,105,122,173,53,53,84,109,151,163,280,292,320,332,145,145,162,162,188,43,124,0,0,0,13,27,27,122,122,134,134,150,163,183,183,194,194,269,286,286,123,123,134,134,134],"floor_reached":51,"playtime":3900,"items_purged":["Strike_G+1"],"score":961,"play_id":"b79a4340-dc87-4b0a-b1b8-febe81b00428","local_time":"20190114231859","is_ascension_mode":true,"campfire_choices":[{"data":"Neutralize","floor":7,"key":"SMITH"},{"data":"Footwork","floor":15,"key":"SMITH"},{"data":"Envenom","floor":23,"key":"SMITH"},{"data":"Footwork","floor":29,"key":"SMITH"},{"data":"Well Laid Plans","floor":32,"key":"SMITH"},{"data":"Footwork","floor":40,"key":"SMITH"},{"data":"Blade Dance","floor":42,"key":"SMITH"},{"data":"Noxious Fumes","floor":47,"key":"SMITH"},{"data":"Crippling Poison","floor":49,"key":"SMITH"}],"neow_cost":"NONE","seed_source_timestamp":349965909149556,"circlet_count":0,"master_deck":["Defend_G+1","Defend_G+1","Defend_G+1","Defend_G+1","Defend_G+1","Strike_G+1","Strike_G+1","Survivor","Neutralize+1","Dagger Spray","Finisher","Footwork+1","Quick Slash","Blade Dance+1","Footwork+1","Acrobatics","Dash","Backflip","Envenom+1","Escape Plan","Backflip","Corpse Explosion","Crippling Poison+1","Footwork+1","Phantasmal Killer","Well Laid Plans+1","Dodge and Roll","PiercingWail","A Thousand Cuts+1","Cloak And Dagger+1","PiercingWail","Parasite","Noxious Fumes+1","Blur"],"relics":["Ring of the Serpent","Matryoshka","Ornamental Fan","Happy Flower","MawBank","Incense Burner","Bottled Flame","Bag of Marbles","Pantograph","Busted Crown","Blue Candle"],"potions_floor_usage":[6,16,24,24,33,48,50,50],"damage_taken":[{"damage":0,"enemies":"2 Louse","floor":1,"turns":4},{"damage":0,"enemies":"Small Slimes","floor":2,"turns":3},{"damage":11,"enemies":"Jaw Worm","floor":4,"turns":6},{"damage":11,"enemies":"Gremlin Nob","floor":6,"turns":4},{"damage":3,"enemies":"Blue Slaver","floor":8,"turns":4},{"damage":26,"enemies":"3 Sentries","floor":12,"turns":11},{"damage":0,"enemies":"3 Louse","floor":13,"turns":2},{"damage":17,"enemies":"Gremlin Nob","floor":14,"turns":5},{"damage":1,"enemies":"The Guardian","floor":16,"turns":14},{"damage":3,"enemies":"3 Byrds","floor":18,"turns":6},{"damage":8,"enemies":"Spheric Guardian","floor":22,"turns":6},{"damage":15,"enemies":"Slavers","floor":24,"turns":7},{"damage":4,"enemies":"Shelled Parasite and Fungi","floor":30,"turns":10},{"damage":2,"enemies":"Snake Plant","floor":31,"turns":9},{"damage":26,"enemies":"Champ","floor":33,"turns":24},{"damage":0,"enemies":"3 Darklings","floor":35,"turns":4},{"damage":0,"enemies":"3 Shapes","floor":37,"turns":5},{"damage":0,"enemies":"Writhing Mass","floor":38,"turns":9},{"damage":2,"enemies":"Spire Growth","floor":39,"turns":6},{"damage":22,"enemies":"Jaw Worm Horde","floor":41,"turns":3},{"damage":28,"enemies":"Writhing Mass","floor":44,"turns":10},{"damage":0,"enemies":"3 Darklings","floor":48,"turns":2},{"damage":1,"enemies":"Donu and Deca","floor":50,"turns":10}],"seed_played":"-926484949151647045","potions_obtained":[{"floor":0,"key":"FairyPotion"},{"floor":0,"key":"AttackPotion"},{"floor":0,"key":"Ancient Potion"},{"floor":8,"key":"Strength Potion"},{"floor":22,"key":"Fire Potion"},{"floor":31,"key":"LiquidBronze"},{"floor":38,"key":"Explosive Potion"},{"floor":44,"key":"Strength Potion"},{"floor":48,"key":"EssenceOfSteel"}],"is_trial":false,"path_per_floor":["M","M","$","M","?","E","R","M","T","$","?","E","M","E","R","B",null,"M","?","$","?","M","R","E","$","T","?","?","R","M","M","R","B",null,"M","?","M","M","M","R","M","R","T","M","?","$","R","M","R","B",null],"character_chosen":"THE_SILENT","items_purchased":["Footwork","Footwork","Acrobatics","Block Potion","Escape Plan","Crippling Poison","Footwork","Noxious Fumes","Blur"],"campfire_rested":0,"item_purchase_floors":[3,10,10,20,20,25,25,46,46],"current_hp_per_floor":[63,63,63,52,70,59,59,56,56,56,56,30,30,13,13,12,56,53,53,53,53,45,45,30,30,30,30,30,30,26,24,24,23,58,58,58,58,58,56,56,34,34,34,6,61,61,61,61,61,60],"gold":134,"neow_bonus":"THREE_SMALL_POTIONS","is_prod":false,"is_daily":false,"chose_seed":false,"campfire_upgraded":9,"win_rate":0,"timestamp":1547525939,"path_taken":["M","M","$","M","?","E","R","M","T","$","?","E","M","E","R","BOSS","M","?","$","?","M","R","E","?","T","?","?","R","M","M","R","BOSS","M","?","?","M","M","R","M","R","T","M","?","$","R","M","R","BOSS"],"build_version":"2019-01-10","purchased_purges":1,"victory":true,"max_hp_per_floor":[70,70,70,70,70,70,70,70,70,70,70,70,70,70,70,70,70,70,70,70,70,70,70,70,70,70,70,70,70,70,70,70,70,70,70,70,70,70,70,70,70,70,70,70,61,61,61,61,61,61],"card_choices":[{"not_picked":["Dodge and Roll","Reflex"],"picked":"Dagger Spray","floor":1},{"not_picked":["Blade Dance","Dodge and Roll"],"picked":"Finisher","floor":2},{"not_picked":["Backflip","Dagger Throw"],"picked":"Quick Slash","floor":4},{"not_picked":["PiercingWail","Catalyst"],"picked":"Blade Dance","floor":6},{"not_picked":["Deadly Poison","Accuracy","Heel Hook"],"picked":"SKIP","floor":8},{"not_picked":["Outmaneuver","Corpse Explosion"],"picked":"Dash","floor":12},{"not_picked":["Deadly Poison","Riddle With Holes","Eviscerate"],"picked":"SKIP","floor":13},{"not_picked":["Footwork","Envenom"],"picked":"Backflip","floor":14},{"not_picked":["Storm of Steel","Doppelganger"],"picked":"Envenom","floor":16},{"not_picked":["Dagger Spray+1","Prepared","Slice+1"],"picked":"SKIP","floor":18},{"not_picked":["Calculated Gamble","Endless Agony+1"],"picked":"Backflip","floor":22},{"not_picked":["Terror+1","Slice"],"picked":"Corpse Explosion","floor":24},{"not_picked":["Underhanded Strike","Quick Slash"],"picked":"Dodge and Roll","floor":30},{"not_picked":["Acrobatics","Blade Dance"],"picked":"PiercingWail","floor":31},{"not_picked":["Adrenaline","Unload"],"picked":"A Thousand Cuts","floor":33},{"not_picked":[],"picked":"Cloak And Dagger+1","floor":35},{"not_picked":[],"picked":"PiercingWail","floor":37},{"not_picked":["Acrobatics+1"],"picked":"SKIP","floor":38},{"not_picked":["Deadly Poison"],"picked":"SKIP","floor":39},{"not_picked":["Deadly Poison"],"picked":"SKIP","floor":41},{"not_picked":["Choke"],"picked":"SKIP","floor":44},{"not_picked":["Sucker Punch+1"],"picked":"SKIP","floor":48}],"player_experience":387967,"relics_obtained":[{"floor":6,"key":"Matryoshka"},{"floor":9,"key":"Ornamental Fan"},{"floor":9,"key":"Happy Flower"},{"floor":12,"key":"MawBank"},{"floor":14,"key":"Incense Burner"},{"floor":24,"key":"Bottled Flame"},{"floor":26,"key":"Bag of Marbles"},{"floor":26,"key":"Pantograph"},{"floor":43,"key":"Blue Candle"}],"event_choices":[{"damage_healed":23,"gold_gain":0,"player_choice":"Banana","damage_taken":0,"max_hp_gain":0,"max_hp_loss":0,"event_name":"Big Fish","floor":5,"gold_loss":0},{"damage_healed":0,"gold_gain":0,"player_choice":"Ignored","damage_taken":0,"max_hp_gain":0,"max_hp_loss":0,"event_name":"Golden Wing","floor":11,"gold_loss":0},{"damage_healed":0,"gold_gain":0,"player_choice":"Simplicity","damage_taken":0,"max_hp_gain":0,"max_hp_loss":0,"event_name":"Back to Basics","floor":19,"gold_loss":0,"cards_upgraded":["Defend_G","Defend_G","Defend_G","Defend_G","Defend_G","Strike_G","Strike_G","Strike_G","Strike_G","Strike_G"]},{"damage_healed":0,"gold_gain":0,"player_choice":"Ignored","damage_taken":0,"max_hp_gain":0,"max_hp_loss":0,"event_name":"The Mausoleum","floor":21,"gold_loss":0},{"damage_healed":0,"gold_gain":0,"player_choice":"Paid Fearfully","damage_taken":0,"max_hp_gain":0,"max_hp_loss":0,"event_name":"Masked Bandits","floor":27,"gold_loss":124},{"damage_healed":0,"gold_gain":0,"cards_transformed":["Strike_G","Strike_G"],"player_choice":"Became Test Subject","damage_taken":0,"max_hp_gain":0,"max_hp_loss":0,"event_name":"Drug Dealer","floor":28,"gold_loss":0,"cards_obtained":["Phantasmal Killer","Well Laid Plans"]},{"damage_healed":0,"gold_gain":0,"player_choice":"Forge","damage_taken":0,"max_hp_gain":0,"max_hp_loss":0,"event_name":"Accursed Blacksmith","floor":36,"gold_loss":0,"cards_upgraded":["A Thousand Cuts"]},{"damage_healed":61,"gold_gain":0,"player_choice":"Heal","damage_taken":0,"max_hp_gain":0,"max_hp_loss":9,"event_name":"The Moai Head","floor":45,"gold_loss":0}],"is_beta":false,"boss_relics":[{"not_picked":["Velvet Choker","Snecko Eye"],"picked":"Ring of the Serpent"},{"not_picked":["Fusion Hammer","White Beast Statue"],"picked":"Busted Crown"}],"items_purged_floors":[20],"is_endless":false,"potions_floor_spawned":[2,4,8,12,14,22,31,38,44,48],"ascension_level":7}