{"gold_per_floor":[113,113,138,158,158,158,158,158,158,182,182,107,118,136,136,136],"floor_reached":16,"playtime":366,"items_purged":["Strike_R"],"score":88,"play_id":"269dca18-adeb-44a1-a2b9-108fecab5dc7","local_time":"20190119194743","daily_mods":["Heirloom","Time Dilation","Flight"],"is_ascension_mode":false,"campfire_choices":[{"data":"Searing Blow+1","floor":6,"key":"SMITH"},{"data":"Searing Blow+2","floor":7,"key":"SMITH"},{"data":"Searing Blow+3","floor":8,"key":"SMITH"},{"data":"Searing Blow+4","floor":11,"key":"SMITH"},{"data":"Searing Blow+5","floor":15,"key":"SMITH"}],"neow_cost":"","seed_source_timestamp":0,"circlet_count":0,"master_deck":["Strike_R","Strike_R","Strike_R","Strike_R","Defend_R","Defend_R","Defend_R","Defend_R","Bash","Searing Blow+6","Whirlwind","Shrug It Off"],"relics":["Burning Blood","Incense Burner","Red Skull","Omamori","Letter Opener","Odd Mushroom"],"potions_floor_usage":[14],"damage_taken":[{"damage":8,"enemies":"Jaw Worm","floor":1,"turns":3},{"damage":6,"enemies":"Cultist","floor":4,"turns":3},{"damage":18,"enemies":"The Mushroom Lair","floor":10,"turns":4},{"damage":8,"enemies":"2 Louse","floor":13,"turns":2},{"damage":9,"enemies":"Exordium Thugs","floor":14,"turns":4},{"damage":39,"enemies":"Slime Boss","floor":16,"turns":9}],"seed_played":"2929681762160407883","potions_obtained":[{"floor":4,"key":"SpeedPotion"},{"floor":10,"key":"Fire Potion"},{"floor":13,"key":"SpeedPotion"}],"is_trial":true,"path_per_floor":["M","?","T","M","?","R","R","R","T","?","R","$","M","M","R","B"],"character_chosen":"IRONCLAD","items_purchased":[],"campfire_rested":0,"item_purchase_floors":[],"current_hp_per_floor":[78,78,78,78,60,60,60,60,60,48,48,48,46,43,43,4],"gold":136,"neow_bonus":"","is_prod":false,"is_daily":false,"chose_seed":false,"campfire_upgraded":5,"win_rate":0,"timestamp":1547894863,"path_taken":["M","?","?","?","?","R","R","R","T","?","R","$","M","M","R","BOSS"],"build_version":"2019-01-17v2","purchased_purges":1,"victory":false,"max_hp_per_floor":[80,80,80,80,80,80,80,80,80,80,80,80,80,80,80,80],"card_choices":[{"not_picked":["Cleave","Armaments"],"picked":"Searing Blow","floor":1},{"not_picked":["Metallicize","Seeing Red"],"picked":"Whirlwind","floor":4},{"not_picked":["Rage","True Grit","Perfected Strike"],"picked":"SKIP","floor":13},{"not_picked":["Pommel Strike","Searing Blow"],"picked":"Shrug It Off","floor":14}],"player_experience":305226,"relics_obtained":[{"floor":3,"key":"Red Skull"},{"floor":9,"key":"Letter Opener"},{"floor":10,"key":"Odd Mushroom"}],"event_choices":[{"damage_healed":0,"gold_gain":0,"player_choice":"Grow","damage_taken":0,"max_hp_gain":0,"max_hp_loss":0,"event_name":"Living Wall","floor":2,"gold_loss":0,"cards_upgraded":["Searing Blow"]},{"damage_healed":0,"gold_gain":0,"player_choice":"Success","damage_taken":18,"relics_obtained":["Omamori"],"max_hp_gain":0,"max_hp_loss":0,"event_name":"Scrap Ooze","floor":5,"gold_loss":0},{"damage_healed":0,"gold_gain":0,"player_choice":"Fought Mushrooms","damage_taken":0,"max_hp_gain":0,"max_hp_loss":0,"event_name":"Mushrooms","floor":10,"gold_loss":0}],"is_beta":false,"boss_relics":[],"items_purged_floors":[12],"is_endless":true,"potions_floor_spawned":[4,10,13],"killed_by":"Slime Boss","ascension_level":0}