{"gold_per_floor":[117,130,142,142,102,131,141,157,157,157,157,157,157,157,157,157],"floor_reached":16,"playtime":466,"items_purged":[],"score":185,"play_id":"9b1e5e9c-d086-4391-8a7a-2fccb667a221","local_time":"20190420110409","is_ascension_mode":true,"campfire_choices":[{"floor":10,"key":"REST"},{"data":"Neutralize","floor":12,"key":"SMITH"},{"data":"Noxious Fumes","floor":15,"key":"SMITH"}],"neow_cost":"NONE","seed_source_timestamp":514354967606365,"circlet_count":0,"master_deck":["AscendersBane","Defend_G","Defend_G","Defend_G","Defend_G","Defend_G","Strike_G","Strike_G","Strike_G","Strike_G","Survivor","Neutralize+1","Noxious Fumes+1","Dagger Spray","Poisoned Stab","Backflip","Dodge and Roll","Cloak And Dagger"],"relics":["Ring of the Snake","Calipers","Gremlin Horn","Golden Idol","Mummified Hand"],"potions_floor_usage":[8],"damage_taken":[{"damage":1,"enemies":"2 Louse","floor":1,"turns":3},{"damage":0,"enemies":"Jaw Worm","floor":2,"turns":5},{"damage":1,"enemies":"Small Slimes","floor":3,"turns":3},{"damage":39,"enemies":"Lagavulin","floor":6,"turns":10},{"damage":1,"enemies":"Looter","floor":7,"turns":4},{"damage":5,"enemies":"Large Slime","floor":8,"turns":7},{"damage":27,"enemies":"The Guardian","floor":16,"turns":2}],"seed_played":"8366861056620816282","potions_obtained":[{"floor":3,"key":"Swift Potion"},{"floor":8,"key":"LiquidBronze"}],"is_trial":false,"path_per_floor":["M","M","M","?","?","E","M","M","T","R","?","R","?","T","R","B"],"character_chosen":"THE_SILENT","items_purchased":[],"campfire_rested":1,"item_purchase_floors":[],"current_hp_per_floor":[58,58,57,50,50,11,10,5,5,24,24,24,24,24,24,0],"gold":157,"neow_bonus":"THREE_CARDS","is_prod":false,"is_daily":false,"chose_seed":false,"campfire_upgraded":2,"win_rate":0,"timestamp":1555772649,"path_taken":["M","M","M","?","?","E","M","M","T","R","?","R","?","?","R","BOSS"],"build_version":"2019-01-23","purchased_purges":0,"victory":false,"max_hp_per_floor":[66,66,66,66,66,66,66,66,66,66,66,66,60,60,60,60],"card_choices":[{"not_picked":["Dodge and Roll","Caltrops"],"picked":"Noxious Fumes","floor":0},{"not_picked":["Backflip","Sucker Punch"],"picked":"Dagger Spray","floor":1},{"not_picked":["Prepared","Bouncing Flask"],"picked":"Poisoned Stab","floor":2},{"not_picked":["Flying Knee","Backflip","Bane"],"picked":"SKIP","floor":3},{"not_picked":["Flying Knee","Bane"],"picked":"Backflip","floor":3},{"not_picked":["Prepared","Setup"],"picked":"Dodge and Roll","floor":6},{"not_picked":["Prepared","Masterful Stab","Quick Slash"],"picked":"SKIP","floor":7},{"not_picked":["Quick Slash","Glass Knife"],"picked":"Cloak And Dagger","floor":8}],"player_experience":580125,"relics_obtained":[{"floor":6,"key":"Calipers"},{"floor":9,"key":"Gremlin Horn"},{"floor":14,"key":"Mummified Hand"}],"event_choices":[{"cards_removed":["Strike_G"],"damage_healed":0,"gold_gain":0,"player_choice":"Card Removal","damage_taken":7,"max_hp_gain":0,"max_hp_loss":0,"event_name":"Golden Wing","floor":4,"gold_loss":0},{"damage_healed":0,"gold_gain":0,"player_choice":"Left Gold","damage_taken":0,"max_hp_gain":0,"max_hp_loss":0,"event_name":"World of Goop","floor":5,"gold_loss":40},{"damage_healed":0,"gold_gain":0,"player_choice":"Ignored","damage_taken":0,"max_hp_gain":0,"max_hp_loss":0,"event_name":"Shining Light","floor":11,"gold_loss":0},{"damage_healed":0,"gold_gain":0,"player_choice":"Lose Max HP","damage_taken":0,"relics_obtained":["Golden Idol"],"max_hp_gain":0,"max_hp_loss":6,"event_name":"Golden Idol","floor":13,"gold_loss":0}],"is_beta":false,"boss_relics":[],"items_purged_floors":[],"is_endless":false,"potions_floor_spawned":[3,8],"killed_by":"The Guardian","ascension_level":17}