{"gold_per_floor":[112,126,139,139,157,186,186,112,137,137,155,155,155,155,155,256,256,267,113,125,141,152,183,183,210,283,283,283,293,293,308,308,308],"floor_reached":33,"playtime":1950,"items_purged":["Strike_R"],"score":344,"play_id":"1944352c-5add-433c-b865-045cd16a8171","local_time":"20181120183256","is_ascension_mode":true,"campfire_choices":[{"floor":10,"key":"REST"},{"data":"Bash","floor":13,"key":"SMITH"},{"data":"Twin Strike","floor":15,"key":"SMITH"},{"floor":24,"key":"REST"},{"data":"Entrench","floor":27,"key":"SMITH"},{"data":"Barricade","floor":30,"key":"SMITH"},{"data":"Shrug It Off","floor":32,"key":"SMITH"}],"neow_cost":"NONE","seed_source_timestamp":100337002497986,"circlet_count":0,"master_deck":["Strike_R","Strike_R","Strike_R","Defend_R","Defend_R","Defend_R","Defend_R","Bash+1","Battle Trance","Twin Strike+1","Warcry+1","Headbutt","Anger","Shockwave","Pummel","Barricade+1","Entrench+1","Metallicize","Pommel Strike+1","Shrug It Off+1","Whirlwind","True Grit+1","Armaments+1"],"relics":["Burning Blood","Omamori","Anchor","Potion Belt","Lantern","Lizard Tail","Vajra","Du-Vu Doll","Paper Frog"],"potions_floor_usage":[23,23,23,23,23,25],"damage_taken":[{"damage":2,"enemies":"2 Louse","floor":1,"turns":3},{"damage":6,"enemies":"Cultist","floor":2,"turns":3},{"damage":9,"enemies":"Jaw Worm","floor":3,"turns":3},{"damage":23,"enemies":"Lots of Slimes","floor":5,"turns":4},{"damage":40,"enemies":"3 Sentries","floor":6,"turns":8},{"damage":0,"enemies":"Large Slime","floor":11,"turns":4},{"damage":8,"enemies":"Slime Boss","floor":16,"turns":7},{"damage":9,"enemies":"2 Thieves","floor":18,"turns":4},{"damage":42,"enemies":"3 Byrds","floor":20,"turns":9},{"damage":11,"enemies":"Centurion and Healer","floor":21,"turns":6},{"damage":34,"enemies":"3 Cultists","floor":22,"turns":6},{"damage":3,"enemies":"Gremlin Leader","floor":23,"turns":7},{"damage":62,"enemies":"Book of Stabbing","floor":25,"turns":7},{"damage":3,"enemies":"Snake Plant","floor":29,"turns":3},{"damage":0,"enemies":"Centurion and Healer","floor":31,"turns":5},{"damage":81,"enemies":"Collector","floor":33,"turns":7}],"seed_played":"1988843101890266088","potions_obtained":[{"floor":2,"key":"FearPotion"},{"floor":3,"key":"Strength Potion"},{"floor":11,"key":"BloodPotion"},{"floor":16,"key":"Weak Potion"},{"floor":18,"key":"SteroidPotion"},{"floor":23,"key":"Energy Potion"}],"is_trial":false,"path_per_floor":["M","M","M","?","M","E","?","$","T","R","M","?","R","?","R","B",null,"M","$","M","M","M","E","R","E","T","R","?","M","R","M","R","B"],"character_chosen":"IRONCLAD","items_purchased":["Shockwave","Metallicize"],"campfire_rested":2,"item_purchase_floors":[8,19],"current_hp_per_floor":[80,80,77,77,60,26,26,26,26,50,56,56,56,56,56,54,80,77,77,41,36,8,19,43,32,32,32,58,61,61,67,67,0],"gold":308,"neow_bonus":"RANDOM_COMMON_RELIC","is_prod":false,"is_daily":false,"chose_seed":false,"campfire_upgraded":5,"win_rate":0,"timestamp":1542756776,"path_taken":["M","M","M","?","?","E","?","$","T","R","?","?","R","?","R","BOSS","M","$","M","M","M","E","R","E","T","R","?","M","R","M","R","BOSS"],"build_version":"2018-11-15","purchased_purges":1,"victory":false,"max_hp_per_floor":[80,80,80,80,80,80,80,80,80,80,80,80,80,80,80,80,80,80,80,80,80,80,80,80,80,80,80,80,80,80,80,80,80],"card_choices":[{"not_picked":["True Grit","Clash"],"picked":"Battle Trance","floor":1},{"not_picked":["Perfected Strike","True Grit"],"picked":"Twin Strike","floor":2},{"not_picked":["Sever Soul","Body Slam"],"picked":"Warcry","floor":3},{"not_picked":["Body Slam","Intimidate"],"picked":"Headbutt","floor":5},{"not_picked":["Bloodletting","Flex"],"picked":"Anger","floor":6},{"not_picked":["Warcry","Berserk"],"picked":"Pummel","floor":11},{"not_picked":["Reaper","Brutality"],"picked":"Barricade","floor":16},{"not_picked":["Whirlwind","Disarm+1"],"picked":"Entrench","floor":18},{"not_picked":["Perfected Strike","Heavy Blade"],"picked":"Pommel Strike+1","floor":20},{"not_picked":["Thunderclap","Fire Breathing","Clash"],"picked":"SKIP","floor":21},{"not_picked":["Iron Wave","Sword Boomerang"],"picked":"Shrug It Off","floor":22},{"not_picked":["Exhume","Clash+1","Perfected Strike"],"picked":"SKIP","floor":23},{"not_picked":["Thunderclap+1","Twin Strike"],"picked":"Whirlwind","floor":25},{"not_picked":["Uppercut","Twin Strike"],"picked":"True Grit+1","floor":29},{"not_picked":["Headbutt+1","Clash"],"picked":"Armaments+1","floor":31}],"player_experience":196578,"relics_obtained":[{"floor":6,"key":"Anchor"},{"floor":7,"key":"Potion Belt"},{"floor":9,"key":"Lantern"},{"floor":23,"key":"Vajra"},{"floor":25,"key":"Du-Vu Doll"},{"floor":26,"key":"Paper Frog"}],"event_choices":[{"cards_removed":["Strike_R"],"damage_healed":0,"gold_gain":0,"player_choice":"Purged","damage_taken":0,"max_hp_gain":0,"max_hp_loss":0,"event_name":"Purifier","floor":4,"gold_loss":0},{"damage_healed":0,"gold_gain":0,"player_choice":"Relic","damage_taken":0,"max_hp_gain":0,"max_hp_loss":0,"event_name":"Wheel of Change","floor":7,"gold_loss":0},{"damage_healed":0,"gold_gain":0,"player_choice":"Ignored","damage_taken":0,"max_hp_gain":0,"max_hp_loss":0,"event_name":"Golden Wing","floor":12,"gold_loss":0},{"damage_healed":0,"gold_gain":0,"player_choice":"Forge","damage_taken":0,"max_hp_gain":0,"max_hp_loss":0,"event_name":"Accursed Blacksmith","floor":14,"gold_loss":0,"cards_upgraded":["Warcry"]},{"damage_healed":26,"gold_gain":0,"player_choice":"Heal","damage_taken":0,"max_hp_gain":0,"max_hp_loss":0,"event_name":"The Library","floor":28,"gold_loss":0}],"is_beta":false,"boss_relics":[{"not_picked":["Runic Dome","Runic Pyramid"],"picked":"Lizard Tail"}],"items_purged_floors":[19],"is_endless":false,"potions_floor_spawned":[2,3,11,16,18,20,23,31],"killed_by":"Collector","ascension_level":4}