{"gold_per_floor":[112,122,122,138,156,191,208,208,208,236,249,266,284,284,284,385,385,401,418,333,333],"floor_reached":21,"playtime":2090,"items_purged":[],"score":215,"play_id":"73d5f9f1-7419-4e3d-95ac-48191fb124d7","local_time":"20190114005401","is_ascension_mode":true,"campfire_choices":[{"floor":8,"key":"REST"},{"floor":15,"key":"REST"}],"neow_cost":"NONE","seed_source_timestamp":195920212545033,"circlet_count":0,"master_deck":["Strike_B","Strike_B","Strike_B","Defend_B","Defend_B","Defend_B","Zap","Dualcast","BootSequence","Cold Snap","Biased Cognition","Static Discharge","Redo","Recycle","Buffer","Undo","Chaos","Ball Lightning","Tempest","Steam","Creative AI","Auto Shields","Conserve Battery"],"relics":["Empty Cage","Darkstone Periapt","Regal Pillow","Oddly Smooth Stone","Philosopher\u0027s Stone","Ornamental Fan"],"potions_floor_usage":[5,6,13,16],"damage_taken":[{"damage":6,"enemies":"2 Louse","floor":1,"turns":3},{"damage":1,"enemies":"Cultist","floor":2,"turns":4},{"damage":0,"enemies":"Small Slimes","floor":4,"turns":3},{"damage":7,"enemies":"3 Louse","floor":5,"turns":2},{"damage":3,"enemies":"Gremlin Nob","floor":6,"turns":5},{"damage":1,"enemies":"Blue Slaver","floor":7,"turns":4},{"damage":16,"enemies":"Lagavulin","floor":10,"turns":9},{"damage":14,"enemies":"Exordium Thugs","floor":11,"turns":5},{"damage":0,"enemies":"Large Slime","floor":12,"turns":6},{"damage":17,"enemies":"Lots of Slimes","floor":13,"turns":3},{"damage":35,"enemies":"Hexaghost","floor":16,"turns":11},{"damage":43,"enemies":"3 Byrds","floor":18,"turns":4},{"damage":27,"enemies":"Spheric Guardian","floor":19,"turns":6}],"seed_played":"6033579886685767426","potions_obtained":[{"floor":2,"key":"PowerPotion"},{"floor":4,"key":"Explosive Potion"},{"floor":11,"key":"Regen Potion"},{"floor":12,"key":"EssenceOfSteel"},{"floor":13,"key":"Fire Potion"}],"is_trial":false,"path_per_floor":["M","M","?","M","M","E","M","R","T","E","M","M","M","?","R","B",null,"M","M","?","?"],"character_chosen":"DEFECT","items_purchased":[],"campfire_rested":2,"item_purchase_floors":[],"current_hp_per_floor":[69,68,68,68,61,58,57,75,75,59,45,45,28,28,65,45,75,32,5,5,0],"gold":333,"neow_bonus":"BOSS_RELIC","is_prod":false,"is_daily":false,"chose_seed":false,"campfire_upgraded":0,"win_rate":0,"timestamp":1547420041,"path_taken":["M","M","?","?","M","E","M","R","T","E","M","M","M","?","R","BOSS","M","M","?","?"],"build_version":"2019-01-10","purchased_purges":0,"victory":false,"max_hp_per_floor":[75,75,75,75,75,75,75,75,75,75,75,75,75,75,75,75,75,75,75,75,75],"card_choices":[{"not_picked":["Turbo","Darkness"],"picked":"BootSequence","floor":1},{"not_picked":["Turbo","Darkness"],"picked":"Cold Snap","floor":2},{"not_picked":["Sweeping Beam","Ball Lightning"],"picked":"Redo","floor":4},{"not_picked":["Sweeping Beam","Go for the Eyes"],"picked":"Recycle","floor":5},{"not_picked":["FTL","Redo"],"picked":"Buffer","floor":6},{"not_picked":["Turbo","Scrape"],"picked":"Undo","floor":7},{"not_picked":["Capacitor","Cold Snap"],"picked":"Chaos","floor":10},{"not_picked":["Hologram","Beam Cell"],"picked":"Ball Lightning","floor":11},{"not_picked":["Compile Driver","Leap"],"picked":"Tempest","floor":12},{"not_picked":["Turbo","Rebound"],"picked":"Steam","floor":13},{"not_picked":["Meteor Strike","Biased Cognition"],"picked":"Creative AI","floor":16},{"not_picked":["Tempest","Doom and Gloom"],"picked":"Auto Shields","floor":18},{"not_picked":["Sunder","Streamline"],"picked":"Conserve Battery","floor":19}],"player_experience":227198,"relics_obtained":[{"floor":6,"key":"Darkstone Periapt"},{"floor":9,"key":"Regal Pillow"},{"floor":10,"key":"Oddly Smooth Stone"}],"event_choices":[{"damage_healed":0,"gold_gain":0,"player_choice":"2 cards matched","damage_taken":0,"max_hp_gain":0,"max_hp_loss":0,"event_name":"Match and Keep!","floor":3,"gold_loss":0,"cards_obtained":["Biased Cognition","Static Discharge"]},{"damage_healed":0,"gold_gain":0,"player_choice":"Ignored","damage_taken":0,"max_hp_gain":0,"max_hp_loss":0,"event_name":"Shining Light","floor":14,"gold_loss":0},{"damage_healed":0,"gold_gain":0,"player_choice":"Obtained Relic","damage_taken":0,"relics_obtained":["Ornamental Fan"],"max_hp_gain":0,"max_hp_loss":0,"event_name":"Addict","floor":20,"gold_loss":85}],"is_beta":false,"boss_relics":[{"not_picked":["Coffee Dripper","Tiny House"],"picked":"Philosopher\u0027s Stone"}],"items_purged_floors":[],"is_endless":false,"potions_floor_spawned":[2,4,11,12,13],"ascension_level":2}