{"gold_per_floor":[112,112,130,130,177,177,210,227,227,238,263,263,263,263,263,361,361,371,390,315,315,151,167,167,167],"floor_reached":25,"playtime":575,"items_purged":[],"score":259,"play_id":"845521f7-3dd0-4c61-9756-4d14d08e45ec","local_time":"20190511180342","is_ascension_mode":false,"campfire_choices":[{"data":"Dash","floor":6,"key":"SMITH"},{"floor":15,"key":"REST"},{"data":"Apotheosis","floor":24,"key":"SMITH"}],"neow_cost":"PERCENT_DAMAGE","seed_source_timestamp":13509405994600,"circlet_count":0,"master_deck":["Defend_G","Defend_G","Defend_G","Defend_G+1","Defend_G","Strike_G","Strike_G","Strike_G","Strike_G","Strike_G","Survivor","Neutralize","Poisoned Stab+1","Dash+1","Bouncing Flask+1","Bouncing Flask+1","Burst","All Out Attack","Apotheosis+1","Deadly Poison"],"relics":["Ring of the Snake","Mango","Regal Pillow","Torii","Shuriken","War Paint","Calling Bell","Strawberry","Mummified Hand","Turnip"],"potions_floor_usage":[8,25],"damage_taken":[{"damage":2,"enemies":"Small Slimes","floor":1,"turns":4},{"damage":0,"enemies":"Cultist","floor":3,"turns":4},{"damage":48,"enemies":"Gremlin Nob","floor":7,"turns":5},{"damage":0,"enemies":"2 Louse","floor":8,"turns":2},{"damage":1,"enemies":"Blue Slaver","floor":10,"turns":3},{"damage":0,"enemies":"Lagavulin","floor":11,"turns":5},{"damage":3,"enemies":"Hexaghost","floor":16,"turns":7},{"damage":6,"enemies":"Spheric Guardian","floor":18,"turns":2},{"damage":37,"enemies":"Shell Parasite","floor":19,"turns":5},{"damage":19,"enemies":"Snake Plant","floor":23,"turns":5},{"damage":36,"enemies":"Gremlin Leader","floor":25,"turns":2}],"seed_played":"7016721906910038756","potions_obtained":[{"floor":7,"key":"SkillPotion"},{"floor":16,"key":"Poison Potion"},{"floor":19,"key":"SkillPotion"}],"is_trial":false,"path_per_floor":["M","?","M","$","T","R","E","M","T","M","E","$","?","?","R","B",null,"M","M","?","?","$","M","R","E"],"character_chosen":"THE_SILENT","items_purchased":["Apotheosis"],"campfire_rested":1,"item_purchase_floors":[22],"current_hp_per_floor":[61,61,61,61,61,61,13,13,13,12,12,12,12,5,45,42,91,85,48,48,48,48,29,29,0],"gold":167,"neow_bonus":"ONE_RARE_RELIC","is_prod":false,"is_daily":false,"chose_seed":false,"campfire_upgraded":2,"win_rate":0,"timestamp":1557587022,"path_taken":["M","?","?","$","?","R","E","M","T","?","E","$","?","?","R","BOSS","M","M","?","?","$","M","R","E"],"build_version":"2019-01-23","purchased_purges":0,"victory":false,"max_hp_per_floor":[84,84,84,84,84,84,84,84,84,84,84,84,84,84,84,84,91,91,91,91,91,91,91,91,91],"card_choices":[{"not_picked":["Underhanded Strike","Dagger Throw"],"picked":"Poisoned Stab","floor":1},{"not_picked":["Acrobatics","Cloak And Dagger"],"picked":"Dash","floor":3},{"not_picked":["Flying Knee","Dodge and Roll","Dagger Throw"],"picked":"SKIP","floor":7},{"not_picked":["Slice","Tools of the Trade"],"picked":"Bouncing Flask","floor":8},{"not_picked":["Prepared","Riddle With Holes","Deflect"],"picked":"SKIP","floor":10},{"not_picked":["Venomology","Underhanded Strike"],"picked":"Bouncing Flask","floor":11},{"not_picked":["After Image","Glass Knife"],"picked":"Burst","floor":16},{"not_picked":["Dodge and Roll","Bane","Terror+1"],"picked":"SKIP","floor":18},{"not_picked":["Flechettes","Choke"],"picked":"All Out Attack","floor":19},{"not_picked":["Acrobatics","Prepared"],"picked":"Deadly Poison","floor":23}],"player_experience":310388,"relics_obtained":[{"floor":5,"key":"Regal Pillow"},{"floor":7,"key":"Torii"},{"floor":9,"key":"Shuriken"},{"floor":11,"key":"War Paint"},{"floor":17,"key":"Strawberry"},{"floor":17,"key":"Mummified Hand"},{"floor":17,"key":"Turnip"}],"event_choices":[{"damage_healed":0,"gold_gain":0,"player_choice":"Upgraded","damage_taken":0,"max_hp_gain":0,"max_hp_loss":0,"event_name":"Upgrade Shrine","floor":2,"gold_loss":0,"cards_upgraded":["Poisoned Stab"]},{"damage_healed":0,"gold_gain":0,"player_choice":"Grow","damage_taken":0,"max_hp_gain":0,"max_hp_loss":0,"event_name":"Living Wall","floor":13,"gold_loss":0,"cards_upgraded":["Bouncing Flask"]},{"damage_healed":0,"gold_gain":0,"player_choice":"Fled","damage_taken":7,"max_hp_gain":0,"max_hp_loss":0,"event_name":"Scrap Ooze","floor":14,"gold_loss":0},{"cards_removed":["Decay"],"damage_healed":0,"gold_gain":0,"player_choice":"Gave Gold","damage_taken":0,"max_hp_gain":0,"max_hp_loss":0,"event_name":"Beggar","floor":20,"gold_loss":75},{"cards_removed":["Decay","Regret"],"damage_healed":0,"gold_gain":0,"player_choice":"Removed Curses","damage_taken":0,"max_hp_gain":0,"max_hp_loss":0,"event_name":"Fountain of Cleansing","floor":21,"gold_loss":0}],"is_beta":false,"boss_relics":[{"not_picked":["HoveringKite","Tiny House"],"picked":"Calling Bell"}],"items_purged_floors":[],"is_endless":false,"potions_floor_spawned":[7,16,19],"killed_by":"Gremlin Leader","ascension_level":0}