{"gold_per_floor":[164,174,192,192,25,25,25,36,36,36,55,55,81,97,97,168,168,138,138,4,4,17,17,17,28,55,55,83,101,121,131,131,131],"floor_reached":33,"playtime":2593,"items_purged":["Strike_R"],"score":523,"play_id":"91158c48-c055-4c90-b352-773cb1d98562","local_time":"20190208143651","is_ascension_mode":true,"campfire_choices":[{"data":"Metallicize","floor":6,"key":"SMITH"},{"floor":12,"key":"REST"},{"floor":15,"key":"REST"},{"floor":23,"key":"REST"},{"floor":32,"key":"REST"}],"neow_cost":"NONE","seed_source_timestamp":137942830540671,"circlet_count":0,"master_deck":["AscendersBane","Defend_R","Defend_R","Defend_R","Defend_R","Bash+1","Headbutt","Ghostly Armor","Metallicize+1","Inflame+1","Warcry","Inflame","Sword Boomerang+1","Spot Weakness","Reaper+1","Fire Breathing","Shrug It Off","Bite+1","Bite+1","Bite+1","Bite+1","Bite+1","Warcry","Sword Boomerang+1"],"relics":["Tiny House","PreservedInsect","Matryoshka","Molten Egg 2","Busted Crown","Enchiridion","Pantograph","Centennial Puzzle","Strawberry"],"potions_floor_usage":[3,13,14,18,30,33],"damage_taken":[{"damage":6,"enemies":"2 Louse","floor":1,"turns":2},{"damage":0,"enemies":"Cultist","floor":2,"turns":3},{"damage":2,"enemies":"Jaw Worm","floor":3,"turns":6},{"damage":21,"enemies":"Gremlin Gang","floor":8,"turns":7},{"damage":8,"enemies":"Exordium Wildlife","floor":11,"turns":4},{"damage":16,"enemies":"Gremlin Nob","floor":13,"turns":4},{"damage":6,"enemies":"2 Fungi Beasts","floor":14,"turns":3},{"damage":40,"enemies":"Slime Boss","floor":16,"turns":10},{"damage":29,"enemies":"2 Thieves","floor":18,"turns":4},{"damage":42,"enemies":"3 Byrds","floor":22,"turns":5},{"damage":39,"enemies":"Shelled Parasite and Fungi","floor":25,"turns":3},{"damage":30,"enemies":"Book of Stabbing","floor":28,"turns":5},{"damage":4,"enemies":"Centurion and Healer","floor":29,"turns":5},{"damage":44,"enemies":"Cultist and Chosen","floor":30,"turns":7},{"damage":43,"enemies":"3 Cultists","floor":31,"turns":6},{"damage":119,"enemies":"Collector","floor":33,"turns":7}],"seed_played":"1396871992648612761","potions_obtained":[{"floor":0,"key":"Regen Potion"},{"floor":1,"key":"Swift Potion"},{"floor":11,"key":"EssenceOfSteel"},{"floor":13,"key":"SkillPotion"},{"floor":16,"key":"Explosive Potion"},{"floor":28,"key":"SneckoOil"},{"floor":31,"key":"LiquidBronze"}],"is_trial":false,"path_per_floor":["M","M","M","?","$","R","$","M","T","?","M","R","E","M","R","B",null,"M","?","$","?","M","R","?","M","T","?","E","M","M","M","R","B"],"character_chosen":"IRONCLAD","items_purchased":["PreservedInsect","Shrug It Off"],"campfire_rested":4,"item_purchase_floors":[5,20],"current_hp_per_floor":[67,67,80,80,80,80,80,59,59,59,51,75,59,53,77,37,69,56,35,35,35,28,44,44,39,39,39,34,61,39,33,51,0],"gold":131,"neow_bonus":"BOSS_RELIC","is_prod":false,"is_daily":false,"chose_seed":false,"campfire_upgraded":1,"win_rate":0,"timestamp":1549629411,"path_taken":["M","M","M","?","$","R","?","?","T","?","M","R","E","?","R","BOSS","M","?","$","?","M","R","?","M","T","?","E","?","M","M","R","BOSS"],"build_version":"2019-01-23","purchased_purges":1,"victory":false,"max_hp_per_floor":[80,80,80,80,80,80,80,80,80,80,80,80,80,80,80,80,80,80,80,80,56,56,56,56,56,56,56,63,63,63,63,63,63],"card_choices":[{"not_picked":["Corruption","Pommel Strike"],"picked":"Headbutt","floor":0},{"not_picked":["Second Wind","Evolve"],"picked":"Ghostly Armor","floor":1},{"not_picked":["Burning Pact","Combust"],"picked":"Metallicize","floor":2},{"not_picked":["Armaments","Headbutt"],"picked":"Inflame","floor":3},{"not_picked":["Headbutt","Evolve"],"picked":"Warcry","floor":8},{"not_picked":["Combust","Shrug It Off"],"picked":"Inflame","floor":11},{"not_picked":["Bludgeon","Combust"],"picked":"Sword Boomerang","floor":13},{"not_picked":["Battle Trance","Body Slam+1"],"picked":"Spot Weakness","floor":14},{"not_picked":["Offering","Limit Break"],"picked":"Reaper+1","floor":16},{"not_picked":[],"picked":"Fire Breathing","floor":18},{"not_picked":[],"picked":"Warcry","floor":22},{"not_picked":["Anger+1"],"picked":"SKIP","floor":25},{"not_picked":["Armaments"],"picked":"SKIP","floor":28},{"not_picked":["Pommel Strike+1"],"picked":"SKIP","floor":29},{"not_picked":["Armaments"],"picked":"SKIP","floor":30},{"not_picked":[],"picked":"Sword Boomerang+1","floor":31}],"player_experience":569256,"relics_obtained":[{"floor":9,"key":"Matryoshka"},{"floor":13,"key":"Molten Egg 2"},{"floor":19,"key":"Enchiridion"},{"floor":26,"key":"Pantograph"},{"floor":26,"key":"Centennial Puzzle"},{"floor":28,"key":"Strawberry"}],"event_choices":[{"damage_healed":0,"gold_gain":0,"player_choice":"Forge","damage_taken":0,"max_hp_gain":0,"max_hp_loss":0,"event_name":"Accursed Blacksmith","floor":4,"gold_loss":0,"cards_upgraded":["Inflame"]},{"damage_healed":0,"gold_gain":0,"player_choice":"0 cards matched","damage_taken":0,"max_hp_gain":0,"max_hp_loss":0,"event_name":"Match and Keep!","floor":10,"gold_loss":0,"cards_obtained":[]},{"damage_healed":0,"gold_gain":0,"player_choice":"Obtained Book","damage_taken":21,"max_hp_gain":0,"max_hp_loss":0,"event_name":"Cursed Tome","floor":19,"gold_loss":0},{"damage_healed":0,"gold_gain":0,"player_choice":"Became a vampire","damage_taken":0,"max_hp_gain":0,"max_hp_loss":24,"event_name":"Vampires","floor":21,"gold_loss":0,"cards_obtained":["Bite","Bite","Bite","Bite","Bite"]},{"damage_healed":0,"gold_gain":0,"player_choice":"Ignored","damage_taken":0,"max_hp_gain":0,"max_hp_loss":0,"event_name":"Beggar","floor":27,"gold_loss":0}],"is_beta":false,"boss_relics":[{"not_picked":["Empty Cage","Runic Dome"],"picked":"Busted Crown"}],"items_purged_floors":[20],"is_endless":false,"potions_floor_spawned":[1,11,13,16,28,29,31],"killed_by":"Collector","ascension_level":17}