{"gold_per_floor":[114,114,114,134,134,158,158,194,194,36,36,61,75,93,93,219,219,242,258,258,283,319,331,364,392,404,431,443],"floor_reached":28,"playtime":5121,"items_purged":["Injury"],"score":224,"play_id":"96f36bc4-61e7-49bc-8d22-f8382b37cb59","local_time":"20190101205652","is_ascension_mode":false,"campfire_choices":[{"floor":7.0,"key":"REST"},{"floor":11,"key":"REST"},{"floor":15,"key":"REST"},{"floor":23,"key":"REST"}],"neow_cost":"","seed_source_timestamp":0,"circlet_count":0,"master_deck":["Strike_R+1","Strike_R","Strike_R+1","Strike_R","Strike_R","Defend_R","Defend_R","Defend_R","Defend_R","Bash","Cleave","Pummel","Seeing Red","Combust","Anger","Clothesline","Battle Trance","Demon Form","Cleave+1","Necronomicurse","Rage","Rampage","Infernal Blade+1"],"special_seed":0,"relics":["Burning Blood","Shuriken","Golden Idol","Dodecahedron","Pen Nib","Lizard Tail","Necronomicon","MawBank","Pear"],"potions_floor_usage":[14,16,19,19,22,28],"damage_taken":[{"damage":6.0,"enemies":"Jaw Worm","floor":1.0,"turns":3.0},{"damage":1.0,"enemies":"2 Louse","floor":4.0,"turns":2.0},{"damage":0.0,"enemies":"Small Slimes","floor":6.0,"turns":3.0},{"damage":44.0,"enemies":"3 Sentries","floor":8.0,"turns":9.0},{"damage":14,"enemies":"3 Louse","floor":12,"turns":2},{"damage":7,"enemies":"Looter","floor":13,"turns":2},{"damage":15,"enemies":"Exordium Thugs","floor":14,"turns":4},{"damage":52,"enemies":"The Guardian","floor":16,"turns":9},{"damage":27,"enemies":"3 Byrds","floor":18,"turns":5},{"damage":40,"enemies":"Shell Parasite","floor":19,"turns":6},{"damage":28,"enemies":"Centurion and Healer","floor":22,"turns":5},{"damage":21,"enemies":"Snecko","floor":24,"turns":4},{"damage":20,"enemies":"Snake Plant","floor":25,"turns":4},{"damage":25,"enemies":"Centurion and Healer","floor":27,"turns":5},{"damage":26,"enemies":"Cultist and Chosen","floor":28,"turns":5}],"seed_played":"2266149337801615466","potions_obtained":[{"floor":4.0,"key":"FearPotion"},{"floor":6.0,"key":"SpeedPotion"},{"floor":8,"key":"AttackPotion"},{"floor":12,"key":"EssenceOfSteel"},{"floor":14,"key":"LiquidBronze"},{"floor":19,"key":"GamblersBrew"},{"floor":25,"key":"Energy Potion"}],"is_trial":false,"path_per_floor":["M","?","?","M","?","M","R","E","E","T","$","R","M","M","M","R","B",null,"M","M","?","T","M","R","M","M","T","M","M"],"character_chosen":"IRONCLAD","items_purchased":["Combust","Anger"],"campfire_rested":4,"item_purchase_floors":[10,10],"current_hp_per_floor":[80,62,62,67,51,57,80,42,42,42,66,58,57,48,72,26,80,59,25,9,9,36,60,45,31,41,22,0],"gold":443,"neow_bonus":"","is_prod":false,"is_daily":false,"chose_seed":false,"campfire_upgraded":0,"win_rate":0.0,"timestamp":1546369012,"path_taken":["M","?","?","M","?","M","R","E","T","$","R","M","M","M","R","BOSS","M","M","?","?","M","R","M","M","T","M","M"],"build_version":"2018-12-20","purchased_purges":1,"victory":false,"max_hp_per_floor":[80,80,80,80,80,80,80,80,80,80,80,80,80,80,80,80,80,80,80,80,80,80,80,80,80,90,90,90],"card_choices":[{"not_picked":["Rupture","Reckless Charge"],"picked":"Cleave","floor":1.0},{"not_picked":["Anger","Feel No Pain"],"picked":"Pummel","floor":4.0},{"not_picked":["True Grit","Body Slam","Perfected Strike"],"picked":"SKIP","floor":6.0},{"not_picked":["Second Wind","Feel No Pain"],"picked":"Seeing Red","floor":8},{"not_picked":["True Grit","Seeing Red"],"picked":"Clothesline","floor":12},{"not_picked":["Feel No Pain","Body Slam","Flex"],"picked":"SKIP","floor":13},{"not_picked":["Ghostly Armor","Pommel Strike"],"picked":"Battle Trance","floor":14},{"not_picked":["Reaper","Impervious"],"picked":"Demon Form","floor":16},{"not_picked":["Flex","Anger"],"picked":"Cleave+1","floor":18},{"not_picked":["Armaments","Cleave+1","Clash"],"picked":"SKIP","floor":19},{"not_picked":["Flex","Sword Boomerang","Armaments"],"picked":"SKIP","floor":22},{"not_picked":["Flex","Ghostly Armor"],"picked":"Rage","floor":24},{"not_picked":["Metallicize","Dark Embrace"],"picked":"Rampage","floor":25},{"not_picked":["Flex+1","True Grit"],"picked":"Infernal Blade+1","floor":27}],"player_experience":0,"relics_obtained":[{"floor":8,"key":"Dodecahedron"},{"floor":9,"key":"Pen Nib"},{"floor":20,"key":"Necronomicon"},{"floor":21,"key":"MawBank"},{"floor":26,"key":"Pear"}],"event_choices":[{"damage_healed":0.0,"max_hp_gain":0.0,"max_hp_loss":0.0,"gold_gain":0.0,"event_name":"Scrap Ooze","player_choice":"Success","floor":2.0,"gold_loss":0.0,"damage_taken":18.0,"relics_obtained":["Shuriken"]},{"damage_healed":0.0,"max_hp_gain":0.0,"max_hp_loss":0.0,"gold_gain":0.0,"event_name":"Golden Idol","player_choice":"Take Wound","floor":3.0,"gold_loss":0.0,"damage_taken":0.0,"relics_obtained":["Golden Idol"],"cards_obtained":["Injury"]},{"damage_healed":0.0,"max_hp_gain":0.0,"max_hp_loss":0.0,"gold_gain":0.0,"event_name":"Shining Light","player_choice":"Entered Light","floor":5.0,"gold_loss":0.0,"damage_taken":16.0,"cards_upgraded":["Strike_R","Strike_R"]},{"damage_healed":0,"gold_gain":0,"player_choice":"Obtained Book","damage_taken":16,"max_hp_gain":0,"max_hp_loss":0,"event_name":"Cursed Tome","floor":20,"gold_loss":0}],"is_beta":false,"boss_relics":[{"not_picked":["Calling Bell","Black Star"],"picked":"Lizard Tail"}],"items_purged_floors":[10],"is_endless":false,"potions_floor_spawned":[4,6,8,12,14,19,25],"killed_by":"Cultist and Chosen","ascension_level":0}