{"gold_per_floor":[15,15,29,29,39,70,70,70,95,95,108,108,133,147,147,243,243,262,262,248,248],"floor_reached":21,"playtime":5482,"items_purged":[],"score":265,"play_id":"10880213-81bc-471b-b8e9-5ad692fbbfc1","local_time":"20190218213520","is_ascension_mode":true,"campfire_choices":[{"floor":7.0,"key":"REST"},{"data":"Defend_B","floor":12.0,"key":"SMITH"},{"data":"Genetic Algorithm","floor":15.0,"key":"SMITH"}],"neow_cost":"NO_GOLD","seed_source_timestamp":341037832594629,"circlet_count":0,"master_deck":["Zap","Scrape","Cold Snap","FTL","Self Repair+1","FTL+1","Double Energy","Leap","Genetic Algorithm+1","Go for the Eyes","Creative AI","Sweeping Beam","Cold Snap","Ball Lightning","Reprogram","Darkness","Stack+1","Go for the Eyes+1"],"special_seed":0,"relics":["Cracked Core","Whetstone","Dream Catcher","Lantern","Pandora\u0027s Box"],"potions_floor_usage":[],"damage_taken":[{"damage":8.0,"enemies":"2 Louse","floor":1.0,"turns":3.0},{"damage":0.0,"enemies":"Small Slimes","floor":3.0,"turns":3.0},{"damage":5.0,"enemies":"Jaw Worm","floor":5.0,"turns":3.0},{"damage":27.0,"enemies":"Lagavulin","floor":6.0,"turns":6.0},{"damage":7.0,"enemies":"3 Louse","floor":11.0,"turns":4.0},{"damage":6.0,"enemies":"3 Sentries","floor":13.0,"turns":8.0},{"damage":0.0,"enemies":"Large Slime","floor":14.0,"turns":4.0},{"damage":40.0,"enemies":"Hexaghost","floor":16.0,"turns":12.0},{"damage":14,"enemies":"Shell Parasite","floor":18,"turns":5},{"damage":31,"enemies":"2 Thieves","floor":20,"turns":4},{"damage":37,"enemies":"Cultist and Chosen","floor":21,"turns":4}],"seed_played":"-7250980433028736459","potions_obtained":[{"floor":6.0,"key":"Block Potion"},{"floor":16.0,"key":"Fire Potion"}],"is_trial":false,"path_per_floor":["M","?","M","?","M","E","R","$","T","?","M","R","E","M","R","B",null,"M","?","M","M"],"character_chosen":"DEFECT","items_purchased":[],"campfire_rested":1,"item_purchase_floors":[],"current_hp_per_floor":[60,60,60,53,55,35,57,57,57,57,60,60,64,74,74,44,67,53,53,32,0],"gold":248,"neow_bonus":"TRANSFORM_TWO_CARDS","is_prod":false,"is_daily":false,"chose_seed":false,"campfire_upgraded":2,"win_rate":0,"timestamp":1550518520,"path_taken":["M","?","M","?","M","E","R","$","T","?","M","R","E","M","R","BOSS","M","?","M","M"],"build_version":"2019-01-23","purchased_purges":0,"victory":false,"max_hp_per_floor":[75,75,75,75,75,75,75,75,75,75,75,75,75,75,75,75,75,75,75,75,75],"card_choices":[{"not_picked":["Conserve Battery","Compile Driver"],"picked":"FTL","floor":1.0},{"not_picked":["Rebound","Compile Driver"],"picked":"Self Repair","floor":3.0},{"not_picked":["Conserve Battery","Compile Driver"],"picked":"FTL","floor":5.0},{"not_picked":["Sweeping Beam","Blizzard"],"picked":"Double Energy","floor":6.0},{"not_picked":["Compile Driver","Force Field"],"picked":"Leap","floor":11.0},{"not_picked":["Rebound","Hologram"],"picked":"Genetic Algorithm","floor":13.0},{"not_picked":["Barrage","Hologram"],"picked":"Go for the Eyes","floor":14.0},{"not_picked":["Electrodynamics","Multi-Cast"],"picked":"Creative AI","floor":16.0},{"not_picked":["Turbo","Barrage+1"],"picked":"Stack+1","floor":18},{"not_picked":["Hologram+1","Turbo"],"picked":"Go for the Eyes+1","floor":20}],"player_experience":638188,"relics_obtained":[{"floor":6.0,"key":"Whetstone"},{"floor":9.0,"key":"Dream Catcher"},{"floor":13.0,"key":"Lantern"}],"event_choices":[{"damage_healed":0.0,"max_hp_gain":0.0,"max_hp_loss":0.0,"gold_gain":0.0,"event_name":"The Cleric","player_choice":"Leave","floor":2.0,"gold_loss":0.0,"damage_taken":0.0},{"cards_removed":["Strike_B"],"damage_healed":0.0,"max_hp_gain":0.0,"max_hp_loss":0.0,"gold_gain":0.0,"event_name":"Golden Wing","player_choice":"Card Removal","floor":4.0,"gold_loss":0.0,"damage_taken":7.0},{"damage_healed":0.0,"max_hp_gain":0.0,"max_hp_loss":0.0,"gold_gain":0.0,"event_name":"Living Wall","player_choice":"Grow","floor":10.0,"gold_loss":0.0,"damage_taken":0.0,"cards_upgraded":["Self Repair"]},{"cards_removed":["Force Field"],"damage_healed":0,"gold_gain":0,"player_choice":"Elegance","damage_taken":0,"max_hp_gain":0,"max_hp_loss":0,"event_name":"Back to Basics","floor":19,"gold_loss":0}],"is_beta":false,"boss_relics":[{"not_picked":["Lizard Tail","FrozenCore"],"picked":"Pandora\u0027s Box"}],"items_purged_floors":[],"is_endless":false,"potions_floor_spawned":[6,16],"killed_by":"Cultist and Chosen","ascension_level":8}