{"gold_per_floor":[114,39,39,39,58,58,69,69,69,69,98,98,108,126,126,222,222,238,253,74,93,93,105,121,152,152],"floor_reached":26,"playtime":1037,"items_purged":["Strike_G","Strike_G"],"score":255,"play_id":"6b451892-63c4-4575-8538-6425b79b91e0","local_time":"20190413232134","is_ascension_mode":false,"campfire_choices":[{"data":"Neutralize","floor":6,"key":"SMITH"},{"data":"Dash","floor":8,"key":"SMITH"},{"data":"Poisoned Stab","floor":10,"key":"SMITH"},{"data":"Slice","floor":12,"key":"SMITH"},{"data":"Crippling Poison","floor":15,"key":"SMITH"}],"neow_cost":"NONE","seed_source_timestamp":280910992422115,"circlet_count":0,"master_deck":["Defend_G","Defend_G","Defend_G","Defend_G","Defend_G","Strike_G+1","Survivor+1","Neutralize+1","Poisoned Stab+1","Slice+1","Dash+1","Crippling Poison+1","Deadly Poison","Corpse Explosion","Die Die Die","Escape Plan","Dodge and Roll+1","Deflect","Catalyst","Concentrate+1","Deflect"],"relics":["Runic Pyramid","Dream Catcher"],"potions_floor_usage":[11,25,25],"damage_taken":[{"damage":2,"enemies":"2 Louse","floor":1,"turns":3},{"damage":0,"enemies":"Cultist","floor":5,"turns":3},{"damage":0,"enemies":"Jaw Worm","floor":7,"turns":3},{"damage":6,"enemies":"Lagavulin","floor":11,"turns":6},{"damage":0,"enemies":"Gremlin Gang","floor":13,"turns":4},{"damage":8,"enemies":"Lots of Slimes","floor":14,"turns":3},{"damage":2,"enemies":"The Guardian","floor":16,"turns":10},{"damage":18,"enemies":"2 Thieves","floor":18,"turns":3},{"damage":0,"enemies":"3 Byrds","floor":19,"turns":3},{"damage":16,"enemies":"Snake Plant","floor":21,"turns":6},{"damage":0,"enemies":"Chosen and Byrds","floor":23,"turns":5},{"damage":0,"enemies":"3 Cultists","floor":24,"turns":3},{"damage":6,"enemies":"Gremlin Leader","floor":25,"turns":9}],"seed_played":"-6419234038236980966","potions_obtained":[{"floor":5,"key":"Regen Potion"},{"floor":14,"key":"GhostInAJar"},{"floor":16,"key":"GhostInAJar"},{"floor":21,"key":"Fire Potion"}],"is_trial":false,"path_per_floor":["M","$","?","?","M","R","M","R","T","R","E","R","M","M","R","B",null,"M","M","$","M","?","M","M","E","T"],"character_chosen":"THE_SILENT","items_purchased":["Escape Plan"],"campfire_rested":0,"item_purchase_floors":[20],"current_hp_per_floor":[68,68,54,54,54,54,54,54,54,54,63,63,63,55,55,53,70,52,52,52,36,36,36,36,30,30],"gold":152,"neow_bonus":"BOSS_RELIC","is_prod":false,"is_daily":false,"chose_seed":false,"campfire_upgraded":5,"win_rate":0,"timestamp":1555212094,"path_taken":["M","$","?","?","M","R","M","R","T","R","E","R","M","M","R","BOSS","M","M","$","M","?","M","M","E","T"],"build_version":"2019-01-23","purchased_purges":2,"victory":false,"max_hp_per_floor":[70,70,70,70,70,70,70,70,70,70,70,70,70,70,70,70,70,70,70,70,70,70,70,70,70,70],"card_choices":[{"not_picked":["Sucker Punch","Setup"],"picked":"Poisoned Stab","floor":1},{"not_picked":["Poisoned Stab","Dodge and Roll"],"picked":"Slice","floor":5},{"not_picked":["Infinite Blades","Dagger Spray"],"picked":"Dash","floor":7},{"not_picked":["Slice","Dagger Throw","Poisoned Stab"],"picked":"SKIP","floor":11},{"not_picked":["Outmaneuver","Dagger Spray"],"picked":"Crippling Poison","floor":13},{"not_picked":["Slice","Expertise"],"picked":"Deadly Poison","floor":14},{"not_picked":["A Thousand Cuts","Storm of Steel"],"picked":"Corpse Explosion","floor":16},{"not_picked":["Sucker Punch","Dagger Throw+1","Prepared"],"picked":"SKIP","floor":18},{"not_picked":["Cloak And Dagger","Dodge and Roll"],"picked":"Die Die Die","floor":19},{"not_picked":["Masterful Stab","Prepared+1"],"picked":"Dodge and Roll+1","floor":21},{"not_picked":["Heel Hook","Sucker Punch"],"picked":"Concentrate+1","floor":23},{"not_picked":["Bouncing Flask","Dagger Spray","Infinite Blades"],"picked":"SKIP","floor":24},{"not_picked":["Backflip","Blade Dance"],"picked":"Deflect","floor":25}],"player_experience":565703,"relics_obtained":[{"floor":25,"key":"Dream Catcher"}],"event_choices":[{"damage_healed":0,"gold_gain":0,"player_choice":"Entered Light","damage_taken":14,"max_hp_gain":0,"max_hp_loss":0,"event_name":"Shining Light","floor":3,"gold_loss":0,"cards_upgraded":["Survivor","Strike_G"]},{"damage_healed":0,"gold_gain":0,"player_choice":"Ignored","damage_taken":0,"max_hp_gain":0,"max_hp_loss":0,"event_name":"WeMeetAgain","floor":4,"gold_loss":0},{"damage_healed":0,"gold_gain":0,"cards_transformed":["Strike_G","Strike_G"],"player_choice":"Became Test Subject","damage_taken":0,"max_hp_gain":0,"max_hp_loss":0,"event_name":"Drug Dealer","floor":22,"gold_loss":0,"cards_obtained":["Deflect","Catalyst"]}],"is_beta":false,"boss_relics":[{"not_picked":["Fusion Hammer","Astrolabe","Coffee Dripper"]}],"items_purged_floors":[2,20],"is_endless":false,"potions_floor_spawned":[5,14,16,21,24],"ascension_level":0}