{"gold_per_floor":[112,132,149,149,7,7,32,32,32,59,19],"floor_reached":11,"playtime":458,"items_purged":[],"score":162,"play_id":"8f7ff7f7-36f4-4cd2-b549-4b54934abf35","local_time":"20190406191544","is_ascension_mode":true,"campfire_choices":[{"data":"Bash","floor":6,"key":"SMITH"},{"floor":8,"key":"REST"}],"neow_cost":"NONE","seed_source_timestamp":88789111272296,"circlet_count":0,"master_deck":["AscendersBane","Strike_R","Strike_R","Strike_R","Strike_R","Strike_R","Defend_R","Defend_R","Defend_R","Defend_R","Bash+1","Battle Trance","Battle Trance","Shrug It Off","Pummel","Clothesline+1"],"relics":["Burning Blood","Singing Bowl","Self Forming Clay","Molten Egg 2","Boot"],"potions_floor_usage":[10],"damage_taken":[{"damage":7,"enemies":"Jaw Worm","floor":1,"turns":3},{"damage":7,"enemies":"Small Slimes","floor":2,"turns":5},{"damage":2,"enemies":"Cultist","floor":3,"turns":4},{"damage":56,"enemies":"Gremlin Nob","floor":7,"turns":5},{"damage":32,"enemies":"3 Sentries","floor":10,"turns":14},{"damage":18,"enemies":"Exordium Thugs","floor":11,"turns":2}],"seed_played":"-7745035047070525642","potions_obtained":[{"floor":1,"key":"EssenceOfSteel"},{"floor":2,"key":"Ancient Potion"}],"is_trial":false,"path_per_floor":["M","M","M","?","$","R","E","R","T","E","M"],"character_chosen":"IRONCLAD","items_purchased":["Shrug It Off","Pummel"],"campfire_rested":1,"item_purchase_floors":[5,5],"current_hp_per_floor":[74,73,77,66,66,66,18,43,43,17,0],"gold":19,"neow_bonus":"TEN_PERCENT_HP_BONUS","is_prod":false,"is_daily":false,"chose_seed":false,"campfire_upgraded":1,"win_rate":0,"timestamp":1554592544,"path_taken":["M","M","M","?","$","R","E","R","T","E","M"],"build_version":"2019-01-23","purchased_purges":0,"victory":false,"max_hp_per_floor":[82,82,82,82,82,82,84,84,84,84,84],"card_choices":[{"not_picked":["Bloodletting","Flex"],"picked":"Battle Trance","floor":1},{"not_picked":["Thunderclap","Dual Wield"],"picked":"Battle Trance","floor":2},{"not_picked":["Warcry","Thunderclap","Dual Wield"],"picked":"SKIP","floor":3},{"not_picked":["Warcry","Thunderclap","Dual Wield"],"picked":"SKIP","floor":3},{"not_picked":["True Grit","Berserk","Pummel"],"picked":"Singing Bowl","floor":7},{"not_picked":["Iron Wave+1","Flex"],"picked":"Clothesline+1","floor":10}],"player_experience":541569,"relics_obtained":[{"floor":7,"key":"Self Forming Clay"},{"floor":9,"key":"Molten Egg 2"},{"floor":10,"key":"Boot"}],"event_choices":[{"damage_healed":0,"gold_gain":0,"player_choice":"Success","damage_taken":11,"relics_obtained":["Singing Bowl"],"max_hp_gain":0,"max_hp_loss":0,"event_name":"Scrap Ooze","floor":4,"gold_loss":0}],"is_beta":false,"boss_relics":[],"items_purged_floors":[],"is_endless":false,"potions_floor_spawned":[1,2,3],"killed_by":"Exordium Thugs","ascension_level":20}