{"gold_per_floor":[116,116,85,100,110,135,135,36,36,46,60,74,4,31,31,133,133,147,147,159,6,24,49,49,83,83,83],"floor_reached":27,"playtime":2464,"items_purged":[],"score":276,"play_id":"55ced3a9-e615-4c6f-b6af-e6f549e778a8","local_time":"20190109125802","is_ascension_mode":true,"campfire_choices":[{"floor":7.0,"key":"REST"},{"floor":15.0,"key":"REST"},{"floor":24,"key":"REST"}],"neow_cost":"NONE","seed_source_timestamp":33970058266614,"circlet_count":0,"master_deck":["Defend_G","Defend_G","Defend_G","Defend_G","Defend_G","Strike_G","Strike_G","Strike_G","Strike_G","Strike_G","Survivor","Neutralize","Dagger Spray","Regret","Infinite Blades","Slice","Blade Dance+1","Crippling Poison","Poisoned Stab","Dagger Spray","Poisoned Stab","Blur+1","Accuracy","Outmaneuver","Corpse Explosion","Cloak And Dagger+1","Flying Knee","Accuracy","Backstab","Slice","Accuracy","Quick Slash+1"],"special_seed":0,"relics":["Ring of the Snake","NeowsBlessing","Shuriken","PreservedInsect","Kunai","War Paint","Busted Crown","Potion Belt","Meat on the Bone","Pantograph"],"potions_floor_usage":[22,22,25],"damage_taken":[{"damage":0.0,"enemies":"Jaw Worm","floor":1.0,"turns":1.0},{"damage":0.0,"enemies":"Small Slimes","floor":4.0,"turns":1.0},{"damage":0.0,"enemies":"Cultist","floor":5.0,"turns":1.0},{"damage":17.0,"enemies":"3 Sentries","floor":6.0,"turns":7.0},{"damage":3.0,"enemies":"Lots of Slimes","floor":10.0,"turns":2.0},{"damage":9.0,"enemies":"Blue Slaver","floor":11.0,"turns":4.0},{"damage":4.0,"enemies":"Looter","floor":12.0,"turns":3.0},{"damage":6.0,"enemies":"Gremlin Nob","floor":14.0,"turns":3.0},{"damage":25.0,"enemies":"The Guardian","floor":16.0,"turns":8.0},{"damage":8.0,"enemies":"Spheric Guardian","floor":18.0,"turns":5.0},{"damage":3,"enemies":"3 Byrds","floor":20,"turns":4},{"damage":7,"enemies":"3 Cultists","floor":22,"turns":3},{"damage":19,"enemies":"Gremlin Leader","floor":23,"turns":4},{"damage":33,"enemies":"Book of Stabbing","floor":25,"turns":4},{"damage":23,"enemies":"Snake Plant","floor":27,"turns":2}],"seed_played":"4704276904546607130","potions_obtained":[{"floor":4.0,"key":"LiquidBronze"},{"floor":5.0,"key":"FearPotion"},{"floor":6.0,"key":"AttackPotion"},{"floor":12.0,"key":"PowerPotion"},{"floor":14.0,"key":"Regen Potion"},{"floor":16.0,"key":"SteroidPotion"},{"floor":18.0,"key":"SkillPotion"},{"floor":23,"key":"SneckoOil"}],"is_trial":false,"path_per_floor":["M","?","?","M","M","E","R","$","T","M","M","M","$","E","R","B",null,"M","?","M","$","M","E","R","E","T","M"],"character_chosen":"THE_SILENT","items_purchased":["Crippling Poison","Poisoned Stab","Accuracy","Accuracy","Backstab"],"campfire_rested":3,"item_purchase_floors":[8,8,13,21,21],"current_hp_per_floor":[70,70,70,70,70,53,70,70,70,67,58,54,54,48,69,59,70,62,62,59,59,52,33,54,21,21,0],"gold":83,"neow_bonus":"THREE_ENEMY_KILL","is_prod":false,"is_daily":false,"chose_seed":false,"campfire_upgraded":0,"win_rate":0,"timestamp":1547031482,"path_taken":["M","?","?","M","M","E","R","$","T","M","M","M","?","E","R","BOSS","M","?","M","$","M","E","R","E","T","?"],"build_version":"2019-01-03v4","purchased_purges":0,"victory":false,"max_hp_per_floor":[70,70,70,70,70,70,70,70,70,70,70,70,70,70,70,70,70,70,70,70,70,70,70,70,70,70,70],"card_choices":[{"not_picked":["Acrobatics","PiercingWail"],"picked":"Dagger Spray","floor":1.0},{"not_picked":["Blade Dance","Eviscerate"],"picked":"Infinite Blades","floor":4.0},{"not_picked":["Calculated Gamble","Skewer"],"picked":"Slice","floor":5.0},{"not_picked":["Outmaneuver","Expertise"],"picked":"Blade Dance","floor":6.0},{"not_picked":["Quick Slash","Dagger Throw"],"picked":"Dagger Spray","floor":10.0},{"not_picked":["Bane","Slice"],"picked":"Poisoned Stab","floor":11.0},{"not_picked":["Bullet Time","Escape Plan"],"picked":"Blur","floor":12.0},{"not_picked":["Underhanded Strike","Poisoned Stab"],"picked":"Outmaneuver","floor":14.0},{"not_picked":["Bullet Time","Burst"],"picked":"Corpse Explosion","floor":16.0},{"not_picked":[],"picked":"Cloak And Dagger+1","floor":18.0},{"not_picked":[],"picked":"Flying Knee","floor":20},{"not_picked":[],"picked":"Slice","floor":22},{"not_picked":[],"picked":"Accuracy","floor":23},{"not_picked":[],"picked":"Quick Slash+1","floor":25}],"player_experience":157503,"relics_obtained":[{"floor":6.0,"key":"PreservedInsect"},{"floor":9.0,"key":"Kunai"},{"floor":14.0,"key":"War Paint"},{"floor":23,"key":"Potion Belt"},{"floor":25,"key":"Meat on the Bone"},{"floor":26,"key":"Pantograph"}],"event_choices":[{"damage_healed":0.0,"max_hp_gain":0.0,"max_hp_loss":0.0,"gold_gain":0.0,"event_name":"Big Fish","player_choice":"Box","floor":2.0,"gold_loss":0.0,"damage_taken":0.0,"relics_obtained":["Shuriken"],"cards_obtained":["Regret"]},{"damage_healed":0.0,"max_hp_gain":0.0,"max_hp_loss":0.0,"gold_gain":0.0,"event_name":"World of Goop","player_choice":"Left Gold","floor":3.0,"gold_loss":31.0,"damage_taken":0.0},{"damage_healed":0,"gold_gain":0,"player_choice":"Ignored","damage_taken":0,"max_hp_gain":0,"max_hp_loss":0,"event_name":"WeMeetAgain","floor":19,"gold_loss":0}],"is_beta":false,"boss_relics":[{"not_picked":["Empty Cage","Runic Pyramid"],"picked":"Busted Crown"}],"items_purged_floors":[],"is_endless":false,"potions_floor_spawned":[4,5,6,12,14,16,18,23],"killed_by":"Snake Plant","ascension_level":1}