{"gold_per_floor":[111,111,37,37,37,70,84,84,158,158,158,171,240,261,261,385,385,400,400,416,416,441,484,484,484],"floor_reached":25,"playtime":702,"items_purged":[],"score":254,"play_id":"a9af8b9c-a1ce-44f5-aab1-420491d08d05","local_time":"20190518112130","is_ascension_mode":false,"campfire_choices":[{"data":"Dualcast","floor":11,"key":"SMITH"},{"data":"Streamline","floor":15,"key":"SMITH"},{"data":"Storm","floor":24,"key":"SMITH"}],"neow_cost":"NONE","seed_source_timestamp":212645260726888,"circlet_count":0,"master_deck":["Strike_B","Strike_B","Defend_B+1","Defend_B","Zap+1","Dualcast+1","Self Repair","Undo","Loop","Sweeping Beam","Ball Lightning","Streamline+1","Cold Snap","Thunder Strike","Storm+1","Discovery+1","Steam","Defragment","Stack","Redo+1","Meteor Strike"],"relics":["Cracked Core","NeowsBlessing","War Paint","Bottled Tornado","Ornamental Fan","Golden Idol","Tiny Chest","Nuclear Battery","Symbiotic Virus"],"potions_floor_usage":[20,23],"damage_taken":[{"damage":0,"enemies":"Cultist","floor":1,"turns":1},{"damage":0,"enemies":"Lagavulin","floor":6,"turns":1},{"damage":0,"enemies":"Small Slimes","floor":7,"turns":1},{"damage":6,"enemies":"Jaw Worm","floor":12,"turns":3},{"damage":15,"enemies":"3 Sentries","floor":13,"turns":5},{"damage":1,"enemies":"3 Louse","floor":14,"turns":3},{"damage":25,"enemies":"Slime Boss","floor":16,"turns":9},{"damage":10,"enemies":"Chosen","floor":18,"turns":4},{"damage":8,"enemies":"2 Thieves","floor":20,"turns":2},{"damage":0,"enemies":"Sentry and Sphere","floor":22,"turns":5},{"damage":53,"enemies":"Gremlin Leader","floor":23,"turns":5},{"damage":39,"enemies":"Shelled Parasite and Fungi","floor":25,"turns":2}],"seed_played":"-1499914789686421316","potions_obtained":[{"floor":1,"key":"SpeedPotion"},{"floor":12,"key":"Strength Potion"},{"floor":14,"key":"Block Potion"},{"floor":22,"key":"Regen Potion"}],"is_trial":false,"path_per_floor":["M","?","$","?","?","E","M","?","T","?","R","M","E","M","R","B",null,"M","?","M","?","M","E","R","M"],"character_chosen":"DEFECT","items_purchased":["Undo"],"campfire_rested":0,"item_purchase_floors":[3],"current_hp_per_floor":[75,50,50,43,48,48,55,55,55,55,55,56,48,54,54,36,74,71,71,70,70,74,28,28,0],"gold":484,"neow_bonus":"THREE_ENEMY_KILL","is_prod":false,"is_daily":false,"chose_seed":false,"campfire_upgraded":3,"win_rate":0,"timestamp":1558146090,"path_taken":["M","?","$","?","?","E","M","?","T","?","R","M","E","M","R","BOSS","M","?","?","?","M","E","R","M"],"build_version":"2019-01-23","purchased_purges":0,"victory":false,"max_hp_per_floor":[75,75,75,75,80,80,80,80,80,74,74,74,74,74,74,74,74,74,74,74,74,74,74,74,74],"card_choices":[{"not_picked":["Doom and Gloom","Barrage"],"picked":"Self Repair","floor":1},{"not_picked":["Beam Cell","Hologram"],"picked":"Loop","floor":6},{"not_picked":["Coolheaded","Leap"],"picked":"Sweeping Beam","floor":7},{"not_picked":["Darkness","Turbo"],"picked":"Ball Lightning","floor":12},{"not_picked":["Tempest","Barrage"],"picked":"Streamline","floor":13},{"not_picked":["Sweeping Beam","Leap"],"picked":"Cold Snap","floor":14},{"not_picked":["Reboot","Core Surge"],"picked":"Thunder Strike","floor":16},{"not_picked":["Skim+1","Cold Snap"],"picked":"Storm","floor":18},{"not_picked":["Streamline","Skim"],"picked":"Steam","floor":20},{"not_picked":["BootSequence+1","Cold Snap"],"picked":"Redo+1","floor":22},{"not_picked":["Barrage+1","FTL"],"picked":"Meteor Strike","floor":23}],"player_experience":376190,"relics_obtained":[{"floor":6,"key":"Bottled Tornado"},{"floor":9,"key":"Ornamental Fan"},{"floor":13,"key":"Tiny Chest"},{"floor":23,"key":"Symbiotic Virus"}],"event_choices":[{"damage_healed":0,"gold_gain":0,"player_choice":"Success","damage_taken":25,"relics_obtained":["War Paint"],"max_hp_gain":0,"max_hp_loss":0,"event_name":"Scrap Ooze","floor":2,"gold_loss":0},{"cards_removed":["Defend_B"],"damage_healed":0,"gold_gain":0,"player_choice":"Card Removal","damage_taken":7,"max_hp_gain":0,"max_hp_loss":0,"event_name":"Golden Wing","floor":4,"gold_loss":0},{"damage_healed":0,"gold_gain":0,"player_choice":"Donut","damage_taken":0,"max_hp_gain":5,"max_hp_loss":0,"event_name":"Big Fish","floor":5,"gold_loss":0},{"damage_healed":0,"gold_gain":0,"player_choice":"Leave","damage_taken":0,"max_hp_gain":0,"max_hp_loss":0,"event_name":"The Cleric","floor":8,"gold_loss":0},{"damage_healed":0,"gold_gain":0,"player_choice":"Lose Max HP","damage_taken":0,"relics_obtained":["Golden Idol"],"max_hp_gain":0,"max_hp_loss":6,"event_name":"Golden Idol","floor":10,"gold_loss":0},{"cards_removed":["Strike_B"],"damage_healed":0,"gold_gain":0,"player_choice":"Took Card","damage_taken":0,"max_hp_gain":0,"max_hp_loss":0,"event_name":"NoteForYourself","floor":19,"gold_loss":0,"cards_obtained":["Discovery"]},{"damage_healed":0,"gold_gain":0,"cards_transformed":["Strike_B","Defend_B"],"player_choice":"Became Test Subject","damage_taken":0,"max_hp_gain":0,"max_hp_loss":0,"event_name":"Drug Dealer","floor":21,"gold_loss":0,"cards_obtained":["Defragment","Stack"]}],"is_beta":false,"boss_relics":[{"not_picked":["Pandora\u0027s Box","Lizard Tail"],"picked":"Nuclear Battery"}],"items_purged_floors":[],"is_endless":false,"potions_floor_spawned":[1,12,14,22],"killed_by":"Shelled Parasite and Fungi","ascension_level":0}