{"gold_per_floor":[99,99,99,99,75,75,75,75,75,75,75,75,75,75,75,75,75,30,30,30,30,30,30,30,30,30,30,30,30,30,30,30,30,30,30,0,0,0,0,0,0,0,0,0,0,0,0,0,0,0],"floor_reached":51,"playtime":7980,"items_purged":[],"score":996,"play_id":"df0f5717-05f8-4554-b784-95c4a42d8232","local_time":"20190511160415","is_ascension_mode":true,"campfire_choices":[{"data":"Distraction","floor":8.0,"key":"SMITH"},{"data":"Neutralize","floor":13.0,"key":"SMITH"},{"data":"Skewer","floor":15.0,"key":"SMITH"},{"data":"Well Laid Plans","floor":24.0,"key":"SMITH"},{"floor":32.0,"key":"REST"},{"data":"Adrenaline","floor":41.0,"key":"SMITH"},{"floor":45.0,"key":"REST"},{"data":"Phantasmal Killer","floor":47.0,"key":"SMITH"},{"floor":49.0,"key":"REST"}],"neow_cost":"NONE","seed_source_timestamp":2650247153098562,"circlet_count":0,"master_deck":["Defend_G+1","Defend_G+1","Defend_G+1","Defend_G+1","Defend_G+1","Strike_G+1","Strike_G+1","Strike_G+1","Strike_G+1","Survivor","Neutralize+1","Skewer+1","Distraction+1","Escape Plan","Well Laid Plans+1","Dash+1","Adrenaline+1","Corpse Explosion","Bane+1","Dodge and Roll+1","Blur","Malaise","Poisoned Stab","Deadly Poison","Corpse Explosion","Phantasmal Killer+1","Terror+1","Caltrops+1","Caltrops+1","Dodge and Roll+1"],"special_seed":0,"relics":["Ectoplasm","Boot","Dodecahedron","Orichalcum","Dream Catcher","Whetstone","Eternal Feather","Bottled Tornado","Centennial Puzzle","Velvet Choker","Red Mask","PreservedInsect","Happy Flower"],"potions_floor_usage":[50],"damage_taken":[{"damage":0.0,"enemies":"Cultist","floor":1.0,"turns":4.0},{"damage":4.0,"enemies":"Small Slimes","floor":4.0,"turns":5.0},{"damage":8.0,"enemies":"3 Sentries","floor":6.0,"turns":11.0},{"damage":0.0,"enemies":"2 Louse","floor":7.0,"turns":2.0},{"damage":4.0,"enemies":"Lagavulin","floor":11.0,"turns":6.0},{"damage":1.0,"enemies":"Exordium Wildlife","floor":12.0,"turns":5.0},{"damage":0.0,"enemies":"Exordium Thugs","floor":14.0,"turns":3.0},{"damage":1.0,"enemies":"Slime Boss","floor":16.0,"turns":9.0},{"damage":6.0,"enemies":"2 Thieves","floor":18.0,"turns":4.0},{"damage":11.0,"enemies":"Shell Parasite","floor":19.0,"turns":3.0},{"damage":0.0,"enemies":"Snake Plant","floor":22.0,"turns":3.0},{"damage":5.0,"enemies":"Slavers","floor":23.0,"turns":3.0},{"damage":2.0,"enemies":"Chosen and Byrds","floor":25.0,"turns":7.0},{"damage":8.0,"enemies":"Sentry and Sphere","floor":29.0,"turns":7.0},{"damage":0.0,"enemies":"Cultist and Chosen","floor":30.0,"turns":4.0},{"damage":0.0,"enemies":"3 Cultists","floor":31.0,"turns":3.0},{"damage":13.0,"enemies":"Automaton","floor":33.0,"turns":12.0},{"damage":9.0,"enemies":"3 Darklings","floor":35.0,"turns":3.0},{"damage":8.0,"enemies":"3 Shapes","floor":39.0,"turns":2.0},{"damage":0.0,"enemies":"Giant Head","floor":40.0,"turns":1.0},{"damage":14.0,"enemies":"Reptomancer","floor":42.0,"turns":7.0},{"damage":17.0,"enemies":"Maw","floor":44.0,"turns":6.0},{"damage":30.0,"enemies":"Spire Growth","floor":48.0,"turns":4.0},{"damage":63,"enemies":"Time Eater","floor":50,"turns":10}],"seed_played":"-1165955352576471653","potions_obtained":[{"floor":1.0,"key":"Poison Potion"},{"floor":6.0,"key":"Ancient Potion"},{"floor":11.0,"key":"Strength Potion"},{"floor":16.0,"key":"LiquidBronze"},{"floor":19.0,"key":"SpeedPotion"},{"floor":21.0,"key":"SmokeBomb"},{"floor":21.0,"key":"Poison Potion"},{"floor":23.0,"key":"LiquidBronze"},{"floor":29.0,"key":"SkillPotion"},{"floor":33.0,"key":"Fruit Juice"},{"floor":42.0,"key":"Poison Potion"}],"is_trial":false,"path_per_floor":["M","T","?","M","?","E","M","R","T","T","E","M","R","M","R","B",null,"M","M","?","?","M","E","R","M","T","$","?","M","M","M","R","B",null,"M","?","?","$","M","E","R","E","T","M","R","$","R","M","R","B",null],"character_chosen":"THE_SILENT","items_purchased":[],"campfire_rested":3,"item_purchase_floors":[],"current_hp_per_floor":[63,63,63,59,59,51,51,51,51,51,47,46,46,46,46,45,64,58,47,47,47,47,42,54,52,52,52,52,44,44,44,70,57,67,63,63,63,63,55,55,70,56,56,39,75,75,75,45,75,12],"gold":0,"neow_bonus":"BOSS_RELIC","is_prod":false,"is_daily":false,"chose_seed":false,"campfire_upgraded":6,"win_rate":0,"timestamp":1557579855,"path_taken":["M","?","?","M","?","E","M","R","T","?","E","M","R","?","R","BOSS","M","M","?","?","M","E","R","?","T","$","?","M","?","M","R","BOSS","M","?","?","$","M","E","R","E","T","M","R","$","R","?","R","BOSS"],"build_version":"2019-01-23","purchased_purges":0,"victory":true,"max_hp_per_floor":[70,70,70,70,70,70,70,70,70,70,70,70,70,70,70,70,70,70,70,70,70,70,70,70,70,70,70,70,70,70,70,70,70,70,75,75,75,75,75,75,75,75,75,75,75,75,75,75,75,75],"card_choices":[{"not_picked":["Cloak And Dagger","Tactician"],"picked":"Skewer","floor":1.0},{"not_picked":["Dagger Throw","Poisoned Stab"],"picked":"Escape Plan","floor":4.0},{"not_picked":["Slice","Bouncing Flask"],"picked":"Well Laid Plans","floor":6.0},{"not_picked":["Catalyst","Tactician"],"picked":"Dash","floor":7.0},{"not_picked":["Slice","Quick Slash"],"picked":"Adrenaline","floor":11.0},{"not_picked":["Outmaneuver","Poisoned Stab","Dodge and Roll"],"picked":"SKIP","floor":12.0},{"not_picked":["Outmaneuver","Dagger Spray","Storm of Steel"],"picked":"SKIP","floor":14.0},{"not_picked":["Storm of Steel","Wraith Form v2"],"picked":"Corpse Explosion","floor":16.0},{"not_picked":["Tactician","Accuracy"],"picked":"Bane+1","floor":18.0},{"not_picked":["Sucker Punch","Calculated Gamble+1"],"picked":"Dodge and Roll+1","floor":19.0},{"not_picked":["Bane","Blade Dance"],"picked":"Blur","floor":22.0},{"not_picked":["Bane+1","Slice"],"picked":"Malaise","floor":23.0},{"not_picked":["Dagger Throw+1","Backstab"],"picked":"Poisoned Stab","floor":25.0},{"not_picked":["Deflect+1","Setup"],"picked":"Deadly Poison","floor":29.0},{"not_picked":["Prepared","Bullet Time","Underhanded Strike"],"picked":"SKIP","floor":30.0},{"not_picked":["Sucker Punch","Cloak And Dagger","Tactician"],"picked":"SKIP","floor":31.0},{"not_picked":["Prepared","Dash"],"picked":"Corpse Explosion","floor":32.0},{"not_picked":["Burst","Corpse Explosion"],"picked":"Phantasmal Killer","floor":33.0},{"not_picked":["Choke+1","Escape Plan+1"],"picked":"Terror+1","floor":35.0},{"not_picked":["Slice+1","Expertise","Outmaneuver+1"],"picked":"SKIP","floor":39.0},{"not_picked":["Bane","Storm of Steel","Cloak And Dagger+1"],"picked":"SKIP","floor":42.0},{"not_picked":["Slice+1","Acrobatics+1","Dagger Throw+1"],"picked":"SKIP","floor":44.0},{"not_picked":["Escape Plan","Cloak And Dagger+1"],"picked":"Caltrops+1","floor":45.0},{"not_picked":["Sucker Punch","Dodge and Roll"],"picked":"Caltrops+1","floor":48.0},{"not_picked":["Venomology","Concentrate+1"],"picked":"Dodge and Roll+1","floor":49.0}],"player_experience":960341,"relics_obtained":[{"floor":2.0,"key":"Boot"},{"floor":6.0,"key":"Dodecahedron"},{"floor":9.0,"key":"Orichalcum"},{"floor":10.0,"key":"Dream Catcher"},{"floor":11.0,"key":"Whetstone"},{"floor":23.0,"key":"Bottled Tornado"},{"floor":26.0,"key":"Centennial Puzzle"},{"floor":42.0,"key":"PreservedInsect"},{"floor":43.0,"key":"Happy Flower"}],"event_choices":[{"damage_healed":0.0,"max_hp_gain":0.0,"max_hp_loss":0.0,"gold_gain":0.0,"cards_transformed":["Strike_G"],"event_name":"Living Wall","player_choice":"Change","floor":3.0,"gold_loss":0.0,"damage_taken":0.0,"cards_obtained":["Distraction"]},{"damage_healed":0.0,"max_hp_gain":0.0,"max_hp_loss":0.0,"gold_gain":0.0,"event_name":"World of Goop","player_choice":"Left Gold","floor":5.0,"gold_loss":24.0,"damage_taken":0.0},{"damage_healed":0.0,"max_hp_gain":0.0,"max_hp_loss":0.0,"gold_gain":0.0,"event_name":"Back to Basics","player_choice":"Simplicity","floor":20.0,"gold_loss":0.0,"damage_taken":0.0,"cards_upgraded":["Defend_G","Defend_G","Defend_G","Defend_G","Defend_G","Strike_G","Strike_G","Strike_G"]},{"damage_healed":0.0,"max_hp_gain":0.0,"max_hp_loss":0.0,"gold_gain":0.0,"event_name":"Lab","player_choice":"Got Potions","floor":21.0,"gold_loss":0.0,"damage_taken":0.0},{"damage_healed":0.0,"max_hp_gain":0.0,"max_hp_loss":0.0,"gold_gain":100.0,"event_name":"Golden Shrine","player_choice":"Pray","floor":28.0,"gold_loss":0.0,"damage_taken":0.0},{"damage_healed":0.0,"max_hp_gain":0.0,"max_hp_loss":0.0,"gold_gain":0.0,"event_name":"Tomb of Lord Red Mask","player_choice":"Paid","floor":36.0,"gold_loss":30.0,"damage_taken":0.0,"relics_obtained":["Red Mask"]},{"damage_healed":0.0,"max_hp_gain":0.0,"max_hp_loss":0.0,"gold_gain":100.0,"event_name":"Golden Shrine","player_choice":"Pray","floor":37.0,"gold_loss":0.0,"damage_taken":0.0}],"is_beta":false,"boss_relics":[{"not_picked":["Calling Bell","WristBlade"],"picked":"Eternal Feather"},{"not_picked":["Orrery","Black Star"],"picked":"Velvet Choker"}],"items_purged_floors":[],"is_endless":false,"potions_floor_spawned":[1,6,11,16,19,23,29,33,40,42],"ascension_level":9}