{"gold_per_floor":[112,125,135,67,32,65,95,95,142,162,182,182,182,211,211,211],"floor_reached":16,"playtime":373,"items_purged":[],"score":110,"play_id":"59ab6004-75d5-4475-925a-aa4719d562d1","local_time":"20190513213442","is_ascension_mode":false,"campfire_choices":[{"data":"Searing Blow+1","floor":13,"key":"SMITH"},{"data":"Searing Blow+2","floor":15,"key":"SMITH"}],"neow_cost":"NONE","seed_source_timestamp":11756226334800,"circlet_count":0,"master_deck":["Strike_R","Strike_R","Strike_R+1","Strike_R+1","Strike_R","Defend_R","Defend_R","Defend_R+1","Defend_R","Bash","Clothesline","Reaper","Bloodletting+1","Searing Blow+3","Dropkick","Parasite","Flex","Clash"],"relics":["Burning Blood","Whetstone","Happy Flower","War Paint","Calipers"],"potions_floor_usage":[14],"damage_taken":[{"damage":0,"enemies":"Cultist","floor":1,"turns":2},{"damage":8,"enemies":"Jaw Worm","floor":2,"turns":3},{"damage":16,"enemies":"Small Slimes","floor":3,"turns":3},{"damage":50,"enemies":"3 Sentries","floor":6,"turns":9},{"damage":12,"enemies":"3 Louse","floor":10,"turns":5},{"damage":12,"enemies":"Exordium Thugs","floor":11,"turns":4},{"damage":15,"enemies":"Gremlin Nob","floor":14,"turns":4},{"damage":66,"enemies":"The Guardian","floor":16,"turns":11}],"seed_played":"5439367386493088604","potions_obtained":[{"floor":2,"key":"Ancient Potion"},{"floor":6,"key":"PowerPotion"},{"floor":14,"key":"LiquidBronze"}],"is_trial":false,"path_per_floor":["M","M","M","$","?","E","?","?","T","M","M","?","R","E","R","B"],"character_chosen":"IRONCLAD","items_purchased":["Searing Blow"],"campfire_rested":0,"item_purchase_floors":[4],"current_hp_per_floor":[80,78,72,72,80,48,48,68,68,68,68,68,68,61,61,0],"gold":211,"neow_bonus":"RANDOM_COMMON_RELIC","is_prod":false,"is_daily":false,"chose_seed":false,"campfire_upgraded":2,"win_rate":0,"timestamp":1557772482,"path_taken":["M","M","?","$","?","E","?","?","T","M","M","?","R","E","R","BOSS"],"build_version":"2019-01-23","purchased_purges":0,"victory":false,"max_hp_per_floor":[80,80,80,80,80,80,80,80,80,80,80,80,80,80,80,80],"card_choices":[{"not_picked":["True Grit","Cleave"],"picked":"Clothesline","floor":1},{"not_picked":["Warcry","Feel No Pain"],"picked":"Reaper","floor":2},{"not_picked":["Clothesline","Body Slam"],"picked":"Bloodletting","floor":3},{"not_picked":["Shockwave","Feel No Pain"],"picked":"Dropkick","floor":6},{"not_picked":["Sever Soul","Perfected Strike"],"picked":"Flex","floor":10},{"not_picked":["Pummel","Burning Pact"],"picked":"Clash","floor":11},{"not_picked":["Evolve","Fiend Fire","Corruption"],"picked":"SKIP","floor":14}],"player_experience":317379,"relics_obtained":[{"floor":6,"key":"Happy Flower"},{"floor":9,"key":"War Paint"},{"floor":14,"key":"Calipers"}],"event_choices":[{"damage_healed":20,"gold_gain":0,"player_choice":"Healed","damage_taken":0,"max_hp_gain":0,"max_hp_loss":0,"event_name":"The Cleric","floor":5,"gold_loss":35},{"damage_healed":0,"gold_gain":30,"player_choice":"Searched \u00272\u0027 times","damage_taken":0,"max_hp_gain":0,"max_hp_loss":0,"event_name":"Dead Adventurer","floor":7,"gold_loss":0},{"damage_healed":20,"gold_gain":0,"player_choice":"Healed and dodged fight","damage_taken":0,"max_hp_gain":0,"max_hp_loss":0,"event_name":"Mushrooms","floor":8,"gold_loss":0,"cards_obtained":["Parasite"]},{"damage_healed":0,"gold_gain":0,"player_choice":"Upgraded","damage_taken":0,"max_hp_gain":0,"max_hp_loss":0,"event_name":"Upgrade Shrine","floor":12,"gold_loss":0,"cards_upgraded":["Searing Blow"]}],"is_beta":false,"boss_relics":[],"items_purged_floors":[],"is_endless":false,"potions_floor_spawned":[2,6,14],"killed_by":"The Guardian","ascension_level":0}