{"gold_per_floor":[119,119,139,152,37,37,48,48,72,72,72,46,0,15,15,90,90,78,93,93,143,43,43,93,104,104,104,121,135,145,162,162,162],"floor_reached":33,"playtime":1488,"items_purged":["Strike_B","Strike_B"],"score":418,"play_id":"bbdcc4eb-24e1-4128-a456-7d3df5ba4586","local_time":"20190304002753","is_ascension_mode":true,"campfire_choices":[{"data":"Self Repair","floor":6,"key":"SMITH"},{"data":"Self Repair","floor":10,"key":"SMITH"},{"data":"Static Discharge","floor":15,"key":"SMITH"},{"data":"Sunder","floor":23,"key":"SMITH"},{"floor":27,"key":"REST"},{"floor":32,"key":"REST"}],"neow_cost":"NONE","seed_source_timestamp":168760635933951,"circlet_count":0,"master_deck":["AscendersBane","Strike_B","Defend_B","Defend_B","Defend_B","Defend_B","Zap","Dualcast","Static Discharge+1","Reboot","Gash","Streamline","Self Repair+1","Self Repair+1","Go for the Eyes","Leap","Echo Form","Sunder+1","Undo","Leap","Fusion+1","Echo Form"],"relics":["Cracked Core","Regal Pillow","Philosopher\u0027s Stone","Pantograph"],"potions_floor_usage":[14,16,18,19,30,30],"damage_taken":[{"damage":1,"enemies":"2 Louse","floor":1,"turns":2},{"damage":12,"enemies":"Small Slimes","floor":3,"turns":3},{"damage":3,"enemies":"Jaw Worm","floor":4,"turns":3},{"damage":2,"enemies":"Exordium Wildlife","floor":7,"turns":3},{"damage":17,"enemies":"Large Slime","floor":14,"turns":6},{"damage":54,"enemies":"Slime Boss","floor":16,"turns":9},{"damage":36,"enemies":"2 Thieves","floor":18,"turns":4},{"damage":25,"enemies":"Chosen","floor":19,"turns":4},{"damage":25,"enemies":"Snecko","floor":25,"turns":4},{"damage":0,"enemies":"3 Cultists","floor":28,"turns":4},{"damage":33,"enemies":"Snake Plant","floor":29,"turns":4},{"damage":36,"enemies":"Snecko","floor":30,"turns":6},{"damage":22,"enemies":"Cultist and Chosen","floor":31,"turns":6},{"damage":83,"enemies":"Automaton","floor":33,"turns":6}],"seed_played":"-8946661675982125066","potions_obtained":[{"floor":4,"key":"Weak Potion"},{"floor":14,"key":"Weak Potion"},{"floor":16,"key":"FearPotion"},{"floor":18,"key":"AttackPotion"},{"floor":19,"key":"Swift Potion"},{"floor":29,"key":"GamblersBrew"}],"is_trial":false,"path_per_floor":["M","?","M","M","$","R","M","?","T","R","?","$","?","M","R","B",null,"M","M","?","?","$","R","?","M","T","R","M","M","M","M","R","B"],"character_chosen":"DEFECT","items_purchased":["Self Repair","Go for the Eyes"],"campfire_rested":2,"item_purchase_floors":[5,12],"current_hp_per_floor":[70,70,58,55,55,55,63,63,63,63,63,63,63,66,66,32,67,61,56,56,56,56,56,56,41,41,78,78,65,49,57,78,0],"gold":162,"neow_bonus":"TEN_PERCENT_HP_BONUS","is_prod":false,"is_daily":false,"chose_seed":false,"campfire_upgraded":4,"win_rate":0,"timestamp":1551652073,"path_taken":["M","?","M","M","$","R","M","?","T","R","?","$","?","M","R","BOSS","M","M","?","?","?","R","?","M","T","R","M","M","M","M","R","BOSS"],"build_version":"2019-01-23","purchased_purges":2,"victory":false,"max_hp_per_floor":[78,78,78,78,78,78,78,78,78,78,78,78,78,78,78,78,78,78,78,78,78,78,78,78,78,78,78,78,78,78,78,78,78],"card_choices":[{"not_picked":["Beam Cell","Compile Driver"],"picked":"Static Discharge","floor":1},{"not_picked":["Sunder","Scrape"],"picked":"Gash","floor":3},{"not_picked":["Consume","Scrape"],"picked":"Streamline","floor":4},{"not_picked":["Heatsinks","Darkness"],"picked":"Self Repair","floor":7},{"not_picked":["Ball Lightning","Sweeping Beam"],"picked":"Leap","floor":14},{"not_picked":["Thunder Strike","Hyperbeam"],"picked":"Echo Form","floor":16},{"not_picked":["Redo+1","Coolheaded"],"picked":"Sunder","floor":18},{"not_picked":["Rebound","Steam","Beam Cell"],"picked":"SKIP","floor":19},{"not_picked":["Capacitor","Steam Power"],"picked":"Undo","floor":25},{"not_picked":["Rebound","Double Energy"],"picked":"Leap","floor":28},{"not_picked":["Sweeping Beam","FTL","Heatsinks"],"picked":"SKIP","floor":29},{"not_picked":["Melter+1","Sunder+1"],"picked":"Fusion+1","floor":30},{"not_picked":["Capacitor","Turbo"],"picked":"Echo Form","floor":31}],"player_experience":722206,"relics_obtained":[{"floor":9,"key":"Regal Pillow"},{"floor":26,"key":"Pantograph"}],"event_choices":[{"damage_healed":0,"gold_gain":0,"cards_transformed":["Strike_B"],"player_choice":"Change","damage_taken":0,"max_hp_gain":0,"max_hp_loss":0,"event_name":"Living Wall","floor":2,"gold_loss":0,"cards_obtained":["Reboot"]},{"damage_healed":0,"gold_gain":0,"player_choice":"Ignored","damage_taken":0,"max_hp_gain":0,"max_hp_loss":0,"event_name":"Liars Game","floor":8,"gold_loss":0},{"damage_healed":0,"gold_gain":0,"player_choice":"Leave","damage_taken":0,"max_hp_gain":0,"max_hp_loss":0,"event_name":"The Cleric","floor":11,"gold_loss":0},{"damage_healed":0,"gold_gain":0,"player_choice":"Left Gold","damage_taken":0,"max_hp_gain":0,"max_hp_loss":0,"event_name":"World of Goop","floor":13,"gold_loss":46},{"damage_healed":0,"gold_gain":0,"player_choice":"Ignored","damage_taken":0,"max_hp_gain":0,"max_hp_loss":0,"event_name":"Ghosts","floor":20,"gold_loss":0},{"damage_healed":0,"gold_gain":50,"player_choice":"Stole From Cult","damage_taken":0,"max_hp_gain":0,"max_hp_loss":0,"event_name":"Nest","floor":21,"gold_loss":0},{"damage_healed":0,"gold_gain":50,"player_choice":"Pray","damage_taken":0,"max_hp_gain":0,"max_hp_loss":0,"event_name":"Golden Shrine","floor":24,"gold_loss":0}],"is_beta":false,"boss_relics":[{"not_picked":["FrozenCore","Pandora\u0027s Box"],"picked":"Philosopher\u0027s Stone"}],"items_purged_floors":[5,22],"is_endless":false,"potions_floor_spawned":[4,14,16,18,19,29],"killed_by":"Automaton","ascension_level":15}