{"gold_per_floor":[114,126,137,155,155,155,185,110,110,30,30,30,40,40,40,40],"floor_reached":16,"playtime":753,"items_purged":["Strike_R"],"score":125,"play_id":"299cb1c7-e5e2-498b-a098-48256a965af2","local_time":"20190509181921","is_ascension_mode":true,"campfire_choices":[{"data":"Metallicize","floor":6,"key":"SMITH"},{"floor":11,"key":"REST"},{"data":"Body Slam","floor":12,"key":"SMITH"},{"floor":15,"key":"REST"}],"neow_cost":"NONE","seed_source_timestamp":2174493943221744,"circlet_count":0,"master_deck":["Strike_R","Strike_R","Strike_R","Defend_R","Defend_R","Defend_R","Defend_R","Bash","Iron Wave","Iron Wave","Metallicize+1","Power Through","Body Slam+1","Impervious"],"relics":["Burning Blood","Bag of Preparation","Champion Belt","WingedGreaves"],"potions_floor_usage":[7,7],"damage_taken":[{"damage":1,"enemies":"Cultist","floor":1,"turns":3},{"damage":0,"enemies":"Small Slimes","floor":2,"turns":3},{"damage":4,"enemies":"Jaw Worm","floor":3,"turns":4},{"damage":1,"enemies":"3 Louse","floor":4,"turns":3},{"damage":50,"enemies":"Lagavulin","floor":7,"turns":13},{"damage":0,"enemies":"Red Slaver","floor":13,"turns":5},{"damage":85,"enemies":"Hexaghost","floor":16,"turns":16}],"seed_played":"7386062550532385746","potions_obtained":[{"floor":1,"key":"Energy Potion"},{"floor":2,"key":"Weak Potion"}],"is_trial":false,"path_per_floor":["M","M","M","M","?","R","E","$","T","$","R","R","M","?","R","B"],"character_chosen":"IRONCLAD","items_purchased":["Impervious"],"campfire_rested":2,"item_purchase_floors":[10],"current_hp_per_floor":[80,80,80,80,73,73,29,29,29,29,53,53,59,59,80,0],"gold":40,"neow_bonus":"RANDOM_COMMON_RELIC","is_prod":false,"is_daily":false,"chose_seed":false,"campfire_upgraded":2,"win_rate":0,"timestamp":1557440361,"path_taken":["M","?","M","M","?","R","E","$","T","$","R","R","M","?","R","BOSS"],"build_version":"2019-01-23","purchased_purges":1,"victory":false,"max_hp_per_floor":[80,80,80,80,80,80,80,80,80,80,80,80,80,80,80,80],"card_choices":[{"not_picked":["Whirlwind","Intimidate"],"picked":"Iron Wave","floor":1},{"not_picked":["Ghostly Armor","Havoc"],"picked":"Iron Wave","floor":2},{"not_picked":["Thunderclap","Burning Pact"],"picked":"Metallicize","floor":3},{"not_picked":["Wild Strike","Twin Strike"],"picked":"Power Through","floor":4},{"not_picked":["Bloodletting","Immolate"],"picked":"Body Slam","floor":7},{"not_picked":["Havoc","Corruption","Flex"],"picked":"SKIP","floor":13}],"player_experience":204351,"relics_obtained":[{"floor":7,"key":"Champion Belt"},{"floor":9,"key":"WingedGreaves"}],"event_choices":[{"cards_removed":["Strike_R"],"damage_healed":0,"gold_gain":0,"player_choice":"Card Removal","damage_taken":7,"max_hp_gain":0,"max_hp_loss":0,"event_name":"Golden Wing","floor":5,"gold_loss":0},{"damage_healed":0,"gold_gain":0,"player_choice":"Ignored","damage_taken":0,"max_hp_gain":0,"max_hp_loss":0,"event_name":"Golden Idol","floor":14,"gold_loss":0}],"is_beta":false,"boss_relics":[],"items_purged_floors":[8],"is_endless":false,"potions_floor_spawned":[1,2],"killed_by":"Hexaghost","ascension_level":5}