{"gold_per_floor":[118,130,142,159,176,209,209,233,233,233,244,263,283,300,300,399,399,412,432,444,460,460,492,492,492,541,388,407,72,72,89,89,185,185,195,209,229,154,54,88,88,107,161,161,36,51,51,51],"floor_reached":48,"playtime":9366,"items_purged":["Poisoned Stab","Injury","Poisoned Stab"],"score":515,"play_id":"0dd366fe-c7ce-453c-87b2-e527e4f33b05","local_time":"20180706142551","is_ascension_mode":false,"campfire_choices":[{"floor":10.0,"key":"REST"},{"data":"Endless Agony","floor":15.0,"key":"SMITH"},{"floor":25.0,"key":"REST"},{"data":"Footwork","floor":30.0,"key":"SMITH"},{"data":"Acrobatics","floor":32.0,"key":"SMITH"},{"data":"A Thousand Cuts","floor":41,"key":"SMITH"},{"data":"Blur","floor":44,"key":"SMITH"},{"data":"Blade Dance","floor":47,"key":"SMITH"}],"neow_cost":"CURSE","seed_source_timestamp":0,"circlet_count":0,"master_deck":["Defend_G","Defend_G","Defend_G","Defend_G","Defend_G","Survivor","Neutralize+1","Acrobatics+1","Infinite Blades","Endless Agony+1","Quick Slash","After Image","Blade Dance+1","Poisoned Stab","Poisoned Stab","Backstab+1","Backflip+1","Tactician+1","Adrenaline","Underhanded Strike+1","Caltrops+1","Blur+1","Bite","Bite","Bite","Bite","Bite","After Image","Footwork+1","A Thousand Cuts+1","Outmaneuver+1","Dodge and Roll+1"],"special_seed":0,"relics":["Ring of the Snake","Gambling Chip","Kunai","Odd Mushroom","Strawberry","Empty Cage","War Paint","Bag of Preparation","Whetstone","Mercury Hourglass","Busted Crown","Bottled Lightning","Pen Nib"],"potions_floor_usage":[48],"damage_taken":[{"damage":2.0,"enemies":"Small Slimes","floor":1.0,"turns":4.0},{"damage":0.0,"enemies":"Cultist","floor":2.0,"turns":3.0},{"damage":0.0,"enemies":"2 Louse","floor":3.0,"turns":2.0},{"damage":2.0,"enemies":"Large Slime","floor":4.0,"turns":7.0},{"damage":3.0,"enemies":"Lots of Slimes","floor":5.0,"turns":3.0},{"damage":24.0,"enemies":"Lagavulin","floor":6.0,"turns":7.0},{"damage":5.0,"floor":8.0,"turns":5.0},{"damage":0.0,"enemies":"2 Fungi Beasts","floor":11.0,"turns":4.0},{"damage":4.0,"enemies":"Large Slime","floor":12.0,"turns":6.0},{"damage":0.0,"enemies":"Red Slaver","floor":13.0,"turns":4.0},{"damage":0.0,"enemies":"Looter","floor":14.0,"turns":3.0},{"damage":6.0,"enemies":"Slime Boss","floor":16.0,"turns":10.0},{"damage":8.0,"enemies":"Chosen","floor":18.0,"turns":4.0},{"damage":2.0,"enemies":"Spheric Guardian","floor":19.0,"turns":5.0},{"damage":1.0,"enemies":"Slaver and Parasite","floor":20.0,"turns":8.0},{"damage":11.0,"enemies":"Chosen and Byrds","floor":21.0,"turns":6.0},{"damage":41.0,"enemies":"Slavers","floor":23.0,"turns":6.0},{"damage":7.0,"enemies":"Centurion and Healer","floor":28.0,"turns":9.0},{"damage":0.0,"enemies":"Cultist and Chosen","floor":31.0,"turns":6.0},{"damage":45.0,"enemies":"Collector","floor":33.0,"turns":14.0},{"damage":5.0,"enemies":"3 Shapes","floor":35.0,"turns":5.0},{"damage":0.0,"enemies":"Orb Walker","floor":36.0,"turns":4.0},{"damage":1.0,"enemies":"4 Shapes","floor":37.0,"turns":6.0},{"damage":1.0,"enemies":"Giant Head","floor":40.0,"turns":11.0},{"damage":3,"enemies":"3 Darklings","floor":42,"turns":4},{"damage":8,"enemies":"Maw","floor":46,"turns":7},{"damage":60,"enemies":"2 Orb Walkers","floor":48,"turns":5}],"seed_played":"-7106250818611783512","potions_obtained":[{"floor":1.0,"key":"PowerPotion"},{"floor":3.0,"key":"Explosive Potion"},{"floor":6.0,"key":"Poison Potion"},{"floor":8.0,"key":"Swift Potion"},{"floor":12.0,"key":"Fire Potion"},{"floor":19.0,"key":"Fire Potion"},{"floor":23.0,"key":"SteroidPotion"},{"floor":28.0,"key":"Fire Potion"},{"floor":37.0,"key":"SpeedPotion"},{"floor":42,"key":"Fire Potion"}],"is_trial":false,"path_per_floor":["M","M","M","M","M","E","?","?","T","R","M","M","M","M","R","B",null,"M","M","M","M","?","E","?","R","T","$","M","$","R","M","R","B",null,"M","M","M","$","$","E","R","M","T","R","$","M","R"],"character_chosen":"THE_SILENT","items_purchased":["Whetstone","Footwork","Mercury Hourglass"],"campfire_rested":2,"item_purchase_floors":[],"current_hp_per_floor":[68,68,68,66,63,39,39,34,41,64,64,60,60,60,60,54,77,69,67,66,55,55,14,14,29,29,29,38,38,38,48,48,27,53,52,53,53,53,53,53,53,53,53,53,53,53,53,0],"gold":51,"neow_bonus":"ONE_RARE_RELIC","is_prod":false,"is_daily":false,"chose_seed":false,"campfire_upgraded":6,"win_rate":0.0,"timestamp":1530901551,"path_taken":["M","M","M","M","M","E","?","?","T","R","M","M","M","M","R","BOSS","M","M","M","M","?","E","?","R","T","$","M","$","R","M","R","BOSS","M","M","M","?","$","E","R","M","T","R","$","M","R","E"],"build_version":"2018-07-05","purchased_purges":3,"victory":false,"max_hp_per_floor":[70,70,70,70,70,70,70,70,77,77,77,77,77,77,77,77,77,77,77,77,77,77,77,53,53,53,53,53,53,53,53,53,53,53,53,53,53,53,53,53,53,53,53,53,53,53,53,53],"card_choices":[{"not_picked":["Dodge and Roll","Bouncing Flask"],"picked":"Poisoned Stab","floor":1.0},{"not_picked":["Calculated Gamble","Prepared"],"picked":"Acrobatics","floor":2.0},{"not_picked":["Predator","Tactician"],"picked":"Infinite Blades","floor":3.0},{"not_picked":["Catalyst","Choke"],"picked":"Endless Agony","floor":4.0},{"not_picked":["Deadly Poison","Prepared"],"picked":"Quick Slash","floor":5.0},{"not_picked":["Calculated Gamble","Dodge and Roll"],"picked":"After Image","floor":6.0},{"not_picked":["Dodge and Roll","Bouncing Flask"],"picked":"Poisoned Stab","floor":8.0},{"not_picked":["Deflect","Flying Knee"],"picked":"Poisoned Stab","floor":11.0},{"not_picked":["Blur","Prepared"],"picked":"Backstab","floor":12.0},{"not_picked":["Skewer","Sucker Punch"],"picked":"Backflip","floor":13.0},{"not_picked":["Footwork","Prepared"],"picked":"Tactician","floor":14.0},{"not_picked":["Doppelganger","Venomology"],"picked":"Adrenaline","floor":16.0},{"not_picked":["Flying Knee","Eviscerate"],"picked":"Underhanded Strike+1","floor":18.0},{"not_picked":["Predator","Malaise","Reflex"],"picked":"SKIP","floor":19.0},{"not_picked":["Sucker Punch","Distraction"],"picked":"Caltrops","floor":20.0},{"not_picked":["Escape Plan","Outmaneuver"],"picked":"Blur","floor":21.0},{"not_picked":["Slice","Bane+1"],"picked":"Poisoned Stab","floor":23.0},{"not_picked":["Dagger Spray+1","Malaise"],"picked":"After Image","floor":28.0},{"not_picked":["Flying Knee","Bane","Flechettes"],"picked":"SKIP","floor":31.0},{"not_picked":["Die Die Die","Tactician"],"picked":"A Thousand Cuts","floor":33.0},{"not_picked":["Malaise"],"picked":"SKIP","floor":35.0},{"not_picked":["Outmaneuver"],"picked":"SKIP","floor":36.0},{"not_picked":[],"picked":"Outmaneuver+1","floor":37.0},{"not_picked":["Choke+1"],"picked":"SKIP","floor":40.0},{"not_picked":[],"picked":"Dodge and Roll+1","floor":42},{"not_picked":["Malaise+1"],"picked":"SKIP","floor":46}],"player_experience":58678,"relics_obtained":[{"floor":6.0,"key":"Kunai"},{"floor":8.0,"key":"Odd Mushroom"},{"floor":9.0,"key":"Strawberry"},{"floor":23.0,"key":"War Paint"},{"floor":26.0,"key":"Bag of Preparation"},{"floor":40.0,"key":"Bottled Lightning"},{"floor":43,"key":"Pen Nib"}],"event_choices":[{"event_name":"Transmorgrifier","player_choice":"Transform","floor":7.0,"damage_taken":0.0},{"event_name":"Mushrooms","player_choice":"Fought Mushrooms","floor":8.0,"damage_taken":0.0},{"event_name":"Upgrade Shrine","player_choice":"Upgraded","floor":22.0,"damage_taken":0.0},{"event_name":"Vampires","player_choice":"Became a vampire","floor":24.0,"damage_taken":0.0}],"boss_relics":[{"not_picked":["Fusion Hammer","Lizard Tail"],"picked":"Empty Cage"},{"not_picked":["Calling Bell","Black Star"],"picked":"Busted Crown"}],"items_purged_floors":[],"is_endless":false,"potions_floor_spawned":[1,3,6,8,12,14,19,23,28,37,42],"killed_by":"2 Orb Walkers","ascension_level":0}