{"gold_per_floor":[110,110,126,126,66,66,92,92,143,143,161,174,93,93,93,188,188,208,308,319,332,345,345,380,391,417,417,429,389,403,430,430,430],"floor_reached":33,"playtime":806,"items_purged":[],"score":337,"play_id":"639017ec-2867-4588-8b76-a4bd51316c93","local_time":"20190506064038","is_ascension_mode":false,"campfire_choices":[{"data":"Pommel Strike","floor":6,"key":"SMITH"},{"data":"Cleave","floor":8,"key":"SMITH"},{"data":"Bash","floor":10,"key":"SMITH"},{"data":"Inflame","floor":15,"key":"SMITH"},{"floor":23,"key":"DIG"},{"floor":27,"key":"DIG"},{"floor":32,"key":"DIG"}],"neow_cost":"NONE","seed_source_timestamp":845510458600,"circlet_count":0,"master_deck":["Strike_R","Strike_R","Strike_R","Strike_R","Strike_R+1","Defend_R","Defend_R+1","Defend_R","Defend_R+1","Bash+1","Uppercut+1","Pommel Strike+1","Cleave+1","Twin Strike","Inflame+1","Double Tap+1","Immolate","Flex+1","Clash+1","Spot Weakness+1","Battle Trance","Wild Strike+1","Whirlwind+1"],"relics":["Burning Blood","NeowsBlessing","Dodecahedron","Anchor","Centennial Puzzle","Mark of Pain","Shovel","Shuriken","Orichalcum","Dead Branch","Calipers","War Paint","Ornamental Fan"],"potions_floor_usage":[24,31,31,33,33],"damage_taken":[{"damage":0,"enemies":"2 Louse","floor":1,"turns":1},{"damage":0,"enemies":"Small Slimes","floor":3,"turns":1},{"damage":0,"enemies":"Gremlin Nob","floor":7,"turns":1},{"damage":0,"enemies":"Cultist","floor":11,"turns":3},{"damage":0,"enemies":"Large Slime","floor":12,"turns":4},{"damage":37,"enemies":"The Guardian","floor":16,"turns":8},{"damage":2,"enemies":"Shell Parasite","floor":18,"turns":2},{"damage":5,"enemies":"Colosseum Slavers","floor":19,"turns":3},{"damage":18,"enemies":"Colosseum Nobs","floor":19,"turns":4},{"damage":0,"enemies":"Chosen","floor":20,"turns":2},{"damage":14,"enemies":"Centurion and Healer","floor":21,"turns":3},{"damage":21,"enemies":"Snake Plant","floor":22,"turns":4},{"damage":0,"enemies":"Gremlin Leader","floor":24,"turns":4},{"damage":4,"enemies":"Cultist and Chosen","floor":25,"turns":4},{"damage":10,"enemies":"Snecko","floor":28,"turns":4},{"damage":11,"enemies":"Snake Plant","floor":30,"turns":2},{"damage":53,"enemies":"Book of Stabbing","floor":31,"turns":5},{"damage":66,"enemies":"Automaton","floor":33,"turns":6}],"seed_played":"9015071723040853805","potions_obtained":[{"floor":1,"key":"Regen Potion"},{"floor":3,"key":"BloodPotion"},{"floor":19,"key":"Strength Potion"},{"floor":25,"key":"AttackPotion"},{"floor":28,"key":"Regen Potion"},{"floor":31,"key":"GamblersBrew"}],"is_trial":false,"path_per_floor":["M","?","M","$","?","R","E","R","T","R","M","M","$","?","R","B",null,"M","?","M","M","M","R","E","M","T","R","M","?","M","E","R","B"],"character_chosen":"IRONCLAD","items_purchased":["Double Tap"],"campfire_rested":0,"item_purchase_floors":[13],"current_hp_per_floor":[80,64,70,70,70,70,76,76,76,76,80,80,80,80,80,49,80,80,68,74,66,51,51,57,59,59,59,55,55,50,37,37,0],"gold":430,"neow_bonus":"THREE_ENEMY_KILL","is_prod":false,"is_daily":false,"chose_seed":false,"campfire_upgraded":4,"win_rate":0,"timestamp":1557114038,"path_taken":["M","?","M","$","?","R","E","R","T","R","M","?","$","?","R","BOSS","M","?","M","M","M","R","E","M","T","R","M","?","?","E","R","BOSS"],"build_version":"2019-01-23","purchased_purges":0,"victory":false,"max_hp_per_floor":[80,80,80,80,80,80,80,80,80,80,80,80,80,80,80,80,80,80,80,80,80,80,80,80,80,80,80,80,80,80,80,80,80],"card_choices":[{"not_picked":["Thunderclap","Shockwave"],"picked":"Uppercut","floor":1},{"not_picked":["Anger","Cleave"],"picked":"Pommel Strike","floor":3},{"not_picked":["Anger","Combust"],"picked":"Cleave","floor":7},{"not_picked":["Uppercut","Cleave"],"picked":"Twin Strike","floor":11},{"not_picked":["Evolve","Fire Breathing"],"picked":"Inflame","floor":12},{"not_picked":["Fiend Fire","Barricade"],"picked":"Immolate","floor":16},{"not_picked":["Cleave+1","Shockwave"],"picked":"Flex+1","floor":18},{"not_picked":["Shrug It Off+1","Corruption","Cleave"],"picked":"SKIP","floor":20},{"not_picked":["Clothesline","Barricade"],"picked":"Clash","floor":21},{"not_picked":["Clothesline+1","Thunderclap"],"picked":"Spot Weakness","floor":22},{"not_picked":["Feel No Pain","Havoc","Bludgeon"],"picked":"SKIP","floor":24},{"not_picked":["Iron Wave","Wild Strike"],"picked":"Battle Trance","floor":25},{"not_picked":["Cleave+1","Fire Breathing"],"picked":"Wild Strike+1","floor":28},{"not_picked":["Hemokinesis","True Grit"],"picked":"Whirlwind+1","floor":30},{"not_picked":["Warcry","Battle Trance","Body Slam+1"],"picked":"SKIP","floor":31}],"player_experience":284809,"relics_obtained":[{"floor":7,"key":"Anchor"},{"floor":9,"key":"Centennial Puzzle"},{"floor":19,"key":"Shovel"},{"floor":19,"key":"Shuriken"},{"floor":23,"key":"Orichalcum"},{"floor":24,"key":"Dead Branch"},{"floor":27,"key":"Calipers"},{"floor":31,"key":"War Paint"},{"floor":32,"key":"Ornamental Fan"}],"event_choices":[{"damage_healed":0,"gold_gain":0,"player_choice":"Entered Light","damage_taken":16,"max_hp_gain":0,"max_hp_loss":0,"event_name":"Shining Light","floor":2,"gold_loss":0,"cards_upgraded":["Uppercut","Defend_R"]},{"damage_healed":0,"gold_gain":0,"player_choice":"Paid Gold","damage_taken":0,"relics_obtained":["Dodecahedron"],"max_hp_gain":0,"max_hp_loss":0,"event_name":"WeMeetAgain","floor":5,"gold_loss":60},{"damage_healed":0,"gold_gain":0,"player_choice":"Grow","damage_taken":0,"max_hp_gain":0,"max_hp_loss":0,"event_name":"Living Wall","floor":14,"gold_loss":0,"cards_upgraded":["Double Tap"]},{"damage_healed":0,"gold_gain":0,"player_choice":"Fight","damage_taken":0,"max_hp_gain":0,"max_hp_loss":0,"event_name":"Colosseum","floor":19,"gold_loss":0},{"damage_healed":0,"gold_gain":0,"player_choice":"Fought Nobs","damage_taken":0,"max_hp_gain":0,"max_hp_loss":0,"event_name":"Colosseum","floor":19,"gold_loss":0},{"damage_healed":0,"gold_gain":0,"player_choice":"Upgraded Two","damage_taken":0,"max_hp_gain":0,"max_hp_loss":0,"event_name":"Designer","floor":29,"gold_loss":40,"cards_upgraded":["Clash","Strike_R"]}],"is_beta":false,"boss_relics":[{"not_picked":["Pandora\u0027s Box","Runic Dome"],"picked":"Mark of Pain"}],"items_purged_floors":[],"is_endless":false,"potions_floor_spawned":[1,3,19,19,25,28,31],"killed_by":"Automaton","ascension_level":0}