{"gold_per_floor":[115,115,136,21,21,65,31,31,56,231,231,254,254],"floor_reached":13,"playtime":663,"items_purged":["Strike_B"],"score":89,"play_id":"9ee8ded5-212a-4570-8514-6c6d0d6f9a67","local_time":"20190114081902","is_ascension_mode":true,"campfire_choices":[],"neow_cost":"NONE","seed_source_timestamp":224033287171367,"circlet_count":0,"master_deck":["Strike_B","Strike_B","Strike_B","Defend_B","Defend_B","Defend_B","Defend_B","Zap","Dualcast","Redo","Coolheaded","Melter","Seek","Loop+1","Doubt","Redo"],"special_seed":0,"relics":["Cracked Core","Golden Idol","Frozen Egg 2","Boot"],"potions_floor_usage":[6],"damage_taken":[{"damage":4.0,"enemies":"2 Louse","floor":1.0,"turns":3.0},{"damage":7.0,"enemies":"Small Slimes","floor":3.0,"turns":2.0},{"damage":38,"enemies":"Gremlin Nob","floor":6,"turns":4},{"damage":0,"enemies":"Cultist","floor":12,"turns":3},{"damage":9,"enemies":"Red Slaver","floor":13,"turns":1}],"seed_played":"639582489012907863","potions_obtained":[{"floor":3.0,"key":"SteroidPotion"}],"is_trial":false,"path_per_floor":["M","?","M","$","?","E","$","?","T","?","?","M","M"],"character_chosen":"DEFECT","items_purchased":["Melter","Loop+1"],"campfire_rested":0,"item_purchase_floors":[4,7],"current_hp_per_floor":[78,58,51,51,51,13,13,13,13,13,6,6,0],"gold":254,"neow_bonus":"TEN_PERCENT_HP_BONUS","is_prod":false,"is_daily":false,"chose_seed":false,"campfire_upgraded":0,"win_rate":0,"timestamp":1547446742,"path_taken":["M","?","M","$","?","E","$","?","T","?","?","M","M"],"build_version":"2019-01-10","purchased_purges":1,"victory":false,"max_hp_per_floor":[82,82,82,82,82,82,82,82,82,82,82,82,82],"card_choices":[{"not_picked":["Go for the Eyes","Steam"],"picked":"Redo","floor":1.0},{"not_picked":["Compile Driver","Sunder"],"picked":"Coolheaded","floor":3.0},{"not_picked":["Reprogram","Hello World+1"],"picked":"Seek","floor":6},{"not_picked":["Compile Driver","Barrage"],"picked":"Redo","floor":12}],"player_experience":230709,"relics_obtained":[{"floor":6,"key":"Boot"}],"event_choices":[{"damage_healed":0.0,"max_hp_gain":0.0,"max_hp_loss":0.0,"gold_gain":0.0,"event_name":"Golden Idol","player_choice":"Take Damage","floor":2.0,"gold_loss":0.0,"damage_taken":20.0,"relics_obtained":["Golden Idol"]},{"damage_healed":0,"gold_gain":0,"player_choice":"Box","damage_taken":0,"relics_obtained":["Frozen Egg 2"],"max_hp_gain":0,"max_hp_loss":0,"event_name":"Big Fish","floor":5,"gold_loss":0,"cards_obtained":["Regret"]},{"damage_healed":0,"gold_gain":0,"player_choice":"Ignored","damage_taken":0,"max_hp_gain":0,"max_hp_loss":0,"event_name":"Shining Light","floor":8,"gold_loss":0},{"damage_healed":0,"gold_gain":175,"player_choice":"AGREE","damage_taken":0,"max_hp_gain":0,"max_hp_loss":0,"event_name":"Liars Game","floor":10,"gold_loss":0,"cards_obtained":["Doubt"]},{"cards_removed":["Regret"],"damage_healed":0,"gold_gain":0,"player_choice":"Card Removal","damage_taken":7,"max_hp_gain":0,"max_hp_loss":0,"event_name":"Golden Wing","floor":11,"gold_loss":0}],"is_beta":false,"boss_relics":[],"items_purged_floors":[4],"is_endless":false,"potions_floor_spawned":[3],"killed_by":"Red Slaver","ascension_level":2}