{"gold_per_floor":[117,136,154,169,169,196,196,222,222,222,233,233,65,85,85,180,180,195,210,300,312,332,332,348,365,445,456,456,470,470,484,484,579,579,591,301,301,311,229,229,242,261,329,329,349,349,148,148,148,148],"floor_reached":50,"playtime":2877,"items_purged":["Strike_B","Writhe"],"score":535,"play_id":"95ec8050-45f0-4e5f-a71b-760e4e980e44","local_time":"20181105223602","is_ascension_mode":false,"campfire_choices":[{"data":"Electrodynamics","floor":7,"key":"SMITH"},{"data":"Zap","floor":12,"key":"SMITH"},{"data":"Dualcast","floor":15,"key":"SMITH"},{"floor":23,"key":"REST"},{"floor":30,"key":"REST"},{"floor":32,"key":"REST"},{"data":"Biased Cognition","floor":40,"key":"SMITH"},{"data":"Coolheaded","floor":44,"key":"SMITH"},{"floor":46,"key":"REST"},{"data":"Loop","floor":49,"key":"SMITH"}],"neow_cost":"CURSE","seed_source_timestamp":8890605613354,"circlet_count":0,"master_deck":["Zap+1","Dualcast+1","Electrodynamics+1","Gash","Go for the Eyes","Compile Driver","Darkness","Ball Lightning","Barrage","Steam","Capacitor","Conserve Battery","Leap","Biased Cognition+1","Beam Cell","Conserve Battery","White Noise","Steam","Leap","Redo","Steam","Skim","Gash","Coolheaded+1","Gash","Cold Snap","Blind","Force Field","Reinforced Body+1","Amplify","Redo","Loop+1","Doom and Gloom","Static Discharge","Hologram","FTL+1","Creative AI"],"relics":["Cracked Core","Calipers","PreservedInsect","Matryoshka","Pandora\u0027s Box","Bag of Preparation","The Courier","Sozu","Dream Catcher","Lantern","Meat on the Bone","Pantograph","Darkstone Periapt"],"potions_floor_usage":[27,27,29,31,33,50],"damage_taken":[{"damage":0,"enemies":"Cultist","floor":1,"turns":3},{"damage":0,"enemies":"2 Louse","floor":2,"turns":2},{"damage":0,"enemies":"Jaw Worm","floor":3,"turns":3},{"damage":2,"enemies":"Looter","floor":4,"turns":3},{"damage":21,"enemies":"Lagavulin","floor":6,"turns":7},{"damage":4,"enemies":"3 Sentries","floor":8,"turns":3},{"damage":0,"enemies":"Lots of Slimes","floor":11,"turns":1},{"damage":3,"enemies":"Large Slime","floor":14,"turns":3},{"damage":0,"enemies":"Slime Boss","floor":16,"turns":6},{"damage":15,"enemies":"3 Byrds","floor":18,"turns":5},{"damage":13,"enemies":"Shell Parasite","floor":19,"turns":4},{"damage":0,"enemies":"Centurion and Healer","floor":21,"turns":3},{"damage":16,"enemies":"Chosen and Byrds","floor":22,"turns":7},{"damage":11,"enemies":"3 Cultists","floor":24,"turns":3},{"damage":15,"enemies":"Snake Plant","floor":25,"turns":3},{"damage":10,"enemies":"Snecko","floor":27,"turns":4},{"damage":0,"enemies":"Cultist and Chosen","floor":29,"turns":5},{"damage":9,"enemies":"Snake Plant","floor":31,"turns":5},{"damage":12,"enemies":"Champ","floor":33,"turns":10},{"damage":5,"enemies":"Orb Walker","floor":35,"turns":4},{"damage":13,"enemies":"3 Darklings","floor":38,"turns":7},{"damage":15,"enemies":"Jaw Worm Horde","floor":41,"turns":6},{"damage":0,"enemies":"Transient","floor":42,"turns":5},{"damage":4,"enemies":"Maw","floor":45,"turns":7},{"damage":82,"enemies":"Awakened One","floor":50,"turns":6}],"seed_played":"3010805431704274417","potions_obtained":[{"floor":1,"key":"Weak Potion"},{"floor":4,"key":"EntropicBrew"},{"floor":11,"key":"Fire Potion"},{"floor":27,"key":"Block Potion"},{"floor":33,"key":"Dexterity Potion"}],"is_trial":false,"path_per_floor":["M","M","M","M","?","E","R","E","T","?","M","R","$","M","R","B",null,"M","M","?","M","M","R","M","M","T","M","?","M","R","M","R","B",null,"M","$","?","M","$","R","M","M","T","R","M","R","$","T","R","B"],"character_chosen":"DEFECT","items_purchased":["Capacitor","Conserve Battery","Loop","Doom and Gloom","Dream Catcher","Static Discharge","Hologram","Pantograph"],"campfire_rested":4,"item_purchase_floors":[13,13,36,36,36,39,39,47],"current_hp_per_floor":[75,75,75,73,73,52,52,48,48,73,73,73,73,70,70,70,75,60,47,33,33,17,39,28,13,13,3,3,3,25,16,38,26,75,70,70,70,57,57,57,42,42,42,42,38,60,60,60,60,0],"gold":148,"neow_bonus":"THREE_RARE_CARDS","is_prod":false,"is_daily":false,"chose_seed":false,"campfire_upgraded":6,"win_rate":0,"timestamp":1541475362,"path_taken":["M","?","M","M","?","E","R","E","T","?","M","R","$","M","R","BOSS","M","M","?","?","M","R","M","M","T","M","?","M","R","M","R","BOSS","M","$","?","?","$","R","M","M","T","R","M","R","?","?","R","BOSS"],"build_version":"2018-11-01","purchased_purges":2,"victory":false,"max_hp_per_floor":[75,75,75,75,75,75,75,75,75,75,75,75,75,75,75,75,75,75,75,75,75,75,75,75,75,75,75,75,75,75,75,75,75,75,75,75,75,75,75,75,75,75,75,75,75,75,75,75,75,75],"card_choices":[{"not_picked":["Hyperbeam","Buffer"],"picked":"Electrodynamics","floor":0},{"not_picked":["Lockon","Beam Cell"],"picked":"Gash","floor":1},{"not_picked":["Ball Lightning","Blizzard"],"picked":"Go for the Eyes","floor":2},{"not_picked":["Streamline","Recycle"],"picked":"Compile Driver","floor":3},{"not_picked":["Chaos","Fusion"],"picked":"Darkness","floor":4},{"not_picked":["Self Repair","Chaos"],"picked":"Ball Lightning","floor":6},{"not_picked":["Reinforced Body","Sweeping Beam"],"picked":"Barrage","floor":8},{"not_picked":["Reinforced Body","Beam Cell"],"picked":"Steam","floor":11},{"not_picked":["Electrodynamics","Turbo"],"picked":"Leap","floor":14},{"not_picked":["Hyperbeam","Seek"],"picked":"Biased Cognition","floor":16},{"not_picked":["Capacitor","Reinforced Body"],"picked":"Skim","floor":18},{"not_picked":["Darkness","Turbo+1"],"picked":"Gash","floor":19},{"not_picked":["Rebound","Go for the Eyes"],"picked":"Coolheaded","floor":21},{"not_picked":["Sweeping Beam","Skim"],"picked":"Gash","floor":22},{"not_picked":["Streamline","White Noise"],"picked":"Cold Snap","floor":24},{"not_picked":["Fusion","Buffer","Rebound"],"picked":"SKIP","floor":25},{"not_picked":["Beam Cell","Blizzard+1","Compile Driver"],"picked":"SKIP","floor":27},{"not_picked":["Leap+1","Force Field+1"],"picked":"Reinforced Body+1","floor":29},{"not_picked":["Compile Driver","Auto Shields","Barrage"],"picked":"SKIP","floor":31},{"not_picked":["Machine Learning","Meteor Strike"],"picked":"Amplify","floor":33},{"not_picked":["Steam","Turbo"],"picked":"Redo","floor":35},{"not_picked":["Beam Cell","Hello World+1","Compile Driver+1"],"picked":"SKIP","floor":38},{"not_picked":["Rip and Tear","Gash+1"],"picked":"FTL+1","floor":41},{"not_picked":["Beam Cell+1","Leap+1","Barrage+1"],"picked":"SKIP","floor":42},{"not_picked":["Hologram","Sweeping Beam","Undo"],"picked":"SKIP","floor":45},{"not_picked":["Coolheaded+1","Conserve Battery"],"picked":"Creative AI","floor":46}],"player_experience":117508,"relics_obtained":[{"floor":6,"key":"Calipers"},{"floor":8,"key":"PreservedInsect"},{"floor":9,"key":"Matryoshka"},{"floor":26,"key":"Bag of Preparation"},{"floor":26,"key":"The Courier"},{"floor":43,"key":"Lantern"},{"floor":43,"key":"Meat on the Bone"},{"floor":48,"key":"Darkstone Periapt"}],"event_choices":[{"damage_healed":0,"gold_gain":0,"player_choice":"Leave","damage_taken":0,"max_hp_gain":0,"max_hp_loss":0,"event_name":"The Cleric","floor":5,"gold_loss":0},{"damage_healed":25,"gold_gain":0,"player_choice":"Banana","damage_taken":0,"max_hp_gain":0,"max_hp_loss":0,"event_name":"Big Fish","floor":10,"gold_loss":0},{"damage_healed":0,"gold_gain":90,"player_choice":"GOLD ","damage_taken":14,"max_hp_gain":0,"max_hp_loss":0,"event_name":"Knowing Skull","floor":20,"potions_obtained":[],"gold_loss":0,"cards_obtained":[]},{"damage_healed":0,"gold_gain":0,"player_choice":"2 cards matched","damage_taken":0,"max_hp_gain":0,"max_hp_loss":0,"event_name":"Match and Keep!","floor":28,"gold_loss":0,"cards_obtained":["Blind","Force Field"]},{"damage_healed":0,"gold_gain":0,"player_choice":"Bought 0 Potions","damage_taken":0,"max_hp_gain":0,"max_hp_loss":0,"event_name":"The Woman in Blue","floor":37,"gold_loss":0}],"is_beta":false,"boss_relics":[{"not_picked":["Tiny House","Coffee Dripper"],"picked":"Pandora\u0027s Box"},{"not_picked":["Calling Bell","Cursed Key"],"picked":"Sozu"}],"items_purged_floors":[13,36],"is_endless":false,"potions_floor_spawned":[1,4,11,14,16,18,22,25,27,33,38,41],"killed_by":"Awakened One","ascension_level":0}