{"gold_per_floor":[110,125,139,149,167,193,163,183,183,183],"floor_reached":10,"playtime":870,"items_purged":[],"score":72,"play_id":"c2081b58-9626-4d7b-943a-13f110064941","local_time":"20190519030543","is_ascension_mode":false,"campfire_choices":[],"neow_cost":"NONE","seed_source_timestamp":202921198996014,"circlet_count":0,"master_deck":["Strike_B","Strike_B","Strike_B","Strike_B","Defend_B","Defend_B","Defend_B","Defend_B+1","Zap","Dualcast","Conserve Battery+1","Compile Driver","Hologram","FTL","Coolheaded","Machine Learning","Cold Snap"],"relics":["Black Star","Dodecahedron","War Paint","PreservedInsect"],"potions_floor_usage":[6],"damage_taken":[{"damage":1,"enemies":"Cultist","floor":1,"turns":4},{"damage":6,"enemies":"Jaw Worm","floor":2,"turns":4},{"damage":7,"enemies":"2 Louse","floor":3,"turns":2},{"damage":24,"enemies":"Large Slime","floor":4,"turns":6},{"damage":8,"enemies":"2 Fungi Beasts","floor":5,"turns":4},{"damage":13,"enemies":"3 Sentries","floor":6,"turns":11},{"damage":5,"enemies":"Looter","floor":7,"turns":4},{"damage":5,"enemies":"Blue Slaver","floor":8,"turns":5},{"damage":7,"enemies":"2 Fungi Beasts","floor":10,"turns":2}],"seed_played":"3654301885076663705","potions_obtained":[{"floor":4,"key":"AttackPotion"}],"is_trial":false,"path_per_floor":["M","M","M","M","M","E","M","M","T","M"],"character_chosen":"DEFECT","items_purchased":[],"campfire_rested":0,"item_purchase_floors":[],"current_hp_per_floor":[74,68,61,37,29,16,11,6,6,0],"gold":183,"neow_bonus":"BOSS_RELIC","is_prod":false,"is_daily":false,"chose_seed":false,"campfire_upgraded":0,"win_rate":0.0,"timestamp":1558249543,"path_taken":["M","M","M","M","M","E","M","M","T","M"],"build_version":"2019-01-23","purchased_purges":0,"victory":false,"max_hp_per_floor":[75,75,75,75,75,75,75,75,75,75],"card_choices":[{"not_picked":["Go for the Eyes","Redo"],"picked":"Conserve Battery","floor":1},{"not_picked":["Streamline","Barrage"],"picked":"Compile Driver","floor":2},{"not_picked":["Stack","Streamline"],"picked":"Hologram","floor":3},{"not_picked":["Go for the Eyes","Beam Cell"],"picked":"FTL","floor":4},{"not_picked":["Turbo","Stack"],"picked":"Coolheaded","floor":5},{"not_picked":["Self Repair","Steam"],"picked":"Machine Learning","floor":6},{"not_picked":["Barrage","Streamline","Beam Cell"],"picked":"SKIP","floor":7},{"not_picked":["Leap","Go for the Eyes"],"picked":"Cold Snap","floor":8}],"player_experience":255761,"relics_obtained":[{"floor":6,"key":"Dodecahedron"},{"floor":6,"key":"War Paint"},{"floor":9,"key":"PreservedInsect"}],"event_choices":[],"is_beta":false,"boss_relics":[],"items_purged_floors":[],"is_endless":false,"potions_floor_spawned":[4],"killed_by":"2 Fungi Beasts","ascension_level":0}