{"gold_per_floor":[116,127,11,11,26,26,88,88,88,117,136,136,170,183,183,306,306,331,256,121,121,142,177,177,191,191,191,229,244,258,271,271,402,402,422,422,443,64,64,107,107,143,194,194,194,218,233,252,252,252,252,252,86,125,125],"floor_reached":56,"playtime":3013,"items_purged":["Strike_G"],"score":1562,"play_id":"34d832c7-38eb-4e87-8ac4-bcce774e8c0a","local_time":"20181208181834","is_ascension_mode":true,"campfire_choices":[{"data":"Neutralize","floor":6,"key":"SMITH"},{"data":"Endless Agony","floor":8,"key":"SMITH"},{"data":"Crippling Poison","floor":15,"key":"SMITH"},{"data":"Malaise","floor":24,"key":"SMITH"},{"data":"Dodge and Roll","floor":27,"key":"SMITH"},{"data":"Noxious Fumes","floor":32,"key":"SMITH"},{"data":"Deadly Poison","floor":41,"key":"SMITH"},{"floor":45,"key":"RECALL"},{"data":"Dodge and Roll","floor":49,"key":"SMITH"},{"floor":52,"key":"REST"}],"neow_cost":"NONE","seed_source_timestamp":116771721001356,"circlet_count":0,"master_deck":["Defend_G+1","Defend_G+1","Defend_G+1","Defend_G+1","Defend_G+1","Strike_G+1","Strike_G+1","Survivor+1","Neutralize+1","Noxious Fumes+1","Endless Agony+1","Backstab+1","PiercingWail+1","Dagger Throw+1","Poisoned Stab+1","Cloak And Dagger+1","Backflip+1","Crippling Poison+1","Dagger Throw+1","Malaise+1","Well Laid Plans+1","Dodge and Roll+1","PiercingWail+1","Endless Agony+1","Terror+1","Blade Dance+1","Glass Knife+1","Slice+1","Leg Sweep+1","Adrenaline+1","Caltrops+1","PiercingWail+1","Glass Knife+1","Bandage Up+1","Deadly Poison+1","Blade Dance+1","Footwork+1","Dodge and Roll+1","Catalyst+1","Catalyst","Noxious Fumes","Mind Blast+1","Deadly Poison"],"relics":["Ring of the Snake","Lantern","Tiny Chest","Kunai","Matryoshka","Golden Idol","Bag of Preparation","Sozu","Bronze Scales","Molten Egg 2","Dream Catcher","Whetstone","PreservedInsect","Philosopher\u0027s Stone","Snake Skull","Oddly Smooth Stone","Smiling Mask","Happy Flower","Mark of the Bloom","Ninja Scroll"],"potions_floor_usage":[50,55],"damage_taken":[{"damage":0,"enemies":"Small Slimes","floor":1,"turns":3},{"damage":1,"enemies":"Cultist","floor":2,"turns":5},{"damage":0,"enemies":"Jaw Worm","floor":5,"turns":2},{"damage":21,"enemies":"Gremlin Nob","floor":7,"turns":4},{"damage":6,"enemies":"3 Sentries","floor":10,"turns":7},{"damage":0,"enemies":"Large Slime","floor":11,"turns":4},{"damage":22,"enemies":"Lagavulin","floor":13,"turns":5},{"damage":0,"enemies":"Blue Slaver","floor":14,"turns":3},{"damage":9,"enemies":"Hexaghost","floor":16,"turns":10},{"damage":1,"enemies":"Spheric Guardian","floor":18,"turns":4},{"damage":0,"enemies":"3 Byrds","floor":22,"turns":3},{"damage":9,"enemies":"Slavers","floor":23,"turns":5},{"damage":2,"enemies":"Shelled Parasite and Fungi","floor":25,"turns":4},{"damage":7,"enemies":"Book of Stabbing","floor":28,"turns":6},{"damage":10,"enemies":"Sentry and Sphere","floor":29,"turns":5},{"damage":0,"enemies":"3 Cultists","floor":30,"turns":5},{"damage":0,"enemies":"Shelled Parasite and Fungi","floor":31,"turns":3},{"damage":18,"enemies":"Collector","floor":33,"turns":12},{"damage":0,"enemies":"3 Shapes","floor":35,"turns":4},{"damage":8,"enemies":"3 Darklings","floor":37,"turns":4},{"damage":2,"enemies":"Nemesis","floor":40,"turns":5},{"damage":0,"enemies":"Giant Head","floor":42,"turns":7},{"damage":0,"enemies":"Spire Growth","floor":46,"turns":3},{"damage":0,"enemies":"4 Shapes","floor":47,"turns":3},{"damage":17,"enemies":"3 Darklings","floor":48,"turns":3},{"damage":0,"enemies":"Time Eater","floor":50,"turns":11},{"damage":0,"enemies":"Shield and Spear","floor":54,"turns":4},{"damage":41,"enemies":"The Heart","floor":55,"turns":10}],"seed_played":"4231296505421865986","potions_obtained":[{"floor":2,"key":"Energy Potion"},{"floor":10,"key":"FearPotion"},{"floor":13,"key":"SkillPotion"}],"is_trial":false,"path_per_floor":["M","M","$","?","M","R","E","R","T","E","M","?","E","M","R","B",null,"M","?","$","?","M","E","R","M","T","R","E","M","M","M","R","B",null,"M","?","M","$","?","E","R","E","T","?","R","M","M","M","R","B",null,"R","$","E","B",null],"character_chosen":"THE_SILENT","items_purchased":["Backstab","PiercingWail","Well Laid Plans","Dodge and Roll","PiercingWail","Snake Skull","Glass Knife+1","Noxious Fumes","Mind Blast+1"],"campfire_rested":1,"item_purchase_floors":[3,3,20,20,20,38,38,53,53],"current_hp_per_floor":[70,69,69,69,69,69,48,48,48,42,42,42,20,20,20,11,65,64,64,64,64,64,55,55,53,53,53,46,36,36,36,36,18,65,65,65,57,57,57,59,59,63,63,63,63,63,63,46,46,46,46,46,46,46,5],"gold":125,"neow_bonus":"RANDOM_COMMON_RELIC","is_prod":false,"is_daily":false,"chose_seed":false,"campfire_upgraded":8,"win_rate":0,"timestamp":1544311114,"path_taken":["M","M","$","?","M","R","E","R","T","E","?","?","E","M","R","BOSS","M","?","$","?","M","E","R","M","T","R","E","?","M","M","R","BOSS","M","?","M","$","?","E","R","E","T","?","R","M","M","M","R","BOSS","R","$","E","BOSS"],"build_version":"2018-12-06","purchased_purges":1,"victory":true,"max_hp_per_floor":[70,70,70,70,70,70,70,70,70,70,70,65,65,65,65,65,65,65,65,65,65,65,65,65,65,65,65,65,65,65,65,65,65,65,65,65,65,65,65,65,65,65,65,65,65,65,65,65,65,65,65,65,65,65,65],"card_choices":[{"not_picked":["Dodge and Roll","PiercingWail"],"picked":"Noxious Fumes","floor":1},{"not_picked":["Prepared","Deflect"],"picked":"Endless Agony","floor":2},{"not_picked":["Heel Hook","Blur"],"picked":"Dagger Throw","floor":5},{"not_picked":["Underhanded Strike","Backstab"],"picked":"Poisoned Stab","floor":7},{"not_picked":["Wraith Form v2","Underhanded Strike"],"picked":"Cloak And Dagger","floor":10},{"not_picked":["Bouncing Flask","Cloak And Dagger"],"picked":"Backflip","floor":11},{"not_picked":["Grand Finale","Blade Dance"],"picked":"Crippling Poison","floor":13},{"not_picked":["Prepared","Distraction"],"picked":"Dagger Throw","floor":14},{"not_picked":["Envenom","Bullet Time"],"picked":"Malaise","floor":16},{"not_picked":["Heel Hook","Outmaneuver"],"picked":"Flying Knee","floor":18},{"not_picked":["Eviscerate","Expertise"],"picked":"Endless Agony","floor":22},{"not_picked":["Deflect","Backflip"],"picked":"Terror+1","floor":23},{"not_picked":["Finisher+1","Quick Slash+1"],"picked":"Blade Dance+1","floor":25},{"not_picked":["Poisoned Stab+1","Sucker Punch+1"],"picked":"Glass Knife+1","floor":28},{"not_picked":["Masterful Stab+1","Sucker Punch+1"],"picked":"Slice+1","floor":29},{"not_picked":["Distraction","Prepared","Underhanded Strike+1"],"picked":"SKIP","floor":30},{"not_picked":["Choke+1","Flying Knee+1"],"picked":"Leg Sweep+1","floor":31},{"not_picked":["Bullet Time","Glass Knife+1"],"picked":"Adrenaline","floor":33},{"not_picked":["Accuracy","Bouncing Flask"],"picked":"Caltrops+1","floor":35},{"not_picked":["Accuracy+1","Tactician"],"picked":"PiercingWail","floor":37},{"not_picked":["Deep Breath","Chrysalis"],"picked":"Bandage Up","floor":39},{"not_picked":["Underhanded Strike+1","Endless Agony+1"],"picked":"Deadly Poison","floor":40},{"not_picked":["Leg Sweep+1","Wraith Form v2"],"picked":"Blade Dance+1","floor":42},{"not_picked":["Calculated Gamble+1","Expertise+1"],"picked":"Footwork+1","floor":46},{"not_picked":["Leg Sweep","Bane+1"],"picked":"Dodge and Roll","floor":47},{"not_picked":["Backflip+1","Outmaneuver+1"],"picked":"Catalyst+1","floor":48},{"not_picked":["Deflect+1","Phantasmal Killer"],"picked":"Catalyst","floor":52},{"not_picked":["Infinite Blades","Slice+1"],"picked":"Deadly Poison","floor":54}],"player_experience":294168,"relics_obtained":[{"floor":7,"key":"Tiny Chest"},{"floor":9,"key":"Kunai"},{"floor":10,"key":"Matryoshka"},{"floor":13,"key":"Bag of Preparation"},{"floor":23,"key":"Molten Egg 2"},{"floor":26,"key":"Dream Catcher"},{"floor":26,"key":"Whetstone"},{"floor":28,"key":"PreservedInsect"},{"floor":40,"key":"Oddly Smooth Stone"},{"floor":42,"key":"Smiling Mask"},{"floor":43,"key":"Happy Flower"},{"floor":54,"key":"Ninja Scroll"}],"event_choices":[{"cards_removed":["Strike_G"],"damage_healed":0,"gold_gain":0,"player_choice":"Card Removal","damage_taken":0,"max_hp_gain":0,"max_hp_loss":0,"event_name":"Wheel of Change","floor":4,"gold_loss":0},{"damage_healed":0,"gold_gain":0,"player_choice":"Lose Max HP","damage_taken":0,"relics_obtained":["Golden Idol"],"max_hp_gain":0,"max_hp_loss":5,"event_name":"Golden Idol","floor":12,"gold_loss":0},{"cards_removed":["Strike_G"],"damage_healed":0,"gold_gain":0,"player_choice":"Gave Gold","damage_taken":0,"max_hp_gain":0,"max_hp_loss":0,"event_name":"Beggar","floor":19,"gold_loss":75},{"cards_removed":["Flying Knee"],"damage_healed":0,"gold_gain":0,"player_choice":"Gave Card","damage_taken":0,"relics_obtained":["Bronze Scales"],"max_hp_gain":0,"max_hp_loss":0,"event_name":"WeMeetAgain","floor":21,"gold_loss":0},{"damage_healed":0,"gold_gain":0,"player_choice":"Ignored","damage_taken":0,"max_hp_gain":0,"max_hp_loss":0,"event_name":"Mysterious Sphere","floor":36,"gold_loss":0},{"damage_healed":0,"gold_gain":0,"player_choice":"Memory 1","damage_taken":0,"max_hp_gain":0,"max_hp_loss":0,"event_name":"SensoryStone","floor":39,"gold_loss":0},{"damage_healed":0,"gold_gain":0,"player_choice":"Upgrade","damage_taken":0,"relics_obtained":["Mark of the Bloom"],"max_hp_gain":0,"max_hp_loss":0,"event_name":"MindBloom","floor":44,"gold_loss":0,"cards_upgraded":["Defend_G","Defend_G","Defend_G","Defend_G","Defend_G","Strike_G","Survivor","Backstab","PiercingWail","Dagger Throw","Poisoned Stab","Cloak And Dagger","Backflip","Well Laid Plans","PiercingWail","Endless Agony","Adrenaline","PiercingWail","Bandage Up"]}],"is_beta":false,"boss_relics":[{"not_picked":["Velvet Choker","Runic Dome"],"picked":"Sozu"},{"not_picked":["Pandora\u0027s Box","Busted Crown"],"picked":"Philosopher\u0027s Stone"}],"items_purged_floors":[38],"is_endless":false,"potions_floor_spawned":[2,10,13,14,16,18,25,30,31,33,35,37],"ascension_level":3}