{"gold_per_floor":[116,133,149,224,174,203,213,213,213,213],"floor_reached":10,"playtime":365,"items_purged":[],"score":116,"play_id":"b8e210d0-5202-497d-b8a3-4c1c28a1ae14","local_time":"20190129134348","is_ascension_mode":true,"campfire_choices":[],"neow_cost":"NONE","seed_source_timestamp":1539309997232540,"circlet_count":0,"master_deck":["AscendersBane","Strike_R","Strike_R","Strike_R+1","Strike_R","Defend_R","Defend_R","Defend_R","Defend_R","Bash","Dropkick","Headbutt","Inflame","Limit Break+1"],"special_seed":0,"relics":["Burning Blood","NeowsBlessing","Singing Bowl","Self Forming Clay"],"potions_floor_usage":[10],"damage_taken":[{"damage":0.0,"enemies":"Cultist","floor":1.0,"turns":1.0},{"damage":0.0,"enemies":"Jaw Worm","floor":2.0,"turns":1.0},{"damage":0.0,"enemies":"Small Slimes","floor":3.0,"turns":1.0},{"damage":25.0,"enemies":"Lagavulin","floor":6.0,"turns":5.0},{"damage":19,"enemies":"Blue Slaver","floor":7,"turns":5},{"damage":20,"enemies":"3 Sentries","floor":10,"turns":4}],"seed_played":"8528346907542711968","potions_obtained":[{"floor":3.0,"key":"Strength Potion"},{"floor":7,"key":"LiquidBronze"}],"is_trial":false,"path_per_floor":["M","M","M","?","?","E","M","?","T","E"],"character_chosen":"IRONCLAD","items_purchased":[],"campfire_rested":0,"item_purchase_floors":[],"current_hp_per_floor":[74,75,75,64,64,47,34,19,19,0],"gold":213,"neow_bonus":"THREE_ENEMY_KILL","is_prod":false,"is_daily":false,"chose_seed":false,"campfire_upgraded":0,"win_rate":0,"timestamp":1548762228,"path_taken":["M","?","M","?","?","E","M","?","T","E"],"build_version":"2019-01-23","purchased_purges":0,"victory":false,"max_hp_per_floor":[75,75,75,75,75,77,77,77,77,77],"card_choices":[{"not_picked":["Perfected Strike","Searing Blow"],"picked":"Dropkick","floor":1.0},{"not_picked":["Second Wind","Burning Pact"],"picked":"Headbutt","floor":2.0},{"not_picked":["Combust","Hemokinesis"],"picked":"Inflame","floor":3.0},{"not_picked":["Twin Strike","Evolve","Battle Trance"],"picked":"Singing Bowl","floor":6},{"not_picked":["Body Slam","Perfected Strike"],"picked":"Limit Break","floor":7}],"player_experience":449525,"relics_obtained":[{"floor":6,"key":"Singing Bowl"},{"floor":9,"key":"Self Forming Clay"}],"event_choices":[{"damage_healed":0.0,"max_hp_gain":0.0,"max_hp_loss":0.0,"gold_gain":75.0,"event_name":"World of Goop","player_choice":"Gather Gold","floor":4.0,"gold_loss":0.0,"damage_taken":11.0},{"cards_removed":["Strike_R"],"damage_healed":0.0,"max_hp_gain":0.0,"max_hp_loss":0.0,"gold_gain":0.0,"event_name":"The Cleric","player_choice":"Card Removal","floor":5.0,"gold_loss":50.0,"damage_taken":0.0},{"damage_healed":0,"gold_gain":0,"player_choice":"Entered Light","damage_taken":15,"max_hp_gain":0,"max_hp_loss":0,"event_name":"Shining Light","floor":8,"gold_loss":0,"cards_upgraded":["Limit Break","Strike_R"]}],"is_beta":false,"boss_relics":[],"items_purged_floors":[],"is_endless":false,"potions_floor_spawned":[3,7],"killed_by":"3 Sentries","ascension_level":14}