{"gold_per_floor":[117,131,131,145,162,162,178,178,178,191,205,219,238,163,163,260,260,279,279,307,319,331,4,4,4],"floor_reached":25,"playtime":1200,"items_purged":["Strike_R","Strike_R"],"score":199,"play_id":"550aa42f-9c0c-47d9-93cb-a199d706b61c","local_time":"20181209155153","is_ascension_mode":false,"campfire_choices":[{"data":"Bash","floor":6,"key":"SMITH"},{"data":"Dropkick","floor":8,"key":"SMITH"},{"floor":15,"key":"REST"}],"neow_cost":"NONE","seed_source_timestamp":196649840808048,"circlet_count":0,"master_deck":["Strike_R","Strike_R","Strike_R","Defend_R","Defend_R","Defend_R","Defend_R","Bash+1","Clash","Dropkick+1","Shrug It Off"],"relics":["Burning Blood","NeowsBlessing","Dream Catcher","Busted Crown","MutagenicStrength","Red Mask","Membership Card","Ancient Tea Set"],"potions_floor_usage":[12,12,16,16],"damage_taken":[{"damage":0,"enemies":"2 Louse","floor":1,"turns":1},{"damage":0,"enemies":"Cultist","floor":2,"turns":1},{"damage":0,"enemies":"Small Slimes","floor":4,"turns":1},{"damage":8,"enemies":"3 Louse","floor":5,"turns":3},{"damage":19,"enemies":"Blue Slaver","floor":7,"turns":3},{"damage":10,"enemies":"Looter","floor":10,"turns":2},{"damage":24,"enemies":"Exordium Thugs","floor":11,"turns":3},{"damage":20,"enemies":"Lots of Slimes","floor":12,"turns":3},{"damage":13,"enemies":"Gremlin Gang","floor":13,"turns":4},{"damage":45,"enemies":"The Guardian","floor":16,"turns":15},{"damage":5,"enemies":"Chosen","floor":18,"turns":4},{"damage":24,"enemies":"Masked Bandits","floor":20,"turns":5},{"damage":18,"enemies":"Spheric Guardian","floor":21,"turns":4},{"damage":2,"enemies":"Snecko","floor":22,"turns":4},{"damage":28,"enemies":"Colosseum Slavers","floor":24,"turns":5},{"damage":33,"enemies":"Slavers","floor":25,"turns":6}],"seed_played":"6627116069116458074","potions_obtained":[{"floor":2,"key":"BloodPotion"},{"floor":3,"key":"Fire Potion"},{"floor":3,"key":"Block Potion"},{"floor":11,"key":"AttackPotion"},{"floor":13,"key":"SkillPotion"}],"is_trial":false,"path_per_floor":["M","M","?","M","M","R","M","R","T","M","M","M","M","$","R","B",null,"M","?","?","M","M","$","?","E"],"character_chosen":"IRONCLAD","items_purchased":["Membership Card","Ancient Tea Set"],"campfire_rested":1,"item_purchase_floors":[23,23],"current_hp_per_floor":[80,80,80,80,78,78,65,65,65,61,43,37,30,30,54,15,80,80,80,62,50,54,54,32,0],"gold":4,"neow_bonus":"THREE_ENEMY_KILL","is_prod":false,"is_daily":false,"chose_seed":false,"campfire_upgraded":2,"win_rate":0,"timestamp":1544388713,"path_taken":["M","M","?","?","M","R","M","R","T","?","M","M","M","$","R","BOSS","M","?","?","M","M","$","?","E"],"build_version":"2018-12-06","purchased_purges":2,"victory":false,"max_hp_per_floor":[80,80,80,80,80,80,80,80,80,80,80,80,80,80,80,80,80,80,80,80,80,80,80,80,80],"card_choices":[{"not_picked":["True Grit","Twin Strike"],"picked":"Clash","floor":1},{"not_picked":["Rampage","Shrug It Off"],"picked":"Dropkick","floor":2},{"not_picked":["Heavy Blade","Battle Trance","Clash"],"picked":"SKIP","floor":4},{"not_picked":["Entrench","Warcry","Thunderclap"],"picked":"SKIP","floor":5},{"not_picked":["Body Slam","Headbutt","Sword Boomerang"],"picked":"SKIP","floor":7},{"not_picked":["Cleave","Sword Boomerang","Perfected Strike"],"picked":"SKIP","floor":10},{"not_picked":["Feel No Pain","Rupture","Metallicize"],"picked":"SKIP","floor":11},{"not_picked":["Reckless Charge","Sword Boomerang","Rampage"],"picked":"SKIP","floor":12},{"not_picked":["Fire Breathing","Rupture","Anger"],"picked":"SKIP","floor":13},{"not_picked":["Inflame","Headbutt"],"picked":"Shrug It Off","floor":15},{"not_picked":["Twin Strike"],"picked":"SKIP","floor":18},{"not_picked":["Flame Barrier+1"],"picked":"SKIP","floor":21},{"not_picked":["Feel No Pain+1"],"picked":"SKIP","floor":22}],"player_experience":302735,"relics_obtained":[{"floor":9,"key":"Dream Catcher"},{"floor":20,"key":"Red Mask"}],"event_choices":[{"damage_healed":0,"gold_gain":0,"player_choice":"Got Potions","damage_taken":0,"max_hp_gain":0,"max_hp_loss":0,"event_name":"Lab","floor":3,"gold_loss":0},{"damage_healed":0,"gold_gain":0,"player_choice":"Inject Mutagens","damage_taken":0,"relics_obtained":["MutagenicStrength"],"max_hp_gain":0,"max_hp_loss":0,"event_name":"Drug Dealer","floor":19,"gold_loss":0},{"damage_healed":0,"gold_gain":0,"player_choice":"Fought Bandits","damage_taken":0,"max_hp_gain":0,"max_hp_loss":0,"event_name":"Masked Bandits","floor":20,"gold_loss":0},{"damage_healed":0,"gold_gain":0,"player_choice":"Fight","damage_taken":0,"max_hp_gain":0,"max_hp_loss":0,"event_name":"Colosseum","floor":24,"gold_loss":0},{"damage_healed":0,"gold_gain":0,"player_choice":"Fled From Nobs","damage_taken":0,"max_hp_gain":0,"max_hp_loss":0,"event_name":"Colosseum","floor":24,"gold_loss":0}],"is_beta":false,"boss_relics":[{"not_picked":["Velvet Choker","Pandora\u0027s Box"],"picked":"Busted Crown"}],"items_purged_floors":[14,23],"is_endless":false,"potions_floor_spawned":[2,4,11,13,24],"killed_by":"Slavers","ascension_level":0}