{"gold_per_floor":[112,122,137,154,154,154,187,37,37,37,56,56,69,79,79,183,183,201,215,35,47,47,47,47,59,108,108,108,108,134,134,134,237,287,301,319,319,333,54,54,66,66,66,80,91,91,91,191,191,191],"floor_reached":51,"playtime":4133,"items_purged":["Strike_B","Strike_B"],"score":892,"play_id":"96552b1e-2ad3-40fd-827a-aa0635dcd41f","local_time":"20190225021045","is_ascension_mode":true,"campfire_choices":[{"data":"Go for the Eyes","floor":6,"key":"SMITH"},{"floor":10,"key":"REST"},{"floor":12,"key":"REST"},{"data":"Conserve Battery","floor":15,"key":"SMITH"},{"floor":23,"key":"REST"},{"floor":27,"key":"REST"},{"floor":29,"key":"REST"},{"data":"Redo","floor":32,"key":"PURGE"},{"data":"Dualcast","floor":40,"key":"PURGE"},{"data":"Leap","floor":42,"key":"SMITH"},{"data":"Darkness","floor":47,"key":"PURGE"},{"floor":49,"key":"REST"}],"neow_cost":"TEN_PERCENT_HP_LOSS","seed_source_timestamp":877358930572614,"circlet_count":0,"master_deck":["Defend_B+1","Defend_B+1","Defend_B+1","Defend_B+1","Go for the Eyes+1","Conserve Battery+1","Defragment+1","Static Discharge+1","Capacitor+1","Leap+1","Machine Learning+1","Static Discharge+1","Bite","Bite","Bite","Bite","Skim+1","Coolheaded+1","Buffer+1","Storm+1","BootSequence+1","Barrage+1","Defragment+1"],"relics":["Cracked Core","Peace Pipe","FaceOfCleric","Frozen Egg 2","Bottled Lightning","Busted Crown","Oddly Smooth Stone","Bag of Marbles","Tiny House","Pear","Symbiotic Virus"],"potions_floor_usage":[4,25,41,50],"damage_taken":[{"damage":4,"enemies":"2 Louse","floor":1,"turns":3},{"damage":1,"enemies":"Cultist","floor":2,"turns":3},{"damage":6,"enemies":"Jaw Worm","floor":3,"turns":4},{"damage":11,"enemies":"Blue Slaver","floor":4,"turns":4},{"damage":43,"enemies":"Lagavulin","floor":7,"turns":7},{"damage":1,"enemies":"Looter","floor":11,"turns":3},{"damage":3,"enemies":"2 Fungi Beasts","floor":13,"turns":2},{"damage":1,"enemies":"Exordium Thugs","floor":14,"turns":4},{"damage":15,"enemies":"The Guardian","floor":16,"turns":9},{"damage":9,"enemies":"Shell Parasite","floor":18,"turns":5},{"damage":19,"enemies":"Chosen","floor":19,"turns":5},{"damage":30,"enemies":"Sentry and Sphere","floor":21,"turns":5},{"damage":32,"enemies":"Snecko","floor":25,"turns":6},{"damage":8,"enemies":"Book of Stabbing","floor":30,"turns":5},{"damage":49,"enemies":"Champ","floor":33,"turns":12},{"damage":20,"enemies":"3 Darklings","floor":35,"turns":4},{"damage":0,"enemies":"3 Shapes","floor":36,"turns":13},{"damage":26,"enemies":"Writhing Mass","floor":38,"turns":6},{"damage":0,"enemies":"3 Darklings","floor":41,"turns":7},{"damage":18,"enemies":"Spire Growth","floor":44,"turns":5},{"damage":2,"enemies":"4 Shapes","floor":45,"turns":5},{"damage":44,"enemies":"Time Eater","floor":50,"turns":8}],"seed_played":"3417435610907729721","potions_obtained":[{"floor":2,"key":"Regen Potion"},{"floor":11,"key":"Fire Potion"},{"floor":16,"key":"Explosive Potion"},{"floor":21,"key":"FearPotion"},{"floor":30,"key":"Energy Potion"},{"floor":34,"key":"FairyPotion"},{"floor":35,"key":"GamblersBrew"},{"floor":36,"key":"Regen Potion"},{"floor":45,"key":"SmokeBomb"}],"is_trial":false,"path_per_floor":["M","M","M","M","?","R","E","$","T","R","M","R","M","M","R","B",null,"M","M","$","M","?","R","?","M","T","R","?","R","E","?","R","B",null,"M","M","?","M","$","R","M","R","T","M","M","?","R","?","R","B",null],"character_chosen":"DEFECT","items_purchased":["Defragment+1","Static Discharge+1","Storm+1","Pear"],"campfire_rested":6,"item_purchase_floors":[8,20,39,39],"current_hp_per_floor":[64,63,57,55,55,55,13,13,13,33,33,54,52,52,52,38,64,56,38,38,9,9,24,24,7,7,23,23,39,46,46,46,31,55,44,63,63,48,58,58,75,75,75,60,67,67,67,67,77,59],"gold":191,"neow_bonus":"ONE_RARE_RELIC","is_prod":false,"is_daily":false,"chose_seed":false,"campfire_upgraded":3,"win_rate":0,"timestamp":1551053445,"path_taken":["M","M","M","M","?","R","E","$","T","R","M","R","?","M","R","BOSS","M","M","$","M","?","R","?","M","T","R","?","R","E","?","R","BOSS","M","M","?","M","$","R","M","R","T","M","M","?","R","?","R","BOSS"],"build_version":"2019-01-23","purchased_purges":2,"victory":true,"max_hp_per_floor":[68,68,68,68,68,68,69,69,69,69,70,70,71,72,72,73,73,74,75,75,76,53,53,53,54,54,54,54,54,55,55,55,56,61,62,63,63,64,74,74,75,75,75,76,77,77,77,77,77,78],"card_choices":[{"not_picked":["Hologram","Loop"],"picked":"Redo","floor":1},{"not_picked":["Stack","Scrape","Turbo"],"picked":"SKIP","floor":2},{"not_picked":["Steam","Ball Lightning"],"picked":"Go for the Eyes","floor":3},{"not_picked":["Sunder","Coolheaded"],"picked":"Gash","floor":4},{"not_picked":["Rip and Tear","Rainbow"],"picked":"Conserve Battery","floor":7},{"not_picked":["Redo","Capacitor+1"],"picked":"Static Discharge+1","floor":11},{"not_picked":["Coolheaded","Ball Lightning"],"picked":"Capacitor+1","floor":13},{"not_picked":["Fusion","Skim"],"picked":"Leap","floor":14},{"not_picked":["Thunder Strike","Reboot"],"picked":"Machine Learning+1","floor":16},{"not_picked":["Gash"],"picked":"SKIP","floor":18},{"not_picked":["Rebound"],"picked":"SKIP","floor":19},{"not_picked":["Compile Driver"],"picked":"SKIP","floor":21},{"not_picked":[],"picked":"Skim+1","floor":25},{"not_picked":["Static Discharge+1"],"picked":"SKIP","floor":30},{"not_picked":[],"picked":"Buffer+1","floor":33},{"not_picked":["Redo"],"picked":"SKIP","floor":35},{"not_picked":["Rebound+1"],"picked":"SKIP","floor":36},{"not_picked":["Cold Snap"],"picked":"SKIP","floor":38},{"not_picked":[],"picked":"BootSequence+1","floor":41},{"not_picked":[],"picked":"Barrage+1","floor":44},{"not_picked":[],"picked":"Defragment+1","floor":45}],"player_experience":665982,"relics_obtained":[{"floor":7,"key":"Frozen Egg 2"},{"floor":9,"key":"Bottled Lightning"},{"floor":26,"key":"Oddly Smooth Stone"},{"floor":30,"key":"Bag of Marbles"},{"floor":43,"key":"Symbiotic Virus"}],"event_choices":[{"damage_healed":0,"gold_gain":0,"player_choice":"Trade","damage_taken":0,"relics_obtained":["FaceOfCleric"],"max_hp_gain":0,"max_hp_loss":0,"event_name":"FaceTrader","floor":5,"gold_loss":0},{"damage_healed":0,"gold_gain":0,"player_choice":"Became a vampire","damage_taken":0,"max_hp_gain":0,"max_hp_loss":23,"event_name":"Vampires","floor":22,"gold_loss":0,"cards_obtained":["Bite","Bite","Bite","Bite","Bite"]},{"damage_healed":0,"gold_gain":0,"player_choice":"Simplicity","damage_taken":0,"max_hp_gain":0,"max_hp_loss":0,"event_name":"Back to Basics","floor":24,"gold_loss":0,"cards_upgraded":["Defend_B","Defend_B","Defend_B","Defend_B"]},{"damage_healed":0,"gold_gain":0,"cards_transformed":["Gash","Zap"],"player_choice":"Became Test Subject","damage_taken":0,"max_hp_gain":0,"max_hp_loss":0,"event_name":"Drug Dealer","floor":28,"gold_loss":0,"cards_obtained":["Darkness","Coolheaded"]},{"damage_healed":0,"gold_gain":0,"player_choice":"Ignored","damage_taken":0,"max_hp_gain":0,"max_hp_loss":0,"event_name":"Ghosts","floor":31,"gold_loss":0},{"cards_removed":["Bite"],"damage_healed":0,"gold_gain":0,"player_choice":"Removed Attack","damage_taken":0,"max_hp_gain":0,"max_hp_loss":0,"event_name":"Falling","floor":37,"gold_loss":0},{"damage_healed":0,"gold_gain":0,"player_choice":"Memory 1","damage_taken":0,"max_hp_gain":0,"max_hp_loss":0,"event_name":"SensoryStone","floor":46,"gold_loss":0},{"damage_healed":0,"gold_gain":100,"player_choice":"Pray","damage_taken":0,"max_hp_gain":0,"max_hp_loss":0,"event_name":"Golden Shrine","floor":48,"gold_loss":0}],"is_beta":false,"boss_relics":[{"not_picked":["Pandora\u0027s Box","Calling Bell"],"picked":"Busted Crown"},{"not_picked":["Velvet Choker","Black Star"],"picked":"Tiny House"}],"items_purged_floors":[8,20],"is_endless":false,"potions_floor_spawned":[2,11,16,21,30,33,35,36,45],"ascension_level":8}