{"gold_per_floor":[109,184,204,204,225,225,225,225,225,225,260,260,276,296,296,424,424,439,180,198,78,78,78,96,96,96,96,119,135,149,149],"floor_reached":31,"playtime":840,"items_purged":[],"score":262,"play_id":"de229189-4418-4c3c-abb0-2a7107dad9eb","local_time":"20190514082304","is_ascension_mode":false,"campfire_choices":[{"data":"Poisoned Stab","floor":6,"key":"SMITH"},{"data":"Poisoned Stab","floor":8,"key":"SMITH"},{"data":"Neutralize","floor":12,"key":"SMITH"},{"data":"Wraith Form v2","floor":15,"key":"SMITH"},{"data":"Envenom","floor":23,"key":"SMITH"},{"data":"Noxious Fumes","floor":27,"key":"SMITH"}],"neow_cost":"NONE","seed_source_timestamp":1308079679800,"circlet_count":0,"master_deck":["Defend_G","Defend_G+1","Defend_G","Defend_G","Defend_G","Strike_G","Strike_G","Strike_G","Strike_G","Strike_G","Survivor","Neutralize+1","Tools of the Trade","Poisoned Stab+1","Blade Dance+1","Poisoned Stab+1","Deadly Poison","Envenom+1","Backstab+1","Underhanded Strike+1","Noxious Fumes+1","Mind Blast+1","Writhe","Sucker Punch+1","Quick Slash+1","Blade Dance","Poisoned Stab+1"],"relics":["Ring of the Snake","Golden Idol","Bronze Scales","War Paint","HoveringKite","Molten Egg 2","Sundial","Blue Candle"],"potions_floor_usage":[11,16,24,24,31,31],"damage_taken":[{"damage":0,"enemies":"Small Slimes","floor":1,"turns":5},{"damage":5,"enemies":"2 Louse","floor":3,"turns":3},{"damage":0,"enemies":"Cultist","floor":5,"turns":3},{"damage":16,"enemies":"Lagavulin","floor":11,"turns":7},{"damage":0,"enemies":"Exordium Wildlife","floor":13,"turns":3},{"damage":2,"enemies":"Large Slime","floor":14,"turns":5},{"damage":19,"enemies":"Hexaghost","floor":16,"turns":9},{"damage":8,"enemies":"3 Byrds","floor":18,"turns":5},{"damage":6,"enemies":"Chosen","floor":20,"turns":3},{"damage":15,"enemies":"Snake Plant","floor":24,"turns":3},{"damage":17,"enemies":"Snecko","floor":28,"turns":5},{"damage":24,"enemies":"Sentry and Sphere","floor":29,"turns":5},{"damage":19,"enemies":"Cultist and Chosen","floor":30,"turns":5},{"damage":15,"enemies":"Book of Stabbing","floor":31,"turns":3}],"seed_played":"2181447353638153313","potions_obtained":[{"floor":5,"key":"SpeedPotion"},{"floor":11,"key":"EssenceOfSteel"},{"floor":13,"key":"Explosive Potion"},{"floor":14,"key":"Swift Potion"},{"floor":28,"key":"Swift Potion"},{"floor":30,"key":"Fruit Juice"}],"is_trial":false,"path_per_floor":["M","?","M","?","M","R","?","R","T","$","E","R","M","M","R","B",null,"M","$","M","$","?","R","M","?","T","R","M","M","M","E"],"character_chosen":"THE_SILENT","items_purchased":["Molten Egg 2","Noxious Fumes","Mind Blast+1"],"campfire_rested":0,"item_purchase_floors":[19,21,21],"current_hp_per_floor":[70,59,54,54,54,54,54,54,54,54,38,38,38,36,36,17,70,62,62,56,56,56,56,41,80,80,80,63,39,20,10],"gold":149,"neow_bonus":"ONE_RANDOM_RARE_CARD","is_prod":false,"is_daily":false,"chose_seed":false,"campfire_upgraded":6,"win_rate":0,"timestamp":1557811384,"path_taken":["M","?","M","?","M","R","?","R","T","$","E","R","M","?","R","BOSS","M","$","M","$","?","R","M","?","T","R","M","?","M","E"],"build_version":"2019-01-23","purchased_purges":0,"victory":false,"max_hp_per_floor":[70,70,70,70,70,70,70,70,70,70,70,70,70,70,70,70,70,70,70,70,70,70,70,70,80,80,80,80,80,80,85],"card_choices":[{"not_picked":["Outmaneuver","PiercingWail"],"picked":"Poisoned Stab","floor":1},{"not_picked":["Setup","Finisher"],"picked":"Blade Dance","floor":3},{"not_picked":["Well Laid Plans","Expertise"],"picked":"Poisoned Stab","floor":5},{"not_picked":["Accuracy","Deadly Poison"],"picked":"Wraith Form v2","floor":11},{"not_picked":["Terror","Flechettes","Eviscerate"],"picked":"SKIP","floor":13},{"not_picked":["Quick Slash","Deflect"],"picked":"Deadly Poison","floor":14},{"not_picked":["Glass Knife","Storm of Steel"],"picked":"Envenom","floor":16},{"not_picked":["Bane","Catalyst"],"picked":"Backstab+1","floor":18},{"not_picked":["PiercingWail","Bouncing Flask+1"],"picked":"Underhanded Strike+1","floor":20},{"not_picked":["Heel Hook+1","Concentrate"],"picked":"Sucker Punch+1","floor":24},{"not_picked":["Blade Dance","Prepared+1"],"picked":"Quick Slash+1","floor":28},{"not_picked":["Infinite Blades","Dagger Spray+1"],"picked":"Blade Dance","floor":29},{"not_picked":["Terror","Bane+1"],"picked":"Poisoned Stab+1","floor":30}],"player_experience":319069,"relics_obtained":[{"floor":9,"key":"Bronze Scales"},{"floor":11,"key":"War Paint"},{"floor":26,"key":"Blue Candle"}],"event_choices":[{"damage_healed":0,"gold_gain":75,"player_choice":"Gather Gold","damage_taken":11,"max_hp_gain":0,"max_hp_loss":0,"event_name":"World of Goop","floor":2,"gold_loss":0},{"damage_healed":0,"gold_gain":0,"player_choice":"Take Wound","damage_taken":0,"relics_obtained":["Golden Idol"],"max_hp_gain":0,"max_hp_loss":0,"event_name":"Golden Idol","floor":4,"gold_loss":0,"cards_obtained":["Injury"]},{"cards_removed":["Injury"],"damage_healed":0,"gold_gain":0,"player_choice":"Removed Curses","damage_taken":0,"max_hp_gain":0,"max_hp_loss":0,"event_name":"Fountain of Cleansing","floor":7,"gold_loss":0},{"damage_healed":0,"gold_gain":0,"player_choice":"Opened","damage_taken":0,"relics_obtained":["Sundial"],"max_hp_gain":0,"max_hp_loss":0,"event_name":"The Mausoleum","floor":22,"gold_loss":0,"cards_obtained":["Writhe"]},{"cards_removed":["Wraith Form v2"],"damage_healed":29,"gold_gain":0,"player_choice":"Offered Rare","damage_taken":0,"max_hp_gain":10,"max_hp_loss":0,"event_name":"Bonfire Elementals","floor":25,"gold_loss":0}],"is_beta":false,"boss_relics":[{"not_picked":["Tiny House","Eternal Feather"],"picked":"HoveringKite"}],"items_purged_floors":[],"is_endless":false,"potions_floor_spawned":[5,11,13,14,28,30],"killed_by":"Book of Stabbing","ascension_level":0}