{"gold_per_floor":[115,125,125,125,136,136,165,130,130,130,205,46,80,100,100,172,172,182,28,78,78,97,97],"floor_reached":23,"playtime":739,"items_purged":["Strike_R","Strike_R"],"score":374,"play_id":"a52b7eb1-1175-46d5-aaf0-259d3b743681","local_time":"20190306105923","is_ascension_mode":true,"campfire_choices":[{"data":"Carnage","floor":6,"key":"SMITH"},{"data":"Carnage","floor":10,"key":"SMITH"},{"data":"Disarm","floor":15,"key":"SMITH"}],"neow_cost":"NONE","seed_source_timestamp":332861042266938,"circlet_count":0,"master_deck":["AscendersBane","Strike_R","Strike_R","Strike_R","Defend_R","Defend_R","Defend_R","Defend_R","Bash+1","Wild Strike+1","Carnage+1","Headbutt+1","Carnage+1","Disarm+1","Spot Weakness","Feed","True Grit","J.A.X.","Shockwave"],"relics":["Burning Blood","Pantograph","Oddly Smooth Stone","Whetstone","Juzu Bracelet","White Beast Statue"],"potions_floor_usage":[7,13,23,23],"damage_taken":[{"damage":18,"enemies":"Small Slimes","floor":1,"turns":5},{"damage":3,"enemies":"2 Louse","floor":2,"turns":2},{"damage":0,"enemies":"Jaw Worm","floor":5,"turns":3},{"damage":35,"enemies":"3 Sentries","floor":7,"turns":6},{"damage":20,"enemies":"Lagavulin","floor":13,"turns":4},{"damage":9,"enemies":"Looter","floor":14,"turns":3},{"damage":42,"enemies":"Hexaghost","floor":16,"turns":8},{"damage":27,"enemies":"Spheric Guardian","floor":18,"turns":4},{"damage":39,"enemies":"3 Byrds","floor":22,"turns":7},{"damage":17,"enemies":"Gremlin Leader","floor":23,"turns":4}],"seed_played":"3768796383451074480","potions_obtained":[{"floor":2,"key":"SteroidPotion"},{"floor":5,"key":"Weak Potion"},{"floor":13,"key":"SpeedPotion"},{"floor":16,"key":"LiquidBronze"}],"is_trial":false,"path_per_floor":["M","M","?","?","M","R","E","?","T","R","?","$","E","M","R","B",null,"M","$","?","?","M","E"],"character_chosen":"IRONCLAD","items_purchased":["Disarm","True Grit"],"campfire_rested":0,"item_purchase_floors":[12,19],"current_hp_per_floor":[63,66,66,55,61,61,32,52,52,52,41,41,27,24,24,13,65,44,44,44,44,14,0],"gold":97,"neow_bonus":"TEN_PERCENT_HP_BONUS","is_prod":false,"is_daily":false,"chose_seed":false,"campfire_upgraded":3,"win_rate":0,"timestamp":1551887963,"path_taken":["M","M","?","?","M","R","E","?","T","R","?","$","E","M","R","BOSS","M","$","?","?","M","E"],"build_version":"2019-01-23","purchased_purges":2,"victory":false,"max_hp_per_floor":[82,82,82,82,82,82,82,82,82,82,82,82,82,82,82,82,82,82,82,82,82,85,85],"card_choices":[{"not_picked":["Power Through","Feel No Pain"],"picked":"Wild Strike","floor":1},{"not_picked":["Uppercut","Battle Trance"],"picked":"Carnage","floor":2},{"not_picked":["Infernal Blade","Warcry"],"picked":"Headbutt","floor":5},{"not_picked":["Armaments","Headbutt"],"picked":"Carnage","floor":7},{"not_picked":["Clothesline","Carnage"],"picked":"Spot Weakness","floor":13},{"not_picked":["Power Through","Flex","Twin Strike"],"picked":"SKIP","floor":14},{"not_picked":["Limit Break","Barricade"],"picked":"Feed","floor":16},{"not_picked":["Perfected Strike","Intimidate+1","Sentinel"],"picked":"SKIP","floor":18},{"not_picked":["Pummel","Heavy Blade"],"picked":"Shockwave","floor":22}],"player_experience":456259,"relics_obtained":[{"floor":7,"key":"Oddly Smooth Stone"},{"floor":9,"key":"Whetstone"},{"floor":13,"key":"Juzu Bracelet"}],"event_choices":[{"damage_healed":0,"gold_gain":0,"player_choice":"Grow","damage_taken":0,"max_hp_gain":0,"max_hp_loss":0,"event_name":"Living Wall","floor":3,"gold_loss":0,"cards_upgraded":["Bash"]},{"damage_healed":0,"gold_gain":0,"player_choice":"Success","damage_taken":11,"relics_obtained":["Pantograph"],"max_hp_gain":0,"max_hp_loss":0,"event_name":"Scrap Ooze","floor":4,"gold_loss":0},{"damage_healed":20,"gold_gain":0,"player_choice":"Healed","damage_taken":0,"max_hp_gain":0,"max_hp_loss":0,"event_name":"The Cleric","floor":8,"gold_loss":35},{"damage_healed":0,"gold_gain":75,"player_choice":"Gather Gold","damage_taken":11,"max_hp_gain":0,"max_hp_loss":0,"event_name":"World of Goop","floor":11,"gold_loss":0},{"damage_healed":0,"gold_gain":50,"player_choice":"Stole From Cult","damage_taken":0,"max_hp_gain":0,"max_hp_loss":0,"event_name":"Nest","floor":20,"gold_loss":0},{"damage_healed":0,"gold_gain":0,"player_choice":"Obtain J.A.X.","damage_taken":0,"max_hp_gain":0,"max_hp_loss":0,"event_name":"Drug Dealer","floor":21,"gold_loss":0,"cards_obtained":["J.A.X."]}],"is_beta":false,"boss_relics":[{"not_picked":["Runic Cube","Calling Bell"],"picked":"White Beast Statue"}],"items_purged_floors":[12,19],"is_endless":false,"potions_floor_spawned":[2,5,13,16,18,22],"killed_by":"Gremlin Leader","ascension_level":18}