{"gold_per_floor":[115,27,46,46,46,75,86,86,110,56,88,107,107,118,118,192,192,207,207,53,63,77,77,90,140,190,190,222,222],"floor_reached":29,"playtime":796,"items_purged":["Writhe"],"score":518,"play_id":"27ab6d55-91d0-4f1b-93df-afa56b4f19fb","local_time":"20190326191013","is_ascension_mode":true,"campfire_choices":[{"floor":8,"key":"REST"},{"data":"Bash","floor":13,"key":"SMITH"},{"data":"Inflame","floor":15,"key":"SMITH"},{"floor":23,"key":"REST"},{"floor":27,"key":"REST"}],"neow_cost":"PERCENT_DAMAGE","seed_source_timestamp":20092430470052,"circlet_count":0,"master_deck":["AscendersBane","Strike_R","Strike_R","Strike_R","Strike_R","Strike_R","Defend_R+1","Defend_R","Defend_R","Defend_R+1","Bash+1","Inflame+1","Spot Weakness","Anger","Cleave","Sword Boomerang","Shrug It Off","Limit Break","Disarm","Shrug It Off+1"],"relics":["Burning Blood","Bronze Scales","Magic Flower","War Paint","Blue Candle","Philosopher\u0027s Stone","Darkstone Periapt","Ancient Tea Set","Peace Pipe"],"potions_floor_usage":[7,11,12,16,28],"damage_taken":[{"damage":1,"enemies":"Cultist","floor":1,"turns":3},{"damage":10,"enemies":"Small Slimes","floor":3,"turns":4},{"damage":32,"enemies":"Gremlin Nob","floor":6,"turns":4},{"damage":0,"enemies":"Jaw Worm","floor":7,"turns":3},{"damage":24,"enemies":"Lagavulin","floor":11,"turns":5},{"damage":13,"enemies":"Exordium Thugs","floor":12,"turns":4},{"damage":0,"enemies":"Looter","floor":14,"turns":3},{"damage":30,"enemies":"Hexaghost","floor":16,"turns":7},{"damage":32,"enemies":"3 Byrds","floor":18,"turns":4},{"damage":22,"enemies":"Chosen","floor":21,"turns":5},{"damage":19,"enemies":"Snecko","floor":22,"turns":4},{"damage":33,"enemies":"Centurion and Healer","floor":24,"turns":5},{"damage":45,"enemies":"Slavers","floor":28,"turns":4},{"damage":38,"enemies":"Cultist and Chosen","floor":29,"turns":5}],"seed_played":"-7476939848287089132","potions_obtained":[{"floor":1,"key":"Block Potion"},{"floor":6,"key":"FearPotion"},{"floor":7,"key":"Fire Potion"},{"floor":11,"key":"GamblersBrew"},{"floor":16,"key":"Dexterity Potion"},{"floor":21,"key":"LiquidBronze"},{"floor":28,"key":"LiquidBronze"}],"is_trial":false,"path_per_floor":["M","$","M","$","?","E","M","R","T","$","E","M","R","M","R","B",null,"M","?","$","M","M","R","M","?","T","R","E","M"],"character_chosen":"IRONCLAD","items_purchased":["Spot Weakness","Shrug It Off","Disarm"],"campfire_rested":3,"item_purchase_floors":[2,10,20],"current_hp_per_floor":[69,69,65,65,54,28,37,63,63,63,48,44,44,53,53,32,75,52,58,58,45,35,63,39,39,39,67,31,0],"gold":222,"neow_bonus":"TWENTY_PERCENT_HP_BONUS","is_prod":false,"is_daily":false,"chose_seed":false,"campfire_upgraded":2,"win_rate":0,"timestamp":1553641813,"path_taken":["M","?","?","$","?","E","M","R","T","?","E","M","R","M","R","BOSS","M","?","$","M","M","R","M","?","T","R","E","M"],"build_version":"2019-01-23","purchased_purges":1,"victory":false,"max_hp_per_floor":[89,89,89,89,89,89,89,89,89,89,89,89,89,89,89,89,89,89,95,95,95,95,95,95,95,95,95,95,95],"card_choices":[{"not_picked":["Pummel","Body Slam"],"picked":"Inflame","floor":1},{"not_picked":["Sword Boomerang","Body Slam"],"picked":"Anger","floor":3},{"not_picked":["Twin Strike","Body Slam"],"picked":"Cleave","floor":6},{"not_picked":["Searing Blow","Headbutt"],"picked":"Sword Boomerang","floor":7},{"not_picked":["Seeing Red","Anger","Hemokinesis"],"picked":"SKIP","floor":11},{"not_picked":["Iron Wave","Clash","Double Tap"],"picked":"SKIP","floor":12},{"not_picked":["Bloodletting","Havoc","Flex"],"picked":"SKIP","floor":14},{"not_picked":["Dark Embrace","Feed"],"picked":"Limit Break","floor":16},{"not_picked":["Second Wind","Shockwave","Armaments"],"picked":"SKIP","floor":18},{"not_picked":["Anger","Spot Weakness+1"],"picked":"Shrug It Off+1","floor":21},{"not_picked":["Cleave","Clothesline","Anger"],"picked":"SKIP","floor":22},{"not_picked":["Hemokinesis+1","Clothesline","Body Slam"],"picked":"SKIP","floor":24},{"not_picked":["Pommel Strike","Clash+1","Body Slam"],"picked":"SKIP","floor":28}],"player_experience":518636,"relics_obtained":[{"floor":6,"key":"Magic Flower"},{"floor":9,"key":"War Paint"},{"floor":11,"key":"Blue Candle"},{"floor":26,"key":"Ancient Tea Set"},{"floor":28,"key":"Peace Pipe"}],"event_choices":[{"damage_healed":0,"gold_gain":0,"player_choice":"Success","damage_taken":11,"relics_obtained":["Bronze Scales"],"max_hp_gain":0,"max_hp_loss":0,"event_name":"Scrap Ooze","floor":5,"gold_loss":0},{"damage_healed":0,"gold_gain":0,"player_choice":"Opened","damage_taken":0,"relics_obtained":["Darkstone Periapt"],"max_hp_gain":0,"max_hp_loss":0,"event_name":"The Mausoleum","floor":19,"gold_loss":0,"cards_obtained":["Writhe"]},{"damage_healed":0,"gold_gain":50,"player_choice":"Stole From Cult","damage_taken":0,"max_hp_gain":0,"max_hp_loss":0,"event_name":"Nest","floor":25,"gold_loss":0}],"is_beta":false,"boss_relics":[{"not_picked":["Runic Dome","Black Blood"],"picked":"Philosopher\u0027s Stone"}],"items_purged_floors":[20],"is_endless":false,"potions_floor_spawned":[1,6,7,11,16,21,24,28],"killed_by":"Cultist and Chosen","ascension_level":19}