{"gold_per_floor":[115,126,42,54,54,79,79,108,108,108,136,21,21],"floor_reached":13,"playtime":520,"items_purged":["Doubt"],"score":197,"play_id":"f9f7b3d2-21f0-44a2-bd12-6592f9de5a3d","local_time":"20190313204143","is_ascension_mode":true,"campfire_choices":[{"data":"Bash","floor":7,"key":"SMITH"},{"floor":10,"key":"REST"}],"neow_cost":"CURSE","seed_source_timestamp":46733014782883,"circlet_count":0,"master_deck":["AscendersBane","Strike_R","Strike_R","Strike_R","Strike_R","Strike_R","Defend_R+1","Defend_R+1","Defend_R","Defend_R","Bash+1","Shrug It Off","Shrug It Off","Hemokinesis","Wild Strike","Clothesline","Offering","Carnage","Corruption"],"relics":["Burning Blood","Dodecahedron","Pocketwatch","Magic Flower","War Paint"],"potions_floor_usage":[6,8],"damage_taken":[{"damage":6,"enemies":"Cultist","floor":1,"turns":3},{"damage":0,"enemies":"2 Louse","floor":2,"turns":4},{"damage":8,"enemies":"Small Slimes","floor":4,"turns":3},{"damage":45,"enemies":"3 Sentries","floor":6,"turns":10},{"damage":35,"enemies":"Lagavulin","floor":8,"turns":7},{"damage":40,"enemies":"3 Sentries","floor":11,"turns":10},{"damage":13,"enemies":"Exordium Thugs","floor":13,"turns":1}],"seed_played":"-226892936761919783","potions_obtained":[{"floor":2,"key":"Explosive Potion"},{"floor":6,"key":"Energy Potion"}],"is_trial":false,"path_per_floor":["M","M","$","M","?","E","R","E","T","R","E","$","M"],"character_chosen":"IRONCLAD","items_purchased":["Hemokinesis","Corruption"],"campfire_rested":1,"item_purchase_floors":[3,12],"current_hp_per_floor":[82,88,88,86,86,47,47,18,18,44,13,13,0],"gold":21,"neow_bonus":"TWENTY_PERCENT_HP_BONUS","is_prod":false,"is_daily":false,"chose_seed":false,"campfire_upgraded":1,"win_rate":0,"timestamp":1552524103,"path_taken":["M","M","$","?","?","E","R","E","T","R","E","$","M"],"build_version":"2019-01-23","purchased_purges":1,"victory":false,"max_hp_per_floor":[89,89,89,89,89,89,89,89,89,89,89,89,89],"card_choices":[{"not_picked":["Rage","Wild Strike"],"picked":"Shrug It Off","floor":1},{"not_picked":["Iron Wave","True Grit"],"picked":"Shrug It Off","floor":2},{"not_picked":["Searing Blow","Second Wind"],"picked":"Wild Strike","floor":4},{"not_picked":["Pummel","Hemokinesis"],"picked":"Clothesline","floor":6},{"not_picked":["Disarm","Shrug It Off"],"picked":"Offering","floor":8},{"not_picked":["True Grit","Iron Wave"],"picked":"Carnage","floor":11}],"player_experience":486043,"relics_obtained":[{"floor":6,"key":"Dodecahedron"},{"floor":8,"key":"Pocketwatch"},{"floor":9,"key":"Magic Flower"},{"floor":11,"key":"War Paint"}],"event_choices":[{"damage_healed":0,"gold_gain":0,"player_choice":"Ignored","damage_taken":0,"max_hp_gain":0,"max_hp_loss":0,"event_name":"Liars Game","floor":5,"gold_loss":0}],"is_beta":false,"boss_relics":[],"items_purged_floors":[12],"is_endless":false,"potions_floor_spawned":[2,6],"killed_by":"Exordium Thugs","ascension_level":19}