{"gold_per_floor":[110,110,110,127,143,143,143,67,67,87,112,112,143,157,157,157],"floor_reached":16,"playtime":684,"items_purged":[],"score":143,"play_id":"a7f534ff-f190-4bf6-a72e-66432d7da68d","local_time":"20181128075744","is_ascension_mode":true,"campfire_choices":[{"data":"Bash","floor":7,"key":"SMITH"},{"data":"Uppercut","floor":15,"key":"SMITH"}],"neow_cost":"NONE","seed_source_timestamp":465921754400142,"circlet_count":0,"master_deck":["Strike_R","Strike_R","Strike_R","Strike_R","Defend_R","Defend_R","Defend_R","Defend_R","Bash+1","Fiend Fire+1","Clothesline","Immolate","Headbutt","Uppercut+1","Feel No Pain+1","Thunderclap","Shrug It Off"],"relics":["Burning Blood","Shovel","Frozen Egg 2","Orichalcum","Dodecahedron"],"potions_floor_usage":[11,16,16,16],"damage_taken":[{"damage":8,"enemies":"Jaw Worm","floor":1,"turns":6},{"damage":6,"enemies":"2 Louse","floor":4,"turns":2},{"damage":6,"enemies":"Cultist","floor":5,"turns":3},{"damage":10,"enemies":"3 Louse","floor":10,"turns":2},{"damage":20,"enemies":"Lagavulin","floor":11,"turns":3},{"damage":10,"enemies":"Gremlin Nob","floor":13,"turns":3},{"damage":6,"enemies":"Looter","floor":14,"turns":3},{"damage":37,"enemies":"Hexaghost","floor":16,"turns":11}],"seed_played":"-4874906804779952108","potions_obtained":[{"floor":1,"key":"Swift Potion"},{"floor":3,"key":"Weak Potion"},{"floor":3,"key":"FearPotion"},{"floor":3,"key":"Block Potion"},{"floor":11,"key":"Weak Potion"},{"floor":13,"key":"Energy Potion"}],"is_trial":false,"path_per_floor":["M","?","?","M","M","?","R","$","T","M","E","?","E","M","R","B"],"character_chosen":"IRONCLAD","items_purchased":["Uppercut"],"campfire_rested":0,"item_purchase_floors":[8],"current_hp_per_floor":[70,58,58,58,58,58,58,58,58,54,40,40,36,36,36,0],"gold":157,"neow_bonus":"TRANSFORM_CARD","is_prod":false,"is_daily":false,"chose_seed":false,"campfire_upgraded":2,"win_rate":0,"timestamp":1543409864,"path_taken":["M","?","?","M","?","?","R","$","T","M","E","?","E","M","R","BOSS"],"build_version":"2018-11-15","purchased_purges":0,"victory":false,"max_hp_per_floor":[80,80,80,80,80,80,80,80,80,80,80,80,80,80,80,80],"card_choices":[{"not_picked":["Cleave","Perfected Strike"],"picked":"Clothesline","floor":1},{"not_picked":["Infernal Blade","Blood for Blood"],"picked":"Immolate","floor":4},{"not_picked":["Entrench","Thunderclap"],"picked":"Headbutt","floor":5},{"not_picked":["Pommel Strike","Bloodletting"],"picked":"Feel No Pain+1","floor":10},{"not_picked":["Clothesline","Wild Strike"],"picked":"Thunderclap","floor":11},{"not_picked":["Anger","Rampage"],"picked":"Shrug It Off","floor":13},{"not_picked":["Rupture+1","Headbutt","Evolve+1"],"picked":"SKIP","floor":14}],"player_experience":239225,"relics_obtained":[{"floor":9,"key":"Frozen Egg 2"},{"floor":11,"key":"Orichalcum"},{"floor":13,"key":"Dodecahedron"}],"event_choices":[{"damage_healed":0,"gold_gain":0,"player_choice":"Success","damage_taken":12,"relics_obtained":["Shovel"],"max_hp_gain":0,"max_hp_loss":0,"event_name":"Scrap Ooze","floor":2,"gold_loss":0},{"damage_healed":0,"gold_gain":0,"player_choice":"Got Potions","damage_taken":0,"max_hp_gain":0,"max_hp_loss":0,"event_name":"Lab","floor":3,"gold_loss":0},{"damage_healed":0,"gold_gain":0,"player_choice":"Grow","damage_taken":0,"max_hp_gain":0,"max_hp_loss":0,"event_name":"Living Wall","floor":6,"gold_loss":0,"cards_upgraded":["Fiend Fire"]},{"damage_healed":0,"gold_gain":0,"player_choice":"Ignored","damage_taken":0,"max_hp_gain":0,"max_hp_loss":0,"event_name":"Liars Game","floor":12,"gold_loss":0}],"is_beta":false,"boss_relics":[],"items_purged_floors":[],"is_endless":false,"potions_floor_spawned":[1,11,13,14],"killed_by":"Hexaghost","ascension_level":6}