{"gold_per_floor":[115,115,128,140,315,315,315,315,390,410,430,430],"floor_reached":12,"playtime":179,"items_purged":[],"score":70,"play_id":"180ff13f-e200-4400-a034-0564439a1e2b","local_time":"20190518164613","is_ascension_mode":false,"campfire_choices":[{"data":"Armaments","floor":6,"key":"SMITH"},{"data":"Uppercut","floor":8,"key":"SMITH"}],"neow_cost":"NONE","seed_source_timestamp":232655089542590,"circlet_count":0,"master_deck":["Strike_R","Strike_R","Strike_R","Strike_R","Strike_R","Defend_R","Defend_R","Defend_R","Defend_R","Bash","Normality","Armaments+1","Uppercut+1","Doubt","Iron Wave"],"relics":["Burning Blood","NeowsBlessing","PreservedInsect","Kunai"],"potions_floor_usage":[10,12],"damage_taken":[{"damage":0,"enemies":"2 Louse","floor":1,"turns":1},{"damage":0,"enemies":"Cultist","floor":3,"turns":1},{"damage":0,"enemies":"Jaw Worm","floor":4,"turns":1},{"damage":12,"enemies":"3 Louse","floor":10,"turns":2},{"damage":16,"enemies":"2 Fungi Beasts","floor":11,"turns":5},{"damage":0,"enemies":"The Mushroom Lair","floor":12,"turns":2}],"seed_played":"-5385081213823833695","potions_obtained":[{"floor":1,"key":"Fire Potion"},{"floor":3,"key":"Swift Potion"},{"floor":4,"key":"SkillPotion"}],"is_trial":false,"path_per_floor":["M","?","M","M","?","R","?","R","T","M","M","?"],"character_chosen":"IRONCLAD","items_purchased":[],"campfire_rested":0,"item_purchase_floors":[],"current_hp_per_floor":[80,80,80,80,80,80,62,62,62,56,46,46],"gold":430,"neow_bonus":"THREE_ENEMY_KILL","is_prod":false,"is_daily":false,"chose_seed":false,"campfire_upgraded":2,"win_rate":0,"timestamp":1558165573,"path_taken":["M","?","?","M","?","R","?","R","T","M","M","?"],"build_version":"2019-01-23","purchased_purges":0,"victory":false,"max_hp_per_floor":[80,80,80,80,80,80,80,80,80,80,80,80],"card_choices":[{"not_picked":["Fire Breathing","Searing Blow"],"picked":"Sever Soul","floor":1},{"not_picked":["Burning Pact","Infernal Blade"],"picked":"Armaments","floor":3},{"not_picked":["Twin Strike","Clothesline"],"picked":"Uppercut","floor":4},{"not_picked":["Perfected Strike","Entrench","Havoc"],"picked":"SKIP","floor":10},{"not_picked":["Clothesline","Warcry"],"picked":"Iron Wave","floor":11}],"player_experience":378511,"relics_obtained":[{"floor":9,"key":"Kunai"}],"event_choices":[{"cards_removed":["Sever Soul"],"damage_healed":0,"gold_gain":0,"player_choice":"Took Card","damage_taken":0,"max_hp_gain":0,"max_hp_loss":0,"event_name":"NoteForYourself","floor":2,"gold_loss":0,"cards_obtained":["Normality"]},{"damage_healed":0,"gold_gain":175,"player_choice":"AGREE","damage_taken":0,"max_hp_gain":0,"max_hp_loss":0,"event_name":"Liars Game","floor":5,"gold_loss":0,"cards_obtained":["Doubt"]},{"damage_healed":0,"gold_gain":0,"player_choice":"Success","damage_taken":18,"relics_obtained":["PreservedInsect"],"max_hp_gain":0,"max_hp_loss":0,"event_name":"Scrap Ooze","floor":7,"gold_loss":0},{"damage_healed":0,"gold_gain":0,"player_choice":"Fought Mushrooms","damage_taken":0,"max_hp_gain":0,"max_hp_loss":0,"event_name":"Mushrooms","floor":12,"gold_loss":0}],"is_beta":false,"boss_relics":[],"items_purged_floors":[],"is_endless":false,"potions_floor_spawned":[1,3,4],"killed_by":"The Mushroom Lair","ascension_level":0}