{"gold_per_floor":[417,434,113,127,146,177,189,208,208,218,218,249,302,322,322,424,424,440,453,464,478,393,393,424,424,449,99,112,147,107,119,119,218,218,236,246,265,265,275,306,306,306,352,378,653,664,73,73,73,73],"floor_reached":51,"playtime":2720,"items_purged":["Strike_R","Regret"],"score":851,"play_id":"04db7f1d-dd89-441f-8d9a-2d9a0288398c","local_time":"20181118191940","is_ascension_mode":true,"campfire_choices":[{"data":"Inflame","floor":11,"key":"SMITH"},{"floor":15,"key":"REST"},{"floor":23,"key":"REST"},{"floor":25,"key":"REST"},{"floor":32,"key":"REST"},{"data":"Pommel Strike","floor":42,"key":"SMITH"},{"data":"Sword Boomerang","floor":49,"key":"SMITH"}],"neow_cost":"TEN_PERCENT_HP_LOSS","seed_source_timestamp":263575599033343,"circlet_count":0,"master_deck":["Strike_R","Strike_R","Defend_R","Defend_R","Defend_R","Defend_R","Bash","Heavy Blade+1","Headbutt","Hemokinesis","Sword Boomerang+1","Flame Barrier","Cleave","Ghostly Armor","Pommel Strike+1","Inflame+1","Carnage","Spot Weakness+1","Limit Break+1","Headbutt","Havoc+1","Flex+1","Disarm+1","Shrug It Off+1","Warcry+1","Pommel Strike+1","Limit Break+1","Clothesline+1","Warcry+1","Parasite","Reaper","Shockwave+1"],"relics":["Burning Blood","Old Coin","Question Card","Happy Flower","Pen Nib","Toxic Egg 2","Odd Mushroom","Empty Cage","Regal Pillow","Mercury Hourglass","Oddly Smooth Stone","PreservedInsect","Mummified Hand","Philosopher\u0027s Stone","Letter Opener","Ornamental Fan","Pocketwatch"],"potions_floor_usage":[5,21,31,36,37,37,39,48,50,50],"damage_taken":[{"damage":0,"enemies":"Small Slimes","floor":1,"turns":3},{"damage":8,"enemies":"Jaw Worm","floor":2,"turns":3},{"damage":8,"enemies":"2 Louse","floor":4,"turns":2},{"damage":10,"enemies":"Gremlin Gang","floor":5,"turns":3},{"damage":42,"enemies":"Lagavulin","floor":6,"turns":7},{"damage":19,"enemies":"Blue Slaver","floor":7,"turns":4},{"damage":1,"enemies":"Large Slime","floor":8,"turns":4},{"damage":3,"enemies":"Looter","floor":10,"turns":3},{"damage":0,"enemies":"Gremlin Nob","floor":12,"turns":2},{"damage":14,"enemies":"The Mushroom Lair","floor":14,"turns":4},{"damage":38,"enemies":"Slime Boss","floor":16,"turns":5},{"damage":0,"enemies":"3 Byrds","floor":18,"turns":2},{"damage":5,"enemies":"Spheric Guardian","floor":19,"turns":3},{"damage":30,"enemies":"Snake Plant","floor":20,"turns":4},{"damage":45,"enemies":"3 Cultists","floor":21,"turns":6},{"damage":39,"enemies":"Slavers","floor":24,"turns":4},{"damage":13,"enemies":"Cultist and Chosen","floor":28,"turns":4},{"damage":22,"enemies":"Book of Stabbing","floor":29,"turns":4},{"damage":23,"enemies":"Shelled Parasite and Fungi","floor":31,"turns":3},{"damage":19,"enemies":"Champ","floor":33,"turns":7},{"damage":40,"enemies":"3 Darklings","floor":35,"turns":5},{"damage":22,"enemies":"3 Shapes","floor":36,"turns":4},{"damage":7,"enemies":"Writhing Mass","floor":37,"turns":4},{"damage":12,"enemies":"3 Darklings","floor":39,"turns":4},{"damage":11,"enemies":"Giant Head","floor":40,"turns":5},{"damage":38,"enemies":"Nemesis","floor":44,"turns":5},{"damage":21,"enemies":"Jaw Worm Horde","floor":46,"turns":4},{"damage":0,"enemies":"Writhing Mass","floor":48,"turns":1},{"damage":17,"enemies":"Awakened One","floor":50,"turns":4}],"seed_played":"1625823822764699446","potions_obtained":[{"floor":1,"key":"PowerPotion"},{"floor":4,"key":"AttackPotion"},{"floor":7,"key":"Energy Potion"},{"floor":8,"key":"Dexterity Potion"},{"floor":28,"key":"Regen Potion"},{"floor":33,"key":"PowerPotion"},{"floor":37,"key":"SteroidPotion"},{"floor":40,"key":"EssenceOfSteel"}],"is_trial":false,"path_per_floor":["M","M","$","M","M","E","M","M","T","M","R","E","?","?","R","B",null,"M","M","M","M","?","R","E","R","T","$","M","E","?","M","R","B",null,"M","M","M","?","M","E","?","R","T","E","?","M","$","M","R","B",null],"character_chosen":"IRONCLAD","items_purchased":["Question Card","Hemokinesis","Disarm+1","Shrug It Off+1","PreservedInsect","Pocketwatch","SmokeBomb","EntropicBrew"],"campfire_rested":4,"item_purchase_floors":[3,3,27,27,27,47,47,47],"current_hp_per_floor":[72,70,70,68,64,28,15,20,20,23,23,29,29,21,42,10,72,72,72,48,9,9,45,12,48,48,48,41,25,25,17,53,40,72,38,22,21,21,15,10,63,63,63,37,37,41,41,47,47,36],"gold":73,"neow_bonus":"ONE_RARE_RELIC","is_prod":false,"is_daily":false,"chose_seed":false,"campfire_upgraded":3,"win_rate":0,"timestamp":1542586780,"path_taken":["M","M","$","M","M","E","M","M","T","M","R","E","?","?","R","BOSS","M","M","M","M","?","R","E","R","T","$","M","E","?","M","R","BOSS","M","M","?","?","?","E","?","R","T","E","?","?","$","M","R","BOSS"],"build_version":"2018-11-15","purchased_purges":2,"victory":true,"max_hp_per_floor":[72,72,72,72,72,72,72,72,72,72,72,72,72,72,72,72,72,72,72,72,72,72,72,72,72,72,72,72,72,72,72,72,72,72,72,72,72,72,72,72,63,63,63,63,63,63,63,63,63,63],"card_choices":[{"not_picked":["Sever Soul","Fire Breathing"],"picked":"Heavy Blade","floor":1},{"not_picked":["Pommel Strike","Headbutt","Armaments"],"picked":"SKIP","floor":2},{"not_picked":["Pommel Strike","Armaments"],"picked":"Headbutt","floor":2},{"not_picked":["Cleave","Heavy Blade","True Grit"],"picked":"Sword Boomerang","floor":4},{"not_picked":["Havoc","Headbutt","Rupture"],"picked":"Flame Barrier","floor":5},{"not_picked":["Infernal Blade","Armaments","Twin Strike"],"picked":"Cleave","floor":6},{"not_picked":["Sword Boomerang","Headbutt","Anger"],"picked":"Ghostly Armor","floor":7},{"not_picked":["Fire Breathing","Iron Wave","Flex"],"picked":"Pommel Strike","floor":8},{"not_picked":["Double Tap","Havoc","Thunderclap"],"picked":"Inflame","floor":10},{"not_picked":["Sword Boomerang","Evolve","Combust"],"picked":"Carnage","floor":12},{"not_picked":["Second Wind+1","Pummel","Headbutt"],"picked":"Spot Weakness+1","floor":14},{"not_picked":["Immolate","Brutality","Demon Form"],"picked":"Limit Break+1","floor":16},{"not_picked":["Clothesline","Spot Weakness+1","Twin Strike+1"],"picked":"Headbutt","floor":18},{"not_picked":["Shrug It Off+1","Rampage","Sword Boomerang","Clash"],"picked":"SKIP","floor":19},{"not_picked":["Intimidate+1","Juggernaut","Clash"],"picked":"Havoc+1","floor":20},{"not_picked":["Reckless Charge+1","Rage+1","Power Through+1"],"picked":"Flex+1","floor":21},{"not_picked":["Clash","Entrench+1","Cleave","True Grit+1"],"picked":"SKIP","floor":24},{"not_picked":["Clothesline+1","Thunderclap","Perfected Strike"],"picked":"Warcry+1","floor":28},{"not_picked":["Bloodletting+1","Demon Form","Spot Weakness+1","Pommel Strike"],"picked":"SKIP","floor":29},{"not_picked":["Heavy Blade+1","Uppercut+1","Iron Wave"],"picked":"Pommel Strike+1","floor":31},{"not_picked":["Brutality","Dark Embrace","Demon Form"],"picked":"Limit Break+1","floor":33},{"not_picked":["Flame Barrier+1","Perfected Strike+1","Clash"],"picked":"Clothesline+1","floor":35},{"not_picked":["Wild Strike+1","Combust+1","Uppercut+1"],"picked":"Warcry+1","floor":36},{"not_picked":["Sword Boomerang","Infernal Blade+1","Iron Wave+1","Blood for Blood+1"],"picked":"SKIP","floor":37},{"not_picked":["Uppercut","Entrench+1","Flex+1","Perfected Strike"],"picked":"SKIP","floor":39},{"not_picked":["Twin Strike","Heavy Blade+1","Seeing Red+1"],"picked":"Reaper","floor":40},{"not_picked":["Feel No Pain","Body Slam","Seeing Red+1"],"picked":"Shockwave+1","floor":44},{"not_picked":["Anger+1","Twin Strike+1","Clothesline+1","Entrench+1"],"picked":"SKIP","floor":46}],"player_experience":182331,"relics_obtained":[{"floor":6,"key":"Happy Flower"},{"floor":9,"key":"Pen Nib"},{"floor":12,"key":"Toxic Egg 2"},{"floor":14,"key":"Odd Mushroom"},{"floor":24,"key":"Mercury Hourglass"},{"floor":26,"key":"Oddly Smooth Stone"},{"floor":29,"key":"Mummified Hand"},{"floor":40,"key":"Letter Opener"},{"floor":44,"key":"Ornamental Fan"}],"event_choices":[{"damage_healed":0,"gold_gain":53,"player_choice":"Gained Gold","damage_taken":0,"max_hp_gain":0,"max_hp_loss":0,"event_name":"Golden Wing","floor":13,"gold_loss":0},{"damage_healed":0,"gold_gain":0,"player_choice":"Fought Mushrooms","damage_taken":0,"max_hp_gain":0,"max_hp_loss":0,"event_name":"Mushrooms","floor":14,"gold_loss":0},{"damage_healed":0,"gold_gain":0,"player_choice":"Obtained Relic","damage_taken":0,"relics_obtained":["Regal Pillow"],"max_hp_gain":0,"max_hp_loss":0,"event_name":"Addict","floor":22,"gold_loss":85},{"damage_healed":0,"gold_gain":0,"player_choice":"Upgrade","damage_taken":0,"max_hp_gain":0,"max_hp_loss":0,"event_name":"Designer","floor":30,"gold_loss":40,"cards_upgraded":["Heavy Blade"]},{"damage_healed":0,"gold_gain":0,"player_choice":"Ignored","damage_taken":0,"max_hp_gain":0,"max_hp_loss":0,"event_name":"SecretPortal","floor":38,"gold_loss":0},{"damage_healed":63,"gold_gain":0,"player_choice":"Heal","damage_taken":0,"max_hp_gain":0,"max_hp_loss":9,"event_name":"The Moai Head","floor":41,"gold_loss":0},{"damage_healed":0,"gold_gain":275,"player_choice":"Desecrate","damage_taken":0,"max_hp_gain":0,"max_hp_loss":0,"event_name":"Golden Shrine","floor":45,"gold_loss":0,"cards_obtained":["Regret"]}],"is_beta":false,"boss_relics":[{"not_picked":["Pandora\u0027s Box","Astrolabe"],"picked":"Empty Cage"},{"not_picked":["White Beast Statue","Coffee Dripper"],"picked":"Philosopher\u0027s Stone"}],"items_purged_floors":[27,47],"is_endless":false,"potions_floor_spawned":[1,4,7,8,16,19,28,29,33,37,40,48],"ascension_level":1}