{"gold_per_floor":[117,128,128,303,403,428,428,286,312,312,332,332,362,372,372,474,474,486,521,539,127,227,227,2,32,82,117,42,42,42,53,53,152,152,163,263,281,281,77,77,92,92,165,217,182,199,199,212,212,212,212,212,145,170,170],"floor_reached":56,"playtime":2285,"items_purged":["Doubt","Strike_G","Writhe"],"score":1512,"play_id":"23f1ab61-db55-4058-b413-ca641fb5b011","local_time":"20190423125118","is_ascension_mode":true,"campfire_choices":[{"data":"Distraction","floor":7.0,"key":"SMITH"},{"data":"Neutralize","floor":10.0,"key":"SMITH"},{"data":"Terror","floor":12.0,"key":"SMITH"},{"data":"Sucker Punch","floor":15.0,"key":"SMITH"},{"data":"Cloak And Dagger","floor":23.0,"key":"SMITH"},{"data":"Noxious Fumes","floor":29,"key":"SMITH"},{"data":"Leg Sweep","floor":32,"key":"SMITH"},{"data":"Burst","floor":40,"key":"SMITH"},{"floor":47,"key":"RECALL"},{"data":"Footwork","floor":49,"key":"SMITH"},{"data":"Footwork","floor":52,"key":"SMITH"}],"neow_cost":"NONE","seed_source_timestamp":160620952677407,"circlet_count":0,"master_deck":["Defend_G","Defend_G","Defend_G","Defend_G","Defend_G","Survivor","Neutralize+1","Distraction+1","Sucker Punch+1","Noxious Fumes+1","All Out Attack","Terror+1","Leg Sweep+1","Unload","Cloak And Dagger+1","Blade Dance+1","Die Die Die","Infinite Blades","Flash of Steel+1","Poisoned Stab","Dash+1","Heel Hook","Burst+1","Envenom+1","Predator+1","Bane+1","Escape Plan+1","Heel Hook+1","Quick Slash","Jack Of All Trades","Good Instincts","Flash of Steel","Footwork+1","Footwork+1","Deflect+1","Deflect","Well Laid Plans"],"special_seed":0,"relics":["Ring of the Snake","NeowsBlessing","Potion Belt","Bottled Lightning","PreservedInsect","Ice Cream","WristBlade","Red Mask","Happy Flower","Thread and Needle","Matryoshka","Lantern","Mummified Hand","Snake Skull","Oddly Smooth Stone","Incense Burner","Anchor","Astrolabe","Unceasing Top","Ornamental Fan","Nunchaku","Whetstone"],"potions_floor_usage":[27,33,33,44,50,55],"damage_taken":[{"damage":0.0,"enemies":"Cultist","floor":1.0,"turns":1.0},{"damage":0.0,"enemies":"Jaw Worm","floor":2.0,"turns":1.0},{"damage":0.0,"enemies":"Gremlin Nob","floor":6.0,"turns":1.0},{"damage":4.0,"enemies":"2 Louse","floor":11.0,"turns":2.0},{"damage":15.0,"enemies":"Lagavulin","floor":13.0,"turns":4.0},{"damage":7.0,"enemies":"Red Slaver","floor":14.0,"turns":4.0},{"damage":14.0,"enemies":"Hexaghost","floor":16.0,"turns":8.0},{"damage":1.0,"enemies":"Chosen","floor":18.0,"turns":5.0},{"damage":0.0,"enemies":"Masked Bandits","floor":19.0,"turns":2.0},{"damage":6.0,"enemies":"Spheric Guardian","floor":20.0,"turns":4.0},{"damage":9.0,"enemies":"Colosseum Slavers","floor":22.0,"turns":2.0},{"damage":12.0,"enemies":"Colosseum Nobs","floor":22.0,"turns":3.0},{"damage":2,"enemies":"Gremlin Leader","floor":25,"turns":2},{"damage":0,"enemies":"Book of Stabbing","floor":27,"turns":2},{"damage":0,"enemies":"Centurion and Healer","floor":31,"turns":4},{"damage":9,"enemies":"Collector","floor":33,"turns":5},{"damage":0,"enemies":"Orb Walker","floor":35,"turns":3},{"damage":0,"enemies":"Mind Bloom Boss Battle","floor":36,"turns":2},{"damage":3,"enemies":"3 Shapes","floor":37,"turns":4},{"damage":0,"enemies":"Jaw Worm Horde","floor":41,"turns":3},{"damage":0,"enemies":"2 Orb Walkers","floor":44,"turns":2},{"damage":0,"enemies":"Transient","floor":46,"turns":5},{"damage":0,"enemies":"3 Darklings","floor":48,"turns":5},{"damage":0,"enemies":"Donu and Deca","floor":50,"turns":8},{"damage":0,"enemies":"Shield and Spear","floor":54,"turns":5},{"damage":65,"enemies":"The Heart","floor":55,"turns":10}],"seed_played":"-3721426274989326320","potions_obtained":[{"floor":2.0,"key":"PowerPotion"},{"floor":6.0,"key":"Fire Potion"},{"floor":11.0,"key":"Poison Potion"},{"floor":16.0,"key":"Explosive Potion"},{"floor":18.0,"key":"PowerPotion"},{"floor":20.0,"key":"FearPotion"},{"floor":22.0,"key":"Fire Potion"},{"floor":25,"key":"Strength Potion"},{"floor":27,"key":"EssenceOfSteel"},{"floor":31,"key":"SteroidPotion"},{"floor":35,"key":"Block Potion"},{"floor":44,"key":"Swift Potion"}],"is_trial":false,"path_per_floor":["M","M","?","?","?","E","R","$","T","R","M","R","E","M","R","B",null,"M","?","M","$","?","R","$","E","T","E","?","R","?","M","R","B",null,"M","?","M","?","$","R","M","?","T","?","$","M","R","M","R","B",null,"R","$","E","B",null],"character_chosen":"THE_SILENT","items_purchased":["All Out Attack","Happy Flower","Infinite Blades","Flash of Steel","Lantern","Backstab","Footwork","Footwork","Well Laid Plans"],"campfire_rested":0,"item_purchase_floors":[8,21,21,21,24,24,39,45,53],"current_hp_per_floor":[70,70,52,52,52,52,52,52,52,52,48,48,33,26,26,12,70,69,69,63,63,42,42,42,40,40,40,40,40,40,40,40,31,70,70,70,67,57,57,57,57,57,57,57,57,57,57,57,57,57,70,70,70,70,5],"gold":170,"neow_bonus":"THREE_ENEMY_KILL","is_prod":false,"is_daily":false,"chose_seed":false,"campfire_upgraded":10,"win_rate":0,"timestamp":1555991478,"path_taken":["M","?","?","?","?","E","R","$","T","R","M","R","E","?","R","BOSS","M","?","M","$","?","R","$","E","T","E","?","R","?","?","R","BOSS","M","?","M","?","$","R","M","?","T","?","?","?","R","M","R","BOSS","R","$","E","BOSS"],"build_version":"2019-01-23","purchased_purges":3,"victory":true,"max_hp_per_floor":[70,70,70,70,70,70,70,70,70,70,70,70,70,70,70,70,70,70,70,70,70,70,70,70,70,70,70,70,70,70,70,70,70,70,70,70,70,70,70,70,70,70,70,70,70,70,70,70,70,70,70,70,70,70,70],"card_choices":[{"not_picked":["Flying Knee","Concentrate"],"picked":"Distraction","floor":1.0},{"not_picked":["Accuracy","All Out Attack"],"picked":"Sucker Punch","floor":2.0},{"not_picked":["Backflip","Deadly Poison"],"picked":"Noxious Fumes","floor":6.0},{"not_picked":["Cloak And Dagger","Phantasmal Killer"],"picked":"Terror","floor":11.0},{"not_picked":["Deflect","Prepared","A Thousand Cuts"],"picked":"SKIP","floor":13.0},{"not_picked":["Backflip","Prepared"],"picked":"Leg Sweep","floor":14.0},{"not_picked":["Die Die Die","Tools of the Trade"],"picked":"Unload","floor":16.0},{"not_picked":["Underhanded Strike","Catalyst+1"],"picked":"Cloak And Dagger","floor":18.0},{"not_picked":["Poisoned Stab","Well Laid Plans"],"picked":"Blade Dance+1","floor":19.0},{"not_picked":["PiercingWail","Sucker Punch"],"picked":"Die Die Die","floor":20.0},{"not_picked":["Outmaneuver","Underhanded Strike"],"picked":"Poisoned Stab","floor":22.0},{"not_picked":["Reflex","Prepared","PiercingWail"],"picked":"SKIP","floor":25},{"not_picked":["Acrobatics","Blade Dance"],"picked":"Dash","floor":27},{"not_picked":["Catalyst","Dagger Throw"],"picked":"Heel Hook","floor":31},{"not_picked":["Doppelganger","Phantasmal Killer"],"picked":"Burst","floor":33},{"not_picked":["Outmaneuver+1","Sucker Punch"],"picked":"Escape Plan+1","floor":35},{"not_picked":["Acrobatics+1","Terror"],"picked":"Heel Hook+1","floor":36},{"not_picked":["Deflect+1","Bane"],"picked":"Quick Slash","floor":37},{"not_picked":["Dark Shackles","Finesse"],"picked":"Jack Of All Trades","floor":38},{"not_picked":["Enlightenment","Dark Shackles"],"picked":"Good Instincts","floor":38},{"not_picked":["Thinking Ahead","Deep Breath"],"picked":"Flash of Steel","floor":38},{"not_picked":["PiercingWail+1","Cloak And Dagger","Skewer+1"],"picked":"SKIP","floor":41},{"not_picked":["Doppelganger","Dagger Spray"],"picked":"Deflect+1","floor":46},{"not_picked":["Quick Slash+1","Dodge and Roll+1"],"picked":"Deflect","floor":48},{"not_picked":["Reflex+1","Night Terror","Quick Slash"],"picked":"SKIP","floor":54}],"player_experience":344577,"relics_obtained":[{"floor":6.0,"key":"Bottled Lightning"},{"floor":9.0,"key":"PreservedInsect"},{"floor":13.0,"key":"Ice Cream"},{"floor":19.0,"key":"Red Mask"},{"floor":22.0,"key":"Thread and Needle"},{"floor":22.0,"key":"Matryoshka"},{"floor":25,"key":"Mummified Hand"},{"floor":26,"key":"Snake Skull"},{"floor":26,"key":"Oddly Smooth Stone"},{"floor":27,"key":"Incense Burner"},{"floor":36,"key":"Unceasing Top"},{"floor":43,"key":"Ornamental Fan"},{"floor":44,"key":"Nunchaku"},{"floor":54,"key":"Whetstone"}],"event_choices":[{"damage_healed":0.0,"max_hp_gain":0.0,"max_hp_loss":0.0,"gold_gain":0.0,"event_name":"Scrap Ooze","player_choice":"Success","floor":3.0,"gold_loss":0.0,"damage_taken":18.0,"relics_obtained":["Potion Belt"]},{"damage_healed":0.0,"max_hp_gain":0.0,"max_hp_loss":0.0,"gold_gain":175.0,"event_name":"Liars Game","player_choice":"AGREE","floor":4.0,"gold_loss":0.0,"damage_taken":0.0,"cards_obtained":["Doubt"]},{"damage_healed":0.0,"max_hp_gain":0.0,"max_hp_loss":0.0,"gold_gain":100.0,"event_name":"Wheel of Change","player_choice":"Gold","floor":5.0,"gold_loss":0.0,"damage_taken":0.0},{"damage_healed":0.0,"max_hp_gain":0.0,"max_hp_loss":0.0,"gold_gain":0.0,"event_name":"Masked Bandits","player_choice":"Fought Bandits","floor":19.0,"gold_loss":0.0,"damage_taken":0.0},{"damage_healed":0.0,"max_hp_gain":0.0,"max_hp_loss":0.0,"gold_gain":0.0,"event_name":"Colosseum","player_choice":"Fight","floor":22.0,"gold_loss":0.0,"damage_taken":0.0},{"damage_healed":0.0,"max_hp_gain":0.0,"max_hp_loss":0.0,"gold_gain":0.0,"event_name":"Colosseum","player_choice":"Fought Nobs","floor":22.0,"gold_loss":0.0,"damage_taken":0.0},{"cards_removed":["Strike_G"],"damage_healed":0,"gold_gain":0,"player_choice":"Gave Gold","damage_taken":0,"max_hp_gain":0,"max_hp_loss":0,"event_name":"Beggar","floor":28,"gold_loss":75},{"damage_healed":0,"gold_gain":0,"player_choice":"Opened","damage_taken":0,"relics_obtained":["Anchor"],"max_hp_gain":0,"max_hp_loss":0,"event_name":"The Mausoleum","floor":30,"gold_loss":0,"cards_obtained":["Writhe"]},{"damage_healed":0,"gold_gain":0,"player_choice":"Fight","damage_taken":0,"max_hp_gain":0,"max_hp_loss":0,"event_name":"MindBloom","floor":36,"gold_loss":0},{"damage_healed":0,"gold_gain":0,"player_choice":"Memory 3","damage_taken":10,"max_hp_gain":0,"max_hp_loss":0,"event_name":"SensoryStone","floor":38,"gold_loss":0},{"cards_removed":["Backstab"],"damage_healed":0,"gold_gain":0,"player_choice":"Removed Attack","damage_taken":0,"max_hp_gain":0,"max_hp_loss":0,"event_name":"Falling","floor":42,"gold_loss":0},{"damage_healed":0,"gold_gain":0,"player_choice":"Fight","damage_taken":0,"max_hp_gain":0,"max_hp_loss":0,"event_name":"Mysterious Sphere","floor":44,"gold_loss":0}],"is_beta":false,"boss_relics":[{"not_picked":["Velvet Choker","Coffee Dripper"],"picked":"WristBlade"},{"not_picked":["Philosopher\u0027s Stone","Sozu"],"picked":"Astrolabe"}],"items_purged_floors":[8,21,39],"is_endless":false,"potions_floor_spawned":[2,6,11,16,18,20,22,25,27,31,35,44],"ascension_level":3}