{"gold_per_floor":[113,126,12,12,12,37,51,51,123,138,171,186,186,213,213,287,287,304,145,145,20,36,62,62,95,95,95,105,105,117,128,128,200,200,216,216,216,231,231],"floor_reached":39,"playtime":2008,"items_purged":["Strike_R","Strike_R","Strike_R"],"score":858,"play_id":"0b90671c-e026-461e-9912-1cc04878a094","local_time":"20190516130557","is_ascension_mode":true,"campfire_choices":[{"floor":8.0,"key":"REST"},{"data":"Metallicize","floor":13.0,"key":"SMITH"},{"data":"Burning Pact","floor":15.0,"key":"SMITH"},{"floor":24.0,"key":"REST"},{"floor":27.0,"key":"REST"},{"floor":32.0,"key":"REST"}],"neow_cost":"PERCENT_DAMAGE","seed_source_timestamp":282481408969,"circlet_count":0,"master_deck":["AscendersBane","Strike_R","Defend_R","Defend_R","Defend_R","Defend_R","Bash","Immolate+1","Clothesline","Shrug It Off","Spot Weakness","Metallicize+1","Burning Pact+1","Shrug It Off","Impervious","Body Slam+1","Rampage","Thunderclap+1","True Grit+1","Impervious","Armaments+1"],"special_seed":0,"relics":["Burning Blood","Pen Nib","Kunai","Potion Belt","Regal Pillow","Fusion Hammer","Ancient Tea Set","Gremlin Horn","Smiling Mask","Velvet Choker"],"potions_floor_usage":[38],"damage_taken":[{"damage":6.0,"enemies":"Cultist","floor":1.0,"turns":3.0},{"damage":4.0,"enemies":"2 Louse","floor":2.0,"turns":3.0},{"damage":33.0,"enemies":"Lagavulin","floor":6.0,"turns":8.0},{"damage":7.0,"enemies":"Jaw Worm","floor":7.0,"turns":2.0},{"damage":0.0,"enemies":"Lots of Slimes","floor":10.0,"turns":1.0},{"damage":7.0,"enemies":"3 Sentries","floor":11.0,"turns":4.0},{"damage":6.0,"enemies":"Large Slime","floor":12.0,"turns":4.0},{"damage":21.0,"enemies":"The Guardian","floor":16.0,"turns":15.0},{"damage":9.0,"enemies":"Shell Parasite","floor":18.0,"turns":9.0},{"damage":3.0,"enemies":"Colosseum Slavers","floor":20.0,"turns":3.0},{"damage":13.0,"enemies":"Spheric Guardian","floor":22.0,"turns":6.0},{"damage":31.0,"enemies":"Slavers","floor":23.0,"turns":6.0},{"damage":43.0,"enemies":"Gremlin Leader","floor":25.0,"turns":7.0},{"damage":4.0,"enemies":"Centurion and Healer","floor":28.0,"turns":5.0},{"damage":24.0,"enemies":"Shelled Parasite and Fungi","floor":30.0,"turns":6.0},{"damage":3.0,"enemies":"Sentry and Sphere","floor":31.0,"turns":5.0},{"damage":74,"enemies":"Collector","floor":33,"turns":13},{"damage":0,"enemies":"3 Darklings","floor":35,"turns":3},{"damage":0,"enemies":"Orb Walker","floor":38,"turns":3},{"damage":93,"enemies":"2 Orb Walkers","floor":39,"turns":4}],"seed_played":"-3767979220877504395","potions_obtained":[{"floor":6.0,"key":"Weak Potion"},{"floor":7.0,"key":"Poison Potion"},{"floor":12.0,"key":"Energy Potion"},{"floor":16.0,"key":"Dexterity Potion"},{"floor":22.0,"key":"EssenceOfSteel"},{"floor":33,"key":"SkillPotion"},{"floor":38,"key":"SpeedPotion"}],"is_trial":false,"path_per_floor":["M","M","$","?","?","E","M","R","T","M","E","M","R","T","R","B",null,"M","$","?","$","M","E","R","E","T","R","M","?","M","M","R","B",null,"M","?","?","M","?"],"character_chosen":"IRONCLAD","items_purchased":["Spot Weakness","Body Slam"],"campfire_rested":4,"item_purchase_floors":[3,19],"current_hp_per_floor":[50,52,52,52,52,25,24,46,46,52,51,51,51,51,51,36,65,62,62,65,65,58,33,70,33,33,70,72,72,54,57,75,7,58,64,64,64,70,0],"gold":231,"neow_bonus":"THREE_RARE_CARDS","is_prod":false,"is_daily":false,"chose_seed":false,"campfire_upgraded":2,"win_rate":0,"timestamp":1558026357,"path_taken":["M","M","$","?","?","E","?","R","T","M","E","M","R","?","R","BOSS","M","?","?","$","?","E","R","E","T","R","M","?","?","M","R","BOSS","M","?","?","?","?"],"build_version":"2019-01-23","purchased_purges":3,"victory":false,"max_hp_per_floor":[75,75,75,75,75,75,75,75,75,75,75,75,75,75,75,75,75,75,75,75,75,75,75,75,75,75,75,75,75,75,75,75,75,75,75,75,75,75,75],"card_choices":[{"not_picked":["Offering","Brutality"],"picked":"Immolate","floor":0.0},{"not_picked":["Pommel Strike","Warcry"],"picked":"Clothesline","floor":1.0},{"not_picked":["Anger","Evolve"],"picked":"Shrug It Off","floor":2.0},{"not_picked":["Anger","Sword Boomerang"],"picked":"Metallicize","floor":6.0},{"not_picked":["Perfected Strike","Heavy Blade","Pommel Strike"],"picked":"SKIP","floor":7.0},{"not_picked":["Perfected Strike","Carnage","Sword Boomerang"],"picked":"SKIP","floor":10.0},{"not_picked":["Brutality","Shockwave"],"picked":"Burning Pact","floor":11.0},{"not_picked":["Cleave","Body Slam"],"picked":"Shrug It Off","floor":12.0},{"not_picked":["Demon Form","Fiend Fire"],"picked":"Impervious","floor":16.0},{"not_picked":["Hemokinesis","Pommel Strike+1","Iron Wave"],"picked":"SKIP","floor":18.0},{"not_picked":["Metallicize","Searing Blow"],"picked":"Rampage","floor":22.0},{"not_picked":["Clothesline+1","Havoc","Cleave"],"picked":"SKIP","floor":23.0},{"not_picked":["Wild Strike","Seeing Red"],"picked":"Thunderclap+1","floor":25.0},{"not_picked":["Heavy Blade","Cleave","Anger"],"picked":"SKIP","floor":28.0},{"not_picked":["Power Through","Pummel","Pommel Strike"],"picked":"SKIP","floor":30.0},{"not_picked":["Uppercut+1","Havoc"],"picked":"True Grit+1","floor":31.0},{"not_picked":["Bludgeon","Immolate"],"picked":"Impervious","floor":33},{"not_picked":["Armaments","Iron Wave","Dropkick+1"],"picked":"SKIP","floor":35},{"not_picked":["Heavy Blade","Flex"],"picked":"Armaments+1","floor":38}],"player_experience":630043,"relics_obtained":[{"floor":6.0,"key":"Pen Nib"},{"floor":9.0,"key":"Kunai"},{"floor":11.0,"key":"Potion Belt"},{"floor":14.0,"key":"Regal Pillow"},{"floor":23.0,"key":"Ancient Tea Set"},{"floor":25.0,"key":"Gremlin Horn"},{"floor":26.0,"key":"Smiling Mask"}],"event_choices":[{"damage_healed":0.0,"max_hp_gain":0.0,"max_hp_loss":0.0,"gold_gain":0.0,"event_name":"The Cleric","player_choice":"Leave","floor":4.0,"gold_loss":0.0,"damage_taken":0.0},{"damage_healed":0.0,"max_hp_gain":0.0,"max_hp_loss":0.0,"gold_gain":0.0,"event_name":"Upgrade Shrine","player_choice":"Upgraded","floor":5.0,"gold_loss":0.0,"damage_taken":0.0,"cards_upgraded":["Immolate"]},{"damage_healed":0.0,"max_hp_gain":0.0,"max_hp_loss":0.0,"gold_gain":0.0,"event_name":"Colosseum","player_choice":"Fight","floor":20.0,"gold_loss":0.0,"damage_taken":0.0},{"damage_healed":0.0,"max_hp_gain":0.0,"max_hp_loss":0.0,"gold_gain":0.0,"event_name":"Colosseum","player_choice":"Fled From Nobs","floor":20.0,"gold_loss":0.0,"damage_taken":0.0},{"cards_removed":["Strike_R"],"damage_healed":0.0,"max_hp_gain":0.0,"max_hp_loss":0.0,"gold_gain":0.0,"event_name":"Bonfire Elementals","player_choice":"Offered Basic","floor":29.0,"gold_loss":0.0,"damage_taken":0.0},{"damage_healed":0,"gold_gain":0,"player_choice":"Ignored","damage_taken":0,"max_hp_gain":0,"max_hp_loss":0,"event_name":"Tomb of Lord Red Mask","floor":36,"gold_loss":0},{"damage_healed":0,"gold_gain":0,"player_choice":"Upgraded","damage_taken":0,"max_hp_gain":0,"max_hp_loss":0,"event_name":"Upgrade Shrine","floor":37,"gold_loss":0,"cards_upgraded":["Body Slam"]},{"damage_healed":0,"gold_gain":0,"player_choice":"Fight","damage_taken":0,"max_hp_gain":0,"max_hp_loss":0,"event_name":"Mysterious Sphere","floor":39,"gold_loss":0}],"is_beta":false,"boss_relics":[{"not_picked":["Orrery","Astrolabe"],"picked":"Fusion Hammer"},{"not_picked":["Busted Crown","Tiny House"],"picked":"Velvet Choker"}],"items_purged_floors":[3,19,21],"is_endless":false,"potions_floor_spawned":[6,7,12,16,20,22,33,38],"killed_by":"2 Orb Walkers","ascension_level":20}