{"gold_per_floor":[216,216,216,231,249,274,287,287,364,432,459,470,470,499,499,575,575,595,664,639,689,351,386,386,447,447,447,522,555,570,605,605,678,678,698,748,361,425,441,466,477,477,504,654,679,679,951,971,971,971,971],"floor_reached":52,"playtime":3359,"items_purged":["Strike_R","Strike_R"],"score":2030,"play_id":"c4361734-8743-4ee3-8b65-5597d93ac48f","local_time":"20190506140436","is_ascension_mode":true,"campfire_choices":[{"floor":8,"key":"REST"},{"floor":13,"key":"REST"},{"data":"Clothesline","floor":15,"key":"SMITH"},{"data":"Inflame","floor":24,"key":"SMITH"},{"data":"Feed","floor":27,"key":"SMITH"},{"data":"Spot Weakness","floor":32,"key":"SMITH"},{"floor":42,"key":"RECALL"},{"floor":46,"key":"REST"},{"floor":49,"key":"REST"}],"neow_cost":"NONE","seed_source_timestamp":391740788643,"circlet_count":0,"master_deck":["AscendersBane","Strike_R","Defend_R","Defend_R","Defend_R","Defend_R","Bash","Clothesline+1","Hemokinesis","Flame Barrier","Flame Barrier","Anger+1","Shrug It Off","Spot Weakness+1","Inflame+1","Reaper","Reaper","Reaper+1","Feed+1","Inflame","True Grit+1","Burning Pact","Immolate+1","Heavy Blade+1","Immolate+1","True Grit+1","Dual Wield","Disarm","Apotheosis","Disarm+1","Offering","Disarm+1","Corruption+1"],"relics":["Burning Blood","SsserpentHead","Thread and Needle","Bottled Flame","Ancient Tea Set","Dream Catcher","Snecko Eye","Question Card","Mercury Hourglass","Molten Egg 2","Red Mask","Blue Candle","Mummified Hand","Fusion Hammer","Whetstone","Juzu Bracelet","Prayer Wheel","Bottled Tornado"],"potions_floor_usage":[11,11,14,16,16,33,51],"damage_taken":[{"damage":14,"enemies":"Jaw Worm","floor":1,"turns":4},{"damage":0,"enemies":"2 Louse","floor":4,"turns":2},{"damage":7,"enemies":"Cultist","floor":5,"turns":4},{"damage":54,"enemies":"3 Sentries","floor":6,"turns":12},{"damage":6,"enemies":"Gremlin Gang","floor":7,"turns":6},{"damage":12,"enemies":"Large Slime","floor":10,"turns":7},{"damage":28,"enemies":"Gremlin Nob","floor":11,"turns":4},{"damage":3,"enemies":"Looter","floor":12,"turns":3},{"damage":16,"enemies":"Lagavulin","floor":14,"turns":8},{"damage":33,"enemies":"The Guardian","floor":16,"turns":14},{"damage":13,"enemies":"Spheric Guardian","floor":18,"turns":5},{"damage":23,"enemies":"Shell Parasite","floor":19,"turns":8},{"damage":20,"enemies":"Book of Stabbing","floor":23,"turns":4},{"damage":23,"enemies":"Shelled Parasite and Fungi","floor":25,"turns":6},{"damage":24,"enemies":"Masked Bandits","floor":28,"turns":6},{"damage":31,"enemies":"Slavers","floor":29,"turns":4},{"damage":6,"enemies":"Chosen and Byrds","floor":30,"turns":6},{"damage":13,"enemies":"Gremlin Leader","floor":31,"turns":6},{"damage":29,"enemies":"Automaton","floor":33,"turns":7},{"damage":0,"enemies":"3 Darklings","floor":35,"turns":3},{"damage":10,"enemies":"3 Shapes","floor":38,"turns":3},{"damage":15,"enemies":"3 Darklings","floor":39,"turns":6},{"damage":35,"enemies":"Nemesis","floor":40,"turns":9},{"damage":18,"enemies":"Jaw Worm Horde","floor":41,"turns":3},{"damage":0,"enemies":"Mind Bloom Boss Battle","floor":44,"turns":6},{"damage":44,"enemies":"Reptomancer","floor":45,"turns":7},{"damage":11,"enemies":"4 Shapes","floor":48,"turns":4},{"damage":29,"enemies":"Donu and Deca","floor":50,"turns":7},{"damage":92,"enemies":"Awakened One","floor":51,"turns":9}],"seed_played":"-41568630148742720","potions_obtained":[{"floor":7,"key":"EntropicBrew"},{"floor":12,"key":"FearPotion"},{"floor":14,"key":"SkillPotion"},{"floor":28,"key":"LiquidBronze"},{"floor":29,"key":"PowerPotion"},{"floor":30,"key":"FearPotion"},{"floor":38,"key":"AttackPotion"}],"is_trial":false,"path_per_floor":["M","?","?","M","M","E","M","R","T","M","E","M","R","E","R","B",null,"M","M","?","?","$","E","R","M","T","R","?","E","M","E","R","B",null,"M","?","$","M","M","E","M","R","T","?","E","R","?","M","R","B","B",null],"character_chosen":"IRONCLAD","items_purchased":["Question Card","Disarm","Apotheosis"],"campfire_rested":4,"item_purchase_floors":[22,37,37],"current_hp_per_floor":[60,60,60,66,65,17,17,39,39,33,11,14,36,26,26,14,60,62,48,48,48,48,62,62,72,72,72,61,76,87,91,91,87,90,95,95,95,98,103,103,95,95,95,107,111,111,111,110,115,104,103],"gold":971,"neow_bonus":"HUNDRED_GOLD","is_prod":false,"is_daily":false,"chose_seed":false,"campfire_upgraded":4,"win_rate":0,"timestamp":1557165876,"path_taken":["M","?","?","M","M","E","M","R","T","?","E","M","R","E","R","BOSS","M","?","?","?","$","E","R","?","T","R","?","E","M","E","R","BOSS","M","?","$","?","M","E","M","R","T","?","E","R","?","M","R","BOSS","BOSS"],"build_version":"2019-01-23","purchased_purges":2,"victory":true,"max_hp_per_floor":[75,75,75,75,75,75,75,75,75,75,75,75,75,75,75,75,75,75,75,75,75,75,75,75,75,75,75,79,83,87,91,91,91,91,95,95,95,99,103,103,107,107,107,107,111,111,111,115,115,119,123],"card_choices":[{"not_picked":["Sword Boomerang","Perfected Strike"],"picked":"Clothesline","floor":1},{"not_picked":["Headbutt","Disarm"],"picked":"Hemokinesis","floor":4},{"not_picked":["Uppercut","Wild Strike"],"picked":"Flame Barrier","floor":5},{"not_picked":["Seeing Red","Warcry"],"picked":"Flame Barrier","floor":6},{"not_picked":["Perfected Strike","Body Slam"],"picked":"Anger","floor":7},{"not_picked":["Armaments","Evolve"],"picked":"Shrug It Off","floor":10},{"not_picked":["Demon Form","Armaments"],"picked":"Spot Weakness","floor":11},{"not_picked":["Sword Boomerang","Pommel Strike"],"picked":"Inflame","floor":12},{"not_picked":["Spot Weakness","Seeing Red"],"picked":"Reaper","floor":14},{"not_picked":["Brutality","Juggernaut"],"picked":"Reaper","floor":16},{"not_picked":["Warcry","Iron Wave","Havoc"],"picked":"SKIP","floor":18},{"not_picked":["Pummel","Wild Strike","Sentinel"],"picked":"SKIP","floor":19},{"not_picked":["Anger","Perfected Strike","Inflame"],"picked":"Feed","floor":23},{"not_picked":["Thunderclap","Wild Strike+1","True Grit"],"picked":"Inflame","floor":25},{"not_picked":["Shrug It Off+1","Iron Wave+1","Sword Boomerang+1"],"picked":"True Grit+1","floor":28},{"not_picked":["Thunderclap+1","Body Slam+1","Havoc"],"picked":"Burning Pact","floor":29},{"not_picked":["Heavy Blade+1","Havoc","Flex"],"picked":"Immolate+1","floor":30},{"not_picked":["Rage","Warcry","Headbutt+1"],"picked":"Heavy Blade+1","floor":31},{"not_picked":["Double Tap","Bludgeon+1","Fiend Fire+1"],"picked":"Immolate+1","floor":33},{"not_picked":["Fire Breathing","Headbutt+1","Clash+1"],"picked":"True Grit+1","floor":35},{"not_picked":["Clash+1","Body Slam+1","Sentinel"],"picked":"Disarm+1","floor":38},{"not_picked":["Heavy Blade+1","Searing Blow+1","Havoc","Clash+1"],"picked":"SKIP","floor":39},{"not_picked":["Shrug It Off","Heavy Blade+1","Dual Wield+1","Dropkick+1"],"picked":"SKIP","floor":40},{"not_picked":["Iron Wave+1","Shrug It Off","Flex","Twin Strike+1"],"picked":"SKIP","floor":41},{"not_picked":["Flex","Evolve","Disarm"],"picked":"Offering","floor":44},{"not_picked":["Armaments","Iron Wave+1","Warcry"],"picked":"Disarm+1","floor":45},{"not_picked":["Clothesline+1","Cleave+1","Sever Soul+1","Carnage+1"],"picked":"SKIP","floor":48},{"not_picked":["Headbutt+1","Carnage+1","Twin Strike+1","Anger+1"],"picked":"SKIP","floor":48},{"not_picked":["Pommel Strike+1","Havoc","Warcry"],"picked":"Corruption+1","floor":49}],"player_experience":606038,"relics_obtained":[{"floor":6,"key":"Thread and Needle"},{"floor":9,"key":"Bottled Flame"},{"floor":11,"key":"Ancient Tea Set"},{"floor":14,"key":"Dream Catcher"},{"floor":23,"key":"Mercury Hourglass"},{"floor":26,"key":"Molten Egg 2"},{"floor":28,"key":"Red Mask"},{"floor":29,"key":"Blue Candle"},{"floor":31,"key":"Mummified Hand"},{"floor":40,"key":"Whetstone"},{"floor":43,"key":"Juzu Bracelet"},{"floor":44,"key":"Prayer Wheel"},{"floor":45,"key":"Bottled Tornado"}],"event_choices":[{"damage_healed":0,"gold_gain":0,"player_choice":"Ignored","damage_taken":0,"max_hp_gain":0,"max_hp_loss":0,"event_name":"Shining Light","floor":2,"gold_loss":0},{"damage_healed":0,"gold_gain":0,"player_choice":"Trade","damage_taken":0,"relics_obtained":["SsserpentHead"],"max_hp_gain":0,"max_hp_loss":0,"event_name":"FaceTrader","floor":3,"gold_loss":0},{"cards_removed":["Strike_R"],"damage_healed":0,"gold_gain":0,"player_choice":"Gave Gold","damage_taken":0,"max_hp_gain":0,"max_hp_loss":0,"event_name":"Beggar","floor":20,"gold_loss":75},{"damage_healed":0,"gold_gain":0,"player_choice":"Copied","damage_taken":0,"max_hp_gain":0,"max_hp_loss":0,"event_name":"Duplicator","floor":21,"gold_loss":0,"cards_obtained":["Reaper"]},{"damage_healed":0,"gold_gain":0,"player_choice":"Fought Bandits","damage_taken":0,"max_hp_gain":0,"max_hp_loss":0,"event_name":"Masked Bandits","floor":28,"gold_loss":0},{"damage_healed":0,"gold_gain":0,"cards_transformed":["Strike_R"],"player_choice":"Transformed","damage_taken":0,"max_hp_gain":0,"max_hp_loss":0,"event_name":"Transmorgrifier","floor":36,"gold_loss":0,"cards_obtained":["Dual Wield"]},{"damage_healed":0,"gold_gain":0,"player_choice":"Fight","damage_taken":0,"max_hp_gain":0,"max_hp_loss":0,"event_name":"MindBloom","floor":44,"gold_loss":0},{"damage_healed":0,"gold_gain":222,"player_choice":"Wore Mask","damage_taken":0,"max_hp_gain":0,"max_hp_loss":0,"event_name":"Tomb of Lord Red Mask","floor":47,"gold_loss":0}],"is_beta":false,"boss_relics":[{"not_picked":["Calling Bell","Eternal Feather"],"picked":"Snecko Eye"},{"not_picked":["Coffee Dripper","Runic Cube"],"picked":"Fusion Hammer"}],"items_purged_floors":[22,37],"is_endless":false,"potions_floor_spawned":[7,12,14,28,29,30,31,38,39,41],"ascension_level":20}