{"gold_per_floor":[119,130,130,140,15,40,59,71,141,141,141,141,173,187,187,282,282,299,224,224],"floor_reached":20,"playtime":1763,"items_purged":["Strike_G"],"score":246,"play_id":"6791cae6-9dd9-4b01-b09a-8799886c285c","local_time":"20190127112450","is_ascension_mode":true,"campfire_choices":[{"floor":11.0,"key":"REST"},{"floor":12.0,"key":"REST"},{"floor":15.0,"key":"REST"}],"neow_cost":"NONE","seed_source_timestamp":1357195573581744,"circlet_count":0,"master_deck":["Defend_G","Defend_G","Defend_G","Defend_G","Defend_G","Strike_G","Strike_G","Strike_G","Survivor","Neutralize","Leg Sweep","Bouncing Flask","Deadly Poison","Footwork","Finisher","Bane","Leg Sweep","Deadly Poison","Deadly Poison","After Image","Deadly Poison","Flying Knee","Malaise","Poisoned Stab+1"],"special_seed":0,"relics":["Orrery","Nunchaku","Frozen Egg 2","WingedGreaves","Bag of Preparation","Philosopher\u0027s Stone"],"potions_floor_usage":[20],"damage_taken":[{"damage":0.0,"enemies":"2 Louse","floor":1.0,"turns":4.0},{"damage":7.0,"enemies":"Cultist","floor":2.0,"turns":6.0},{"damage":11.0,"enemies":"Small Slimes","floor":4.0,"turns":3.0},{"damage":28.0,"enemies":"3 Sentries","floor":6.0,"turns":16.0},{"damage":1.0,"enemies":"Looter","floor":7.0,"turns":3.0},{"damage":5.0,"enemies":"2 Fungi Beasts","floor":8.0,"turns":6.0},{"damage":3.0,"enemies":"Lagavulin","floor":13.0,"turns":7.0},{"damage":14.0,"enemies":"Exordium Thugs","floor":14.0,"turns":5.0},{"damage":12.0,"enemies":"The Guardian","floor":16.0,"turns":8.0},{"damage":22.0,"enemies":"3 Byrds","floor":18.0,"turns":6.0},{"damage":56,"enemies":"Masked Bandits","floor":20,"turns":4}],"seed_played":"4275325636056491721","potions_obtained":[{"floor":3.0,"key":"GamblersBrew"},{"floor":3.0,"key":"SpeedPotion"},{"floor":3.0,"key":"GamblersBrew"},{"floor":6.0,"key":"Ancient Potion"},{"floor":7.0,"key":"Fruit Juice"},{"floor":13.0,"key":"LiquidBronze"},{"floor":18.0,"key":"Fire Potion"}],"is_trial":false,"path_per_floor":["M","M","?","M","$","E","M","M","T","?","R","R","E","M","R","B",null,"M","?","?"],"character_chosen":"THE_SILENT","items_purchased":["Deadly Poison"],"campfire_rested":3,"item_purchase_floors":[5],"current_hp_per_floor":[70,63,63,52,52,24,23,23,23,11,33,55,52,38,60,48,75,53,53,0],"gold":224,"neow_bonus":"BOSS_RELIC","is_prod":false,"is_daily":false,"chose_seed":false,"campfire_upgraded":0,"win_rate":0,"timestamp":1548581090,"path_taken":["M","M","?","M","$","E","M","?","T","?","R","R","E","M","R","BOSS","M","?","?"],"build_version":"2019-01-23","purchased_purges":1,"victory":false,"max_hp_per_floor":[70,70,70,70,70,70,70,75,75,75,75,75,75,75,75,75,75,75,75,75],"card_choices":[{"not_picked":["Backflip","Distraction"],"picked":"Leg Sweep","floor":0.0},{"not_picked":["Reflex","Eviscerate"],"picked":"Bouncing Flask","floor":0.0},{"not_picked":["Flying Knee","Escape Plan"],"picked":"Deadly Poison","floor":0.0},{"not_picked":["Dagger Spray","Prepared"],"picked":"Footwork","floor":0.0},{"not_picked":["Concentrate","Dagger Spray"],"picked":"Finisher","floor":1.0},{"not_picked":["Blur","Quick Slash"],"picked":"Bane","floor":2.0},{"not_picked":["Concentrate","Setup"],"picked":"Leg Sweep","floor":4.0},{"not_picked":["Well Laid Plans","Flechettes"],"picked":"Deadly Poison","floor":6.0},{"not_picked":["Slice","Expertise","Skewer"],"picked":"SKIP","floor":7.0},{"not_picked":["Deadly Poison","Acrobatics"],"picked":"After Image","floor":8.0},{"not_picked":["Calculated Gamble","Predator"],"picked":"Deadly Poison","floor":13.0},{"not_picked":["Blur","Poisoned Stab"],"picked":"Flying Knee","floor":14.0},{"not_picked":["Burst","Glass Knife"],"picked":"Malaise","floor":16.0},{"not_picked":["Masterful Stab","Dash"],"picked":"Poisoned Stab+1","floor":18.0}],"player_experience":402853,"relics_obtained":[{"floor":6.0,"key":"Nunchaku"},{"floor":9.0,"key":"Frozen Egg 2"},{"floor":13.0,"key":"Bag of Preparation"}],"event_choices":[{"damage_healed":0.0,"max_hp_gain":0.0,"max_hp_loss":0.0,"gold_gain":0.0,"event_name":"Lab","player_choice":"Got Potions","floor":3.0,"gold_loss":0.0,"damage_taken":0.0},{"damage_healed":0.0,"max_hp_gain":0.0,"max_hp_loss":0.0,"gold_gain":0.0,"event_name":"Scrap Ooze","player_choice":"Success","floor":10.0,"gold_loss":0.0,"damage_taken":12.0,"relics_obtained":["WingedGreaves"]},{"cards_removed":["Strike_G"],"damage_healed":0.0,"max_hp_gain":0.0,"max_hp_loss":0.0,"gold_gain":0.0,"event_name":"Beggar","player_choice":"Gave Gold","floor":19.0,"gold_loss":75.0,"damage_taken":0.0},{"damage_healed":0,"gold_gain":0,"player_choice":"Fought Bandits","damage_taken":0,"max_hp_gain":0,"max_hp_loss":0,"event_name":"Masked Bandits","floor":20,"gold_loss":0}],"is_beta":false,"boss_relics":[{"not_picked":["Lizard Tail","Black Star"],"picked":"Philosopher\u0027s Stone"}],"items_purged_floors":[5],"is_endless":false,"potions_floor_spawned":[6,7,13,18],"killed_by":"Masked Bandits","ascension_level":4}