{"gold_per_floor":[11,21,39,39,39,39,39,72,102,115,135,60,135,147,147,147],"floor_reached":16,"playtime":630,"items_purged":["Strike_R"],"score":160,"play_id":"6e1777cb-ce3e-400a-ab40-0bbd77f49e98","local_time":"20190428150449","is_ascension_mode":true,"campfire_choices":[{"data":"Anger","floor":6,"key":"SMITH"},{"data":"Shockwave","floor":15,"key":"SMITH"}],"neow_cost":"NO_GOLD","seed_source_timestamp":1212537978103740,"circlet_count":0,"master_deck":["Strike_R","Strike_R","Strike_R","Defend_R","Defend_R","Defend_R","Bash","Anger+1","Shockwave+1","Metallicize"],"relics":["Burning Blood","FaceOfCleric","Matryoshka","Bottled Flame","Tiny Chest"],"potions_floor_usage":[11,11,16],"damage_taken":[{"damage":10,"enemies":"Jaw Worm","floor":1,"turns":5},{"damage":2,"enemies":"Small Slimes","floor":2,"turns":3},{"damage":4,"enemies":"Cultist","floor":3,"turns":3},{"damage":14,"enemies":"Gremlin Nob","floor":8,"turns":4},{"damage":10,"enemies":"2 Fungi Beasts","floor":10,"turns":4},{"damage":7,"enemies":"Exordium Wildlife","floor":11,"turns":3},{"damage":21,"enemies":"Gremlin Gang","floor":14,"turns":5}],"seed_played":"-7886218033512928583","potions_obtained":[{"floor":3,"key":"AttackPotion"},{"floor":10,"key":"Fire Potion"},{"floor":14,"key":"Fire Potion"}],"is_trial":false,"path_per_floor":["M","M","M","?","?","R","$","E","T","M","M","$","?","M","R","B"],"character_chosen":"IRONCLAD","items_purchased":[],"campfire_rested":0,"item_purchase_floors":[],"current_hp_per_floor":[76,80,80,80,80,80,80,73,73,70,70,70,59,45,45,0],"gold":147,"neow_bonus":"REMOVE_TWO","is_prod":false,"is_daily":false,"chose_seed":false,"campfire_upgraded":2,"win_rate":0,"timestamp":1556478289,"path_taken":["M","M","M","?","?","R","$","E","T","?","M","$","?","M","R","BOSS"],"build_version":"2019-01-23","purchased_purges":1,"victory":false,"max_hp_per_floor":[80,80,80,80,80,80,80,81,81,82,83,83,83,84,84,84],"card_choices":[{"not_picked":["Perfected Strike","Havoc"],"picked":"Anger","floor":1},{"not_picked":["Twin Strike","Wild Strike"],"picked":"Shockwave","floor":2},{"not_picked":["Twin Strike","Perfected Strike"],"picked":"Metallicize","floor":3},{"not_picked":["Inflame","Ghostly Armor","Shrug It Off"],"picked":"SKIP","floor":8},{"not_picked":["Infernal Blade","Whirlwind","Warcry"],"picked":"SKIP","floor":10},{"not_picked":["Second Wind","Burning Pact","Pommel Strike"],"picked":"SKIP","floor":11},{"not_picked":["Headbutt","Metallicize","True Grit"],"picked":"SKIP","floor":14}],"player_experience":147652,"relics_obtained":[{"floor":8,"key":"Matryoshka"},{"floor":9,"key":"Bottled Flame"},{"floor":9,"key":"Tiny Chest"}],"event_choices":[{"damage_healed":0,"gold_gain":0,"player_choice":"Ignored","damage_taken":0,"max_hp_gain":0,"max_hp_loss":0,"event_name":"Golden Idol","floor":4,"gold_loss":0},{"damage_healed":0,"gold_gain":0,"player_choice":"Trade","damage_taken":0,"relics_obtained":["FaceOfCleric"],"max_hp_gain":0,"max_hp_loss":0,"event_name":"FaceTrader","floor":5,"gold_loss":0},{"damage_healed":0,"gold_gain":75,"player_choice":"Gather Gold","damage_taken":11,"max_hp_gain":0,"max_hp_loss":0,"event_name":"World of Goop","floor":13,"gold_loss":0}],"is_beta":false,"boss_relics":[],"items_purged_floors":[12],"is_endless":false,"potions_floor_spawned":[3,10,14],"killed_by":"The Guardian","ascension_level":1}