{"gold_per_floor":[209,65,140,154,154,154,184,26,53,67,86,116,116,135,135,238,238,258,66,66,86,86,86,121,21,95,159,159,205,205,220,220,319,319,338,351,351,396,396,424,8,19,100,100,135,135,135,135],"floor_reached":48,"playtime":4467,"items_purged":["Strike_G","Strike_G+1"],"score":668,"play_id":"f82249c6-809c-4740-9b5f-5effc9d9782a","local_time":"20181116182146","is_ascension_mode":true,"campfire_choices":[{"data":"Cloak And Dagger","floor":6,"key":"SMITH"},{"floor":15,"key":"REST"},{"data":"Glass Knife","floor":23,"key":"SMITH"},{"floor":30,"key":"REST"},{"data":"Footwork","floor":32,"key":"SMITH"},{"data":"Noxious Fumes","floor":44,"key":"SMITH"},{"floor":46,"key":"REST"}],"neow_cost":"NONE","seed_source_timestamp":85555889337141,"circlet_count":0,"master_deck":["Defend_G+1","Defend_G+1","Defend_G+1","Defend_G+1","Defend_G+1","Strike_G+1","Strike_G+1","Strike_G+1","Survivor","Neutralize+1","Catalyst","Cloak And Dagger+1","PiercingWail","Flying Knee","Backstab","Backflip","Caltrops","Quick Slash","Cloak And Dagger","Footwork","Well Laid Plans","Glass Knife+1","Riddle With Holes","Footwork+1","Deadly Poison","Dagger Spray","Poisoned Stab+1","Adrenaline","Crippling Poison","Bouncing Flask","Terror+1","Dodge and Roll+1","Writhe","Adrenaline","Noxious Fumes+1","Burst","Dodge and Roll"],"relics":["Ring of the Snake","Torii","Boot","Centennial Puzzle","White Beast Statue","Nilry\u0027s Codex","Blood Vial","Matryoshka","Tiny Chest","Orichalcum","Happy Flower","Orrery","Dream Catcher","Potion Belt","Girya","ClockworkSouvenir","The Courier","Letter Opener"],"potions_floor_usage":[7,12,16,24,24,33,33,33,40,40,47,47,48],"damage_taken":[{"damage":2,"enemies":"Jaw Worm","floor":1,"turns":6},{"damage":0,"enemies":"2 Louse","floor":4,"turns":3},{"damage":21,"enemies":"3 Sentries","floor":7,"turns":10},{"damage":0,"enemies":"Cultist","floor":10,"turns":3},{"damage":9,"enemies":"Exordium Thugs","floor":11,"turns":5},{"damage":16,"enemies":"Gremlin Nob","floor":12,"turns":4},{"damage":1,"enemies":"3 Louse","floor":14,"turns":2},{"damage":13,"enemies":"The Guardian","floor":16,"turns":16},{"damage":2,"enemies":"Chosen","floor":18,"turns":5},{"damage":2,"enemies":"2 Thieves","floor":21,"turns":4},{"damage":11,"enemies":"Gremlin Leader","floor":24,"turns":10},{"damage":16,"enemies":"Slavers","floor":27,"turns":6},{"damage":0,"enemies":"Snake Plant","floor":31,"turns":4},{"damage":45,"enemies":"Collector","floor":33,"turns":11},{"damage":22,"enemies":"3 Darklings","floor":35,"turns":6},{"damage":5,"enemies":"3 Shapes","floor":36,"turns":6},{"damage":21,"enemies":"Reptomancer","floor":40,"turns":10},{"damage":0,"enemies":"Spire Growth","floor":42,"turns":4},{"damage":18,"enemies":"Nemesis","floor":45,"turns":5},{"damage":31,"enemies":"Giant Head","floor":47,"turns":9},{"damage":38,"enemies":"Writhing Mass","floor":48,"turns":6}],"seed_played":"3250122735105193624","potions_obtained":[{"floor":4,"key":"Swift Potion"},{"floor":10,"key":"Swift Potion"},{"floor":14,"key":"SpeedPotion"},{"floor":18,"key":"FearPotion"},{"floor":21,"key":"Block Potion"},{"floor":24,"key":"SpeedPotion"},{"floor":27,"key":"Ancient Potion"},{"floor":31,"key":"SneckoOil"},{"floor":33,"key":"Weak Potion"},{"floor":35,"key":"FearPotion"},{"floor":36,"key":"GhostInAJar"},{"floor":42,"key":"Energy Potion"},{"floor":45,"key":"LiquidBronze"}],"is_trial":false,"path_per_floor":["M","$","?","M","?","R","E","$","T","M","M","E","?","M","R","B",null,"M","$","?","M","?","R","E","$","T","E","?","T","R","M","R","B",null,"M","M","?","T","?","E","$","M","T","R","E","R","E","M"],"character_chosen":"THE_SILENT","items_purchased":["Cloak And Dagger","PiercingWail","Flying Knee","Backstab","Backflip","Caltrops","Riddle With Holes","Footwork","ClockworkSouvenir","Noxious Fumes","FearPotion","SmokeBomb"],"campfire_rested":3,"item_purchase_floors":[2,2,2,8,8,8,19,19,41,41,41,41],"current_hp_per_floor":[68,68,57,57,57,57,36,36,36,36,27,11,11,10,31,18,70,68,68,52,50,50,50,39,39,39,25,25,25,46,48,48,5,70,48,45,45,45,63,44,44,46,46,46,30,51,22,0],"gold":135,"neow_bonus":"HUNDRED_GOLD","is_prod":false,"is_daily":false,"chose_seed":false,"campfire_upgraded":4,"win_rate":0,"timestamp":1542410506,"path_taken":["M","$","?","M","?","R","E","$","T","M","M","E","?","?","R","BOSS","M","$","?","M","?","R","E","$","T","E","?","?","R","M","R","BOSS","M","M","?","?","?","E","?","M","T","R","E","R","E","M"],"build_version":"2018-11-15","purchased_purges":2,"victory":false,"max_hp_per_floor":[70,70,70,70,70,70,70,70,70,70,70,70,70,70,70,70,70,70,70,70,70,70,70,70,70,70,70,70,70,70,70,70,70,70,70,70,70,70,70,70,70,70,70,70,70,70,70,70],"card_choices":[{"not_picked":["Bane","Deflect"],"picked":"Catalyst","floor":1},{"not_picked":["Outmaneuver","Acrobatics"],"picked":"PiercingWail","floor":4},{"not_picked":["Eviscerate","Reflex","Finisher"],"picked":"SKIP","floor":7},{"not_picked":["PiercingWail","Acrobatics"],"picked":"Quick Slash","floor":10},{"not_picked":["PiercingWail","Blade Dance"],"picked":"Cloak And Dagger","floor":11},{"not_picked":["Dagger Spray","Caltrops"],"picked":"Footwork","floor":12},{"not_picked":["Malaise","Outmaneuver"],"picked":"Well Laid Plans","floor":14},{"not_picked":["Storm of Steel","Wraith Form v2"],"picked":"Glass Knife","floor":16},{"not_picked":["Blade Dance","Cloak And Dagger","Quick Slash"],"picked":"SKIP","floor":18},{"not_picked":["Bane","Backflip"],"picked":"Deadly Poison","floor":21},{"not_picked":["Backstab","Tactician"],"picked":"Dagger Spray","floor":24},{"not_picked":["Finisher","Doppelganger","Outmaneuver+1"],"picked":"SKIP","floor":27},{"not_picked":["Quick Slash","Expertise"],"picked":"Poisoned Stab+1","floor":31},{"not_picked":["Night Terror","Burst"],"picked":"Adrenaline","floor":33},{"not_picked":["Dagger Spray+1","Backflip"],"picked":"Crippling Poison","floor":34},{"not_picked":["Dodge and Roll+1","Deadly Poison"],"picked":"Bouncing Flask","floor":34},{"not_picked":["Blur+1","Poisoned Stab+1"],"picked":"Terror+1","floor":35},{"not_picked":["Flying Knee+1","Well Laid Plans"],"picked":"Dodge and Roll+1","floor":36},{"not_picked":["Night Terror","Endless Agony+1"],"picked":"Adrenaline","floor":40},{"not_picked":["Underhanded Strike","Deflect","Cloak And Dagger+1"],"picked":"SKIP","floor":42},{"not_picked":["Backflip","Quick Slash+1"],"picked":"Burst","floor":45},{"not_picked":["Blade Dance+1","Prepared"],"picked":"Dodge and Roll","floor":46}],"player_experience":150804,"relics_obtained":[{"floor":7,"key":"Torii"},{"floor":9,"key":"Boot"},{"floor":12,"key":"Centennial Puzzle"},{"floor":20,"key":"Nilry\u0027s Codex"},{"floor":24,"key":"Blood Vial"},{"floor":26,"key":"Matryoshka"},{"floor":27,"key":"Tiny Chest"},{"floor":29,"key":"Orichalcum"},{"floor":29,"key":"Happy Flower"},{"floor":38,"key":"Dream Catcher"},{"floor":38,"key":"Potion Belt"},{"floor":40,"key":"Girya"},{"floor":43,"key":"The Courier"},{"floor":45,"key":"Letter Opener"}],"event_choices":[{"damage_healed":0,"gold_gain":75,"player_choice":"Gather Gold","damage_taken":11,"max_hp_gain":0,"max_hp_loss":0,"event_name":"World of Goop","floor":3,"gold_loss":0},{"damage_healed":0,"gold_gain":0,"player_choice":"Grow","damage_taken":0,"max_hp_gain":0,"max_hp_loss":0,"event_name":"Living Wall","floor":5,"gold_loss":0,"cards_upgraded":["Neutralize"]},{"damage_healed":0,"gold_gain":0,"player_choice":"Leave","damage_taken":0,"max_hp_gain":0,"max_hp_loss":0,"event_name":"FaceTrader","floor":13,"gold_loss":0},{"damage_healed":0,"gold_gain":0,"player_choice":"Obtained Book","damage_taken":16,"max_hp_gain":0,"max_hp_loss":0,"event_name":"Cursed Tome","floor":20,"gold_loss":0},{"damage_healed":0,"gold_gain":0,"player_choice":"Simplicity","damage_taken":0,"max_hp_gain":0,"max_hp_loss":0,"event_name":"Back to Basics","floor":22,"gold_loss":0,"cards_upgraded":["Defend_G","Defend_G","Defend_G","Defend_G","Defend_G","Strike_G","Strike_G","Strike_G","Strike_G"]},{"damage_healed":0,"gold_gain":0,"player_choice":"Ignored","damage_taken":0,"max_hp_gain":0,"max_hp_loss":0,"event_name":"Ghosts","floor":28,"gold_loss":0},{"cards_removed":["PiercingWail"],"damage_healed":0,"gold_gain":0,"player_choice":"Removed Skill","damage_taken":0,"max_hp_gain":0,"max_hp_loss":0,"event_name":"Falling","floor":37,"gold_loss":0},{"damage_healed":18,"gold_gain":0,"player_choice":"Writhe","damage_taken":0,"max_hp_gain":0,"max_hp_loss":0,"event_name":"Winding Halls","floor":39,"gold_loss":0,"cards_obtained":["Writhe"]}],"is_beta":false,"boss_relics":[{"not_picked":["Runic Pyramid","Fusion Hammer"],"picked":"White Beast Statue"},{"not_picked":["Philosopher\u0027s Stone","Astrolabe"],"picked":"Orrery"}],"items_purged_floors":[19,25],"is_endless":false,"potions_floor_spawned":[4,10,14,18,21,24,27,31,33,35,36,40,42,45,47],"killed_by":"Writhing Mass","ascension_level":2}