{"gold_per_floor":[109,109,109,129,143,168,168,168,168,181,181,181,195,207,207,305,305,322,322],"floor_reached":19,"playtime":593,"items_purged":[],"score":169,"play_id":"9192867b-0626-462f-a872-4a99979f0055","local_time":"20190429203758","is_ascension_mode":false,"campfire_choices":[{"data":"Dualcast","floor":7,"key":"SMITH"},{"floor":11,"key":"REST"},{"floor":15,"key":"REST"}],"neow_cost":"NONE","seed_source_timestamp":1354985163600,"circlet_count":0,"master_deck":["Strike_B","Strike_B","Strike_B+1","Defend_B","Defend_B","Defend_B","Defend_B","Zap+1","Dualcast+1","Coolheaded","Consume","Redo","Go for the Eyes","Thunder Strike+1","Ball Lightning+1","Amplify","Reprogram+1","Reinforced Body+1","Capacitor+1","Self Repair","Coolheaded"],"relics":["Cracked Core","DataDisk","Prayer Wheel","Potion Belt","Molten Egg 2","Astrolabe"],"potions_floor_usage":[14,16,16],"damage_taken":[{"damage":1,"enemies":"Jaw Worm","floor":1,"turns":3},{"damage":0,"enemies":"Cultist","floor":4,"turns":2},{"damage":0,"enemies":"Small Slimes","floor":5,"turns":2},{"damage":31,"enemies":"Lagavulin","floor":6,"turns":5},{"damage":8,"enemies":"Red Slaver","floor":10,"turns":3},{"damage":2,"enemies":"Blue Slaver","floor":13,"turns":2},{"damage":12,"enemies":"2 Fungi Beasts","floor":14,"turns":2},{"damage":4,"enemies":"Hexaghost","floor":16,"turns":7},{"damage":16,"enemies":"Chosen","floor":18,"turns":5},{"damage":61,"enemies":"Masked Bandits","floor":19,"turns":3}],"seed_played":"9008860423961989626","potions_obtained":[{"floor":5,"key":"SpeedPotion"},{"floor":10,"key":"FocusPotion"},{"floor":13,"key":"EssenceOfSteel"}],"is_trial":false,"path_per_floor":["M","?","?","M","M","E","R","?","T","M","R","?","M","M","R","B",null,"M","?"],"character_chosen":"DEFECT","items_purchased":[],"campfire_rested":2,"item_purchase_floors":[],"current_hp_per_floor":[74,59,59,59,59,28,28,16,16,8,30,30,28,16,38,34,75,59,0],"gold":322,"neow_bonus":"RANDOM_COMMON_RELIC","is_prod":false,"is_daily":false,"chose_seed":false,"campfire_upgraded":1,"win_rate":0,"timestamp":1556559478,"path_taken":["M","?","?","?","M","E","R","?","T","M","R","?","?","M","R","BOSS","M","?"],"build_version":"2019-01-23","purchased_purges":0,"victory":false,"max_hp_per_floor":[75,75,75,75,75,75,75,75,75,75,75,75,75,75,75,75,75,75,75],"card_choices":[{"not_picked":["Stack","Blizzard"],"picked":"Coolheaded","floor":1},{"not_picked":["Sunder","Hologram"],"picked":"Consume","floor":4},{"not_picked":["Beam Cell","Ball Lightning"],"picked":"Redo","floor":5},{"not_picked":["Turbo","Leap"],"picked":"Go for the Eyes","floor":6},{"not_picked":["Turbo","Gash+1"],"picked":"Thunder Strike+1","floor":10},{"not_picked":["Rebound+1","Turbo"],"picked":"Ball Lightning+1","floor":10},{"not_picked":["Blizzard+1","Leap"],"picked":"Streamline+1","floor":13},{"not_picked":["Steam","Double Energy","Consume"],"picked":"SKIP","floor":13},{"not_picked":["Coolheaded","Steam"],"picked":"Streamline+1","floor":14},{"not_picked":["Genetic Algorithm","Barrage+1"],"picked":"Hologram","floor":14},{"not_picked":["Seek","Meteor Strike+1"],"picked":"Amplify","floor":16},{"not_picked":["Glacier","Gash+1"],"picked":"Self Repair","floor":18},{"not_picked":["Hologram","Redo"],"picked":"Coolheaded","floor":18}],"player_experience":271442,"relics_obtained":[{"floor":6,"key":"Prayer Wheel"},{"floor":9,"key":"Molten Egg 2"}],"event_choices":[{"damage_healed":0,"gold_gain":0,"player_choice":"Entered Light","damage_taken":15,"max_hp_gain":0,"max_hp_loss":0,"event_name":"Shining Light","floor":2,"gold_loss":0,"cards_upgraded":["Strike_B","Zap"]},{"damage_healed":0,"gold_gain":0,"player_choice":"Bought 0 Potions","damage_taken":0,"max_hp_gain":0,"max_hp_loss":0,"event_name":"The Woman in Blue","floor":3,"gold_loss":0},{"damage_healed":0,"gold_gain":0,"player_choice":"Success","damage_taken":12,"relics_obtained":["Potion Belt"],"max_hp_gain":0,"max_hp_loss":0,"event_name":"Scrap Ooze","floor":8,"gold_loss":0},{"cards_removed":["Strike_B"],"damage_healed":0,"gold_gain":0,"player_choice":"Offered Basic","damage_taken":0,"max_hp_gain":0,"max_hp_loss":0,"event_name":"Bonfire Elementals","floor":12,"gold_loss":0},{"damage_healed":0,"gold_gain":0,"player_choice":"Fought Bandits","damage_taken":0,"max_hp_gain":0,"max_hp_loss":0,"event_name":"Masked Bandits","floor":19,"gold_loss":0}],"is_beta":false,"boss_relics":[{"not_picked":["Orrery","Inserter"],"picked":"Astrolabe"}],"items_purged_floors":[],"is_endless":false,"potions_floor_spawned":[5,10,13],"killed_by":"Masked Bandits","ascension_level":0}