{"gold_per_floor":[117,117,134,154,26,58,58,88,88,88,88,88,102,102,102,206,206,222,182,201,214,5,5,30,47,47,47,65,65,85,0,0,98,98,115,115,128,179,192,192,222,222],"floor_reached":42,"playtime":1963,"items_purged":[],"score":456,"play_id":"355223d4-0752-407f-8f62-0a81845ed70c","local_time":"20190420134417","is_ascension_mode":false,"campfire_choices":[{"data":"Redo","floor":7.0,"key":"SMITH"},{"data":"Seek","floor":12.0,"key":"SMITH"},{"data":"Dualcast","floor":15.0,"key":"SMITH"},{"floor":23.0,"key":"DIG"},{"floor":27.0,"key":"DIG"},{"floor":32.0,"key":"DIG"},{"data":"Zap","floor":40,"key":"SMITH"}],"neow_cost":"NONE","seed_source_timestamp":0,"circlet_count":0,"master_deck":["Strike_B","Strike_B","Strike_B+1","Strike_B+1","Defend_B","Defend_B+1","Defend_B","Defend_B","Zap+1","Dualcast+1","Lockon","Ball Lightning","Redo+1","Undo","Seek+1","Consume+1","Rainbow","Ball Lightning","Hello World+1","Chill","Conserve Battery","Steam Power+1","Steam Power","Darkness","Turbo","Cold Snap","Electrodynamics","All For One+1","Compile Driver+1","White Noise+1","Turbo","White Noise"],"special_seed":0,"relics":["Cracked Core","NeowsBlessing","PreservedInsect","Gremlin Horn","Shovel","Meat on the Bone","Orrery","Lee\u0027s Waffle","Symbiotic Virus","Orichalcum","Molten Egg 2","Whetstone","Darkstone Periapt","War Paint","Runic Pyramid","Nunchaku","Bottled Tornado"],"potions_floor_usage":[41,42],"damage_taken":[{"damage":0.0,"enemies":"Jaw Worm","floor":1.0,"turns":1.0},{"damage":0.0,"enemies":"Cultist","floor":3.0,"turns":1.0},{"damage":0.0,"enemies":"Small Slimes","floor":4.0,"turns":1.0},{"damage":26.0,"enemies":"Lagavulin","floor":6.0,"turns":5.0},{"damage":9.0,"enemies":"3 Sentries","floor":8.0,"turns":6.0},{"damage":0.0,"enemies":"Looter","floor":13.0,"turns":1.0},{"damage":39.0,"enemies":"The Guardian","floor":16.0,"turns":10.0},{"damage":9.0,"enemies":"Shell Parasite","floor":18.0,"turns":6.0},{"damage":10.0,"enemies":"Spheric Guardian","floor":20.0,"turns":4.0},{"damage":40.0,"enemies":"Centurion and Healer","floor":21.0,"turns":7.0},{"damage":22.0,"enemies":"Slavers","floor":24.0,"turns":6.0},{"damage":10.0,"enemies":"Cultist and Chosen","floor":25.0,"turns":5.0},{"damage":12.0,"enemies":"Snecko","floor":28.0,"turns":5.0},{"damage":14.0,"enemies":"Snake Plant","floor":30.0,"turns":5.0},{"damage":46.0,"enemies":"Automaton","floor":33.0,"turns":11.0},{"damage":12.0,"enemies":"Orb Walker","floor":35.0,"turns":3.0},{"damage":15.0,"enemies":"3 Darklings","floor":37.0,"turns":4.0},{"damage":32.0,"enemies":"2 Orb Walkers","floor":38.0,"turns":5.0},{"damage":2,"enemies":"Transient","floor":39,"turns":5},{"damage":37,"enemies":"Nemesis","floor":41,"turns":3},{"damage":26,"enemies":"Maw","floor":42,"turns":8}],"seed_played":"6915891035810919663","potions_obtained":[{"floor":3.0,"key":"Block Potion"},{"floor":13.0,"key":"Energy Potion"},{"floor":16.0,"key":"LiquidBronze"},{"floor":21.0,"key":"Swift Potion"},{"floor":24.0,"key":"Ancient Potion"},{"floor":25.0,"key":"Energy Potion"},{"floor":35.0,"key":"AttackPotion"},{"floor":37.0,"key":"Swift Potion"}],"is_trial":false,"path_per_floor":["M","?","M","M","$","E","R","E","T","?","$","R","M","?","R","B",null,"M","?","M","M","$","R","E","M","T","R","M","$","M","?","R","B",null,"M","?","M","?","M","R","E","M"],"character_chosen":"DEFECT","items_purchased":["Blizzard","Redo","Lee\u0027s Waffle"],"campfire_rested":0,"item_purchase_floors":[5,5,22],"current_hp_per_floor":[75,75,75,75,75,49,49,40,40,75,75,75,75,75,75,48,75,66,66,56,28,82,82,60,50,50,50,50,50,48,48,48,14,82,70,70,55,35,45,45,20,0],"gold":222,"neow_bonus":"THREE_ENEMY_KILL","is_prod":false,"is_daily":false,"chose_seed":false,"campfire_upgraded":4,"win_rate":0,"timestamp":1555735457,"path_taken":["M","?","M","?","$","E","R","E","T","?","$","R","?","?","R","BOSS","M","?","M","M","$","R","E","M","T","R","M","$","?","?","R","BOSS","M","?","M","?","M","R","E","M"],"build_version":"2019-01-23","purchased_purges":0,"victory":false,"max_hp_per_floor":[75,75,75,75,75,75,75,75,75,75,75,75,75,75,75,75,75,75,75,75,75,82,82,82,82,82,82,82,82,82,82,82,82,82,82,82,82,82,82,82,82,82],"card_choices":[{"not_picked":["Streamline","Barrage"],"picked":"Leap","floor":1.0},{"not_picked":["Gash","Redo"],"picked":"Lockon","floor":3.0},{"not_picked":["Darkness","Capacitor"],"picked":"Ball Lightning","floor":4.0},{"not_picked":["Reprogram","Compile Driver"],"picked":"Undo","floor":6.0},{"not_picked":["Go for the Eyes","Melter"],"picked":"Seek","floor":8.0},{"not_picked":["Doom and Gloom","Go for the Eyes"],"picked":"Consume","floor":13.0},{"not_picked":["Hyperbeam","Reboot"],"picked":"Rainbow","floor":16.0},{"not_picked":["Compile Driver","Double Energy"],"picked":"Ball Lightning","floor":17.0},{"not_picked":["Streamline","Reinforced Body"],"picked":"Hello World","floor":17.0},{"not_picked":["Loop","BootSequence"],"picked":"Chill","floor":17.0},{"not_picked":["Melter","Ball Lightning"],"picked":"Conserve Battery","floor":17.0},{"not_picked":["Sweeping Beam","Compile Driver"],"picked":"Steam Power","floor":18.0},{"not_picked":["BootSequence","Double Energy"],"picked":"Steam Power","floor":20.0},{"not_picked":["Stack","Barrage+1"],"picked":"Darkness","floor":21.0},{"not_picked":["Darkness","Redo+1"],"picked":"Turbo","floor":24.0},{"not_picked":["Rebound","Compile Driver+1"],"picked":"Cold Snap","floor":25.0},{"not_picked":["Steam+1","Beam Cell+1","Stack"],"picked":"SKIP","floor":28.0},{"not_picked":["Sweeping Beam+1","Conserve Battery"],"picked":"Electrodynamics","floor":30.0},{"not_picked":["Rainbow","Amplify"],"picked":"All For One+1","floor":33.0},{"not_picked":["Barrage+1","Conserve Battery"],"picked":"Compile Driver+1","floor":35.0},{"not_picked":["Scrape+1","Sweeping Beam+1"],"picked":"White Noise+1","floor":37.0},{"not_picked":["Loop","Stack"],"picked":"Turbo","floor":38.0},{"not_picked":["Blizzard+1","Reprogram+1","Hello World"],"picked":"SKIP","floor":39},{"not_picked":["Redo","Leap+1"],"picked":"White Noise","floor":41}],"player_experience":310665,"relics_obtained":[{"floor":6.0,"key":"Gremlin Horn"},{"floor":8.0,"key":"Shovel"},{"floor":9.0,"key":"Meat on the Bone"},{"floor":23.0,"key":"Symbiotic Virus"},{"floor":24.0,"key":"Orichalcum"},{"floor":26.0,"key":"Molten Egg 2"},{"floor":27.0,"key":"Whetstone"},{"floor":32.0,"key":"War Paint"},{"floor":38.0,"key":"Nunchaku"},{"floor":41,"key":"Bottled Tornado"}],"event_choices":[{"cards_removed":["Leap"],"damage_healed":0.0,"max_hp_gain":0.0,"max_hp_loss":0.0,"gold_gain":0.0,"event_name":"WeMeetAgain","player_choice":"Gave Card","floor":2.0,"gold_loss":0.0,"damage_taken":0.0,"relics_obtained":["PreservedInsect"]},{"cards_removed":["Blizzard"],"damage_healed":35.0,"max_hp_gain":0.0,"max_hp_loss":0.0,"gold_gain":0.0,"event_name":"Bonfire Elementals","player_choice":"Offered Uncommon","floor":10.0,"gold_loss":0.0,"damage_taken":0.0},{"damage_healed":0.0,"max_hp_gain":0.0,"max_hp_loss":0.0,"gold_gain":0.0,"event_name":"Liars Game","player_choice":"Ignored","floor":14.0,"gold_loss":0.0,"damage_taken":0.0},{"damage_healed":0.0,"max_hp_gain":0.0,"max_hp_loss":0.0,"gold_gain":0.0,"event_name":"Designer","player_choice":"Upgraded Two","floor":19.0,"gold_loss":40.0,"damage_taken":0.0,"cards_upgraded":["Hello World","Steam Power"]},{"damage_healed":0.0,"max_hp_gain":0.0,"max_hp_loss":0.0,"gold_gain":0.0,"event_name":"Addict","player_choice":"Obtained Relic","floor":31.0,"gold_loss":85.0,"damage_taken":0.0,"relics_obtained":["Darkstone Periapt"]},{"damage_healed":0.0,"max_hp_gain":0.0,"max_hp_loss":0.0,"gold_gain":0.0,"event_name":"Tomb of Lord Red Mask","player_choice":"Ignored","floor":36.0,"gold_loss":0.0,"damage_taken":0.0},{"damage_healed":0.0,"max_hp_gain":0.0,"max_hp_loss":0.0,"gold_gain":0.0,"event_name":"Mysterious Sphere","player_choice":"Fight","floor":38.0,"gold_loss":0.0,"damage_taken":0.0}],"is_beta":false,"boss_relics":[{"not_picked":["White Beast Statue","Cursed Key"],"picked":"Orrery"},{"not_picked":["Tiny House","Velvet Choker"],"picked":"Runic Pyramid"}],"items_purged_floors":[],"is_endless":false,"potions_floor_spawned":[3,13,16,20,21,24,25,30,35,37],"killed_by":"Maw","ascension_level":0}