{"gold_per_floor":[212,212,212,212,222,222,239,239,239,81,81,95,124,136,136,239,239,258,183,183,200,200,230,242,270,270,280,299,56,56,87,87,87],"floor_reached":33,"playtime":1099,"items_purged":["Normality","Clumsy"],"score":305,"play_id":"2cf237d7-f407-47ed-9aaa-94bb00b05ef0","local_time":"20190518164235","is_ascension_mode":false,"campfire_choices":[{"data":"Thunderclap","floor":6,"key":"SMITH"},{"data":"Offering","floor":11,"key":"SMITH"},{"data":"Warcry","floor":15,"key":"SMITH"},{"data":"True Grit","floor":32,"key":"SMITH"}],"neow_cost":"NONE","seed_source_timestamp":231513016194451,"circlet_count":0,"master_deck":["Strike_R","Strike_R","Strike_R","Strike_R","Strike_R","Defend_R","Defend_R","Defend_R","Defend_R","Bash+1","Thunderclap+1","Pummel","Flex","Offering+1","Pommel Strike","Shrug It Off","Warcry+1","Feed","Shrug It Off","J.A.X.","Shrug It Off","Strike_B","True Grit+1","Fiend Fire","True Grit+1"],"relics":["Burning Blood","Sundial","Red Skull","Blue Candle","Calling Bell","Bronze Scales","Frozen Egg 2","Ice Cream","Pen Nib","The Courier","Question Card","Lee\u0027s Waffle","Molten Egg 2"],"potions_floor_usage":[13,16,16,23,23,25,27,33],"damage_taken":[{"damage":6,"enemies":"Cultist","floor":1,"turns":3},{"damage":0,"enemies":"2 Louse","floor":5,"turns":2},{"damage":11,"enemies":"Jaw Worm","floor":7,"turns":2},{"damage":11,"enemies":"Looter","floor":12,"turns":2},{"damage":24,"enemies":"Lagavulin","floor":13,"turns":3},{"damage":6,"enemies":"Large Slime","floor":14,"turns":2},{"damage":29,"enemies":"The Guardian","floor":16,"turns":6},{"damage":27,"enemies":"Shell Parasite","floor":18,"turns":4},{"damage":34,"enemies":"2 Thieves","floor":21,"turns":3},{"damage":25,"enemies":"Book of Stabbing","floor":23,"turns":4},{"damage":0,"enemies":"Snecko","floor":24,"turns":4},{"damage":11,"enemies":"Slavers","floor":25,"turns":3},{"damage":8,"enemies":"Sentry and Sphere","floor":27,"turns":3},{"damage":6,"enemies":"Cultist and Chosen","floor":28,"turns":4},{"damage":53,"enemies":"Gremlin Leader","floor":31,"turns":5},{"damage":32,"enemies":"Automaton","floor":33,"turns":6}],"seed_played":"2733720310303165556","potions_obtained":[{"floor":7,"key":"SkillPotion"},{"floor":13,"key":"Swift Potion"},{"floor":14,"key":"Strength Potion"},{"floor":16,"key":"Energy Potion"},{"floor":21,"key":"SpeedPotion"},{"floor":24,"key":"Energy Potion"},{"floor":25,"key":"PowerPotion"},{"floor":31,"key":"Weak Potion"}],"is_trial":false,"path_per_floor":["M","$","?","?","M","R","M","$","T","$","R","M","E","M","R","B",null,"M","$","?","M","?","E","M","E","T","M","M","$","?","E","R","B"],"character_chosen":"IRONCLAD","items_purchased":["Offering","Lee\u0027s Waffle"],"campfire_rested":0,"item_purchase_floors":[10,29],"current_hp_per_floor":[80,80,80,68,74,74,69,69,69,69,69,64,46,46,46,23,80,59,59,59,34,34,15,24,19,19,17,17,93,93,46,46,14],"gold":87,"neow_bonus":"HUNDRED_GOLD","is_prod":false,"is_daily":false,"chose_seed":false,"campfire_upgraded":4,"win_rate":0,"timestamp":1558165355,"path_taken":["M","$","?","?","M","R","M","$","T","?","R","M","E","M","R","BOSS","M","$","?","M","?","E","?","E","T","M","M","$","?","E","R","BOSS"],"build_version":"2019-01-23","purchased_purges":2,"victory":false,"max_hp_per_floor":[80,80,80,80,80,80,80,80,80,80,80,80,80,80,80,80,80,80,80,80,83,83,83,86,86,86,86,86,93,93,93,93,93],"card_choices":[{"not_picked":["Perfected Strike","Havoc"],"picked":"Thunderclap","floor":1},{"not_picked":["Clothesline","Havoc"],"picked":"Pummel","floor":5},{"not_picked":["Armaments","Rampage"],"picked":"Flex","floor":7},{"not_picked":["Headbutt","Body Slam"],"picked":"Pommel Strike","floor":12},{"not_picked":["Cleave","Burning Pact"],"picked":"Shrug It Off","floor":13},{"not_picked":["Havoc","Headbutt"],"picked":"Warcry","floor":14},{"not_picked":["Offering","Reaper"],"picked":"Feed","floor":16},{"not_picked":["Havoc","Sentinel"],"picked":"Shrug It Off","floor":18},{"not_picked":["Flex","Infernal Blade"],"picked":"Shrug It Off","floor":21},{"not_picked":["Rampage","Cleave","Shrug It Off+1"],"picked":"SKIP","floor":23},{"not_picked":["Thunderclap","Body Slam"],"picked":"True Grit","floor":24},{"not_picked":["Body Slam","Sentinel+1"],"picked":"Fiend Fire","floor":25},{"not_picked":["Disarm","Sword Boomerang+1","Thunderclap","Headbutt"],"picked":"SKIP","floor":27},{"not_picked":["Wild Strike","Metallicize+1","Warcry"],"picked":"True Grit+1","floor":28},{"not_picked":["Burning Pact","Headbutt","Evolve+1","Seeing Red"],"picked":"SKIP","floor":31}],"player_experience":377397,"relics_obtained":[{"floor":9,"key":"Red Skull"},{"floor":13,"key":"Blue Candle"},{"floor":17,"key":"Bronze Scales"},{"floor":17,"key":"Frozen Egg 2"},{"floor":17,"key":"Ice Cream"},{"floor":23,"key":"Pen Nib"},{"floor":25,"key":"The Courier"},{"floor":26,"key":"Question Card"},{"floor":31,"key":"Molten Egg 2"}],"event_choices":[{"damage_healed":0,"gold_gain":0,"player_choice":"Grow","damage_taken":0,"max_hp_gain":0,"max_hp_loss":0,"event_name":"Living Wall","floor":3,"gold_loss":0,"cards_upgraded":["Bash"]},{"damage_healed":0,"gold_gain":0,"player_choice":"Success","damage_taken":12,"relics_obtained":["Sundial"],"max_hp_gain":0,"max_hp_loss":0,"event_name":"Scrap Ooze","floor":4,"gold_loss":0},{"damage_healed":0,"gold_gain":0,"player_choice":"Obtain J.A.X.","damage_taken":0,"max_hp_gain":0,"max_hp_loss":0,"event_name":"Drug Dealer","floor":20,"gold_loss":0,"cards_obtained":["J.A.X."]},{"cards_removed":["Normality"],"damage_healed":0,"gold_gain":0,"player_choice":"Took Card","damage_taken":0,"max_hp_gain":0,"max_hp_loss":0,"event_name":"NoteForYourself","floor":22,"gold_loss":0,"cards_obtained":["Strike_B"]},{"damage_healed":0,"gold_gain":0,"player_choice":"Ignored","damage_taken":0,"max_hp_gain":0,"max_hp_loss":0,"event_name":"Ghosts","floor":30,"gold_loss":0}],"is_beta":false,"boss_relics":[{"not_picked":["Mark of Pain","Ectoplasm"],"picked":"Calling Bell"}],"items_purged_floors":[19,29],"is_endless":false,"potions_floor_spawned":[7,13,14,16,21,24,25,31],"killed_by":"Automaton","ascension_level":0}