{"gold_per_floor":[116,135,147,147,19,19,32,32,32,71,71,71,85,120,120,249,249,264,283,283,303,327,327],"floor_reached":23,"playtime":477,"items_purged":["Defend_R"],"score":213,"play_id":"c16c76f6-5ff8-4a70-8d2a-e243c81886ee","local_time":"20181209075705","is_ascension_mode":true,"campfire_choices":[{"data":"Bash","floor":6,"key":"SMITH"},{"data":"Twin Strike","floor":8,"key":"SMITH"},{"data":"Cleave","floor":12,"key":"SMITH"},{"data":"Carnage","floor":15,"key":"SMITH"}],"neow_cost":"NONE","seed_source_timestamp":168884143664151,"circlet_count":0,"master_deck":["Strike_R","Strike_R","Strike_R","Strike_R","Strike_R","Defend_R","Defend_R","Bash+1","Twin Strike+1","Cleave+1","Pommel Strike","Pommel Strike+1","Carnage+1","Flex+1","Thunderclap","Headbutt+1","Inflame","Heavy Blade"],"relics":["Burning Blood","Lantern","Golden Idol","Strawberry","Blue Candle","Toxic Egg 2","Orrery"],"potions_floor_usage":[16,16],"damage_taken":[{"damage":0,"enemies":"Small Slimes","floor":1,"turns":3},{"damage":0,"enemies":"2 Louse","floor":2,"turns":2},{"damage":0,"enemies":"Cultist","floor":3,"turns":2},{"damage":0,"enemies":"3 Louse","floor":7,"turns":3},{"damage":27,"enemies":"3 Sentries","floor":10,"turns":5},{"damage":21,"enemies":"Exordium Thugs","floor":13,"turns":3},{"damage":14,"enemies":"Gremlin Nob","floor":14,"turns":3},{"damage":39,"enemies":"Slime Boss","floor":16,"turns":7},{"damage":10,"enemies":"Chosen","floor":18,"turns":3},{"damage":10,"enemies":"Spheric Guardian","floor":19,"turns":3},{"damage":25,"enemies":"Snecko","floor":21,"turns":4},{"damage":42,"enemies":"Snake Plant","floor":22,"turns":4},{"damage":18,"enemies":"Book of Stabbing","floor":23,"turns":2}],"seed_played":"9129079135729800359","potions_obtained":[{"floor":2,"key":"Block Potion"},{"floor":3,"key":"Regen Potion"},{"floor":7,"key":"Poison Potion"},{"floor":18,"key":"Swift Potion"}],"is_trial":false,"path_per_floor":["M","M","M","?","$","R","M","R","T","E","?","R","M","E","R","B",null,"M","M","?","M","M","E"],"character_chosen":"IRONCLAD","items_purchased":["Pommel Strike"],"campfire_rested":0,"item_purchase_floors":[5],"current_hp_per_floor":[80,80,80,74,74,74,74,74,81,60,60,60,45,37,37,19,81,77,73,73,54,18,0],"gold":327,"neow_bonus":"RANDOM_COMMON_RELIC","is_prod":false,"is_daily":false,"chose_seed":false,"campfire_upgraded":4,"win_rate":0,"timestamp":1544360225,"path_taken":["M","M","M","?","$","R","M","R","T","E","?","R","?","E","R","BOSS","M","M","?","M","M","E"],"build_version":"2018-12-06","purchased_purges":1,"victory":false,"max_hp_per_floor":[80,80,80,74,74,74,74,74,81,81,81,81,81,81,81,81,81,81,81,81,81,81,81],"card_choices":[{"not_picked":["Shrug It Off","Pummel"],"picked":"Twin Strike","floor":1},{"not_picked":["Searing Blow","Hemokinesis"],"picked":"Cleave","floor":2},{"not_picked":["Anger","True Grit","Flex"],"picked":"SKIP","floor":3},{"not_picked":["Perfected Strike","Battle Trance"],"picked":"Pommel Strike","floor":7},{"not_picked":["Power Through","Armaments"],"picked":"Carnage","floor":10},{"not_picked":["Rage","True Grit","Dual Wield"],"picked":"SKIP","floor":13},{"not_picked":["Entrench","True Grit","Dropkick"],"picked":"SKIP","floor":14},{"not_picked":["Metallicize","Wild Strike"],"picked":"Flex+1","floor":17},{"not_picked":["Armaments+1","Infernal Blade+1"],"picked":"Thunderclap","floor":17},{"not_picked":["Flame Barrier+1","Entrench+1"],"picked":"Headbutt+1","floor":18},{"not_picked":["Iron Wave","Impervious+1","Flame Barrier+1"],"picked":"SKIP","floor":19},{"not_picked":["Headbutt","Twin Strike"],"picked":"Inflame","floor":21},{"not_picked":["Infernal Blade+1","Metallicize+1"],"picked":"Heavy Blade","floor":22}],"player_experience":301275,"relics_obtained":[{"floor":9,"key":"Strawberry"},{"floor":10,"key":"Blue Candle"},{"floor":14,"key":"Toxic Egg 2"}],"event_choices":[{"damage_healed":0,"gold_gain":0,"player_choice":"Lose Max HP","damage_taken":0,"relics_obtained":["Golden Idol"],"max_hp_gain":0,"max_hp_loss":6,"event_name":"Golden Idol","floor":4,"gold_loss":0},{"cards_removed":["Defend_R"],"damage_healed":0,"gold_gain":0,"player_choice":"Purged","damage_taken":0,"max_hp_gain":0,"max_hp_loss":0,"event_name":"Purifier","floor":11,"gold_loss":0},{"damage_healed":0,"gold_gain":0,"player_choice":"Upgraded","damage_taken":0,"max_hp_gain":0,"max_hp_loss":0,"event_name":"Upgrade Shrine","floor":20,"gold_loss":0,"cards_upgraded":["Pommel Strike"]}],"is_beta":false,"boss_relics":[{"not_picked":["Pandora\u0027s Box","Fusion Hammer"],"picked":"Orrery"}],"items_purged_floors":[5],"is_endless":false,"potions_floor_spawned":[2,3,7,18,21],"killed_by":"Book of Stabbing","ascension_level":1}