{"gold_per_floor":[113,130,143,143,157,157,169,199,270,270,288,306,272,27,27,131,131,146,162,162,162,173,173,506,506,560,560,588,194,10,10,10,108,108,119,219,63,80,96,96,96,123,123,123,158,178,53,53,53,53],"floor_reached":51,"playtime":4258,"items_purged":["Strike_G","Strike_G","Strike_G"],"score":1477,"play_id":"6dcf98b4-045d-4f24-bcae-0ab9c2ad665e","local_time":"20190512230619","is_ascension_mode":true,"campfire_choices":[{"data":"Backflip","floor":6.0,"key":"SMITH"},{"floor":10.0,"key":"REST"},{"data":"Footwork","floor":15.0,"key":"SMITH"},{"data":"Envenom","floor":23.0,"key":"SMITH"},{"floor":25.0,"key":"REST"},{"data":"Leg Sweep","floor":27.0,"key":"SMITH"},{"data":"Apotheosis","floor":32.0,"key":"SMITH"},{"floor":40,"key":"REST"},{"floor":44,"key":"REST"},{"floor":49,"key":"REST"}],"neow_cost":"NONE","seed_source_timestamp":0,"circlet_count":0,"master_deck":["AscendersBane","Defend_G","Defend_G","Defend_G","Defend_G","Defend_G","Strike_G","Survivor","Neutralize","Noxious Fumes+1","Caltrops","Backflip+1","Quick Slash","Terror","Leg Sweep+1","Blur","Panacea","Footwork+1","Envenom+1","Expertise","J.A.X.","Acrobatics","Backflip","Dash+1","Apotheosis+1","Adrenaline","Expertise+1"],"special_seed":0,"relics":["Philosopher\u0027s Stone","Centennial Puzzle","Meat on the Bone","Sozu","Old Coin","Bag of Marbles","Bronze Scales","Molten Egg 2","Pantograph","Busted Crown","Blood Vial","Oddly Smooth Stone","Bottled Lightning","Orichalcum"],"potions_floor_usage":[],"damage_taken":[{"damage":3.0,"enemies":"Cultist","floor":1.0,"turns":4.0},{"damage":6.0,"enemies":"Small Slimes","floor":2.0,"turns":4.0},{"damage":9.0,"enemies":"Jaw Worm","floor":3.0,"turns":4.0},{"damage":5.0,"enemies":"2 Fungi Beasts","floor":5.0,"turns":5.0},{"damage":0.0,"enemies":"Red Slaver","floor":7.0,"turns":4.0},{"damage":7.0,"enemies":"Gremlin Nob","floor":8.0,"turns":4.0},{"damage":18.0,"enemies":"Exordium Thugs","floor":11.0,"turns":5.0},{"damage":12.0,"enemies":"Exordium Wildlife","floor":12.0,"turns":6.0},{"damage":0.0,"enemies":"Hexaghost","floor":16.0,"turns":11.0},{"damage":12.0,"enemies":"Shell Parasite","floor":18.0,"turns":6.0},{"damage":9.0,"enemies":"Chosen","floor":19.0,"turns":6.0},{"damage":11.0,"enemies":"Snecko","floor":22.0,"turns":5.0},{"damage":16.0,"enemies":"Gremlin Leader","floor":24.0,"turns":7.0},{"damage":6.0,"enemies":"Book of Stabbing","floor":28.0,"turns":6.0},{"damage":9.0,"enemies":"Collector","floor":33.0,"turns":8.0},{"damage":6,"enemies":"3 Darklings","floor":35,"turns":5},{"damage":18,"enemies":"3 Shapes","floor":38,"turns":6},{"damage":16,"enemies":"Jaw Worm Horde","floor":39,"turns":5},{"damage":12,"enemies":"Reptomancer","floor":42,"turns":8},{"damage":9,"enemies":"Nemesis","floor":45,"turns":9},{"damage":13,"enemies":"Sphere and 2 Shapes","floor":46,"turns":6},{"damage":30,"enemies":"Awakened One","floor":50,"turns":14}],"seed_played":"1388212619987019509","potions_obtained":[{"floor":1.0,"key":"Dexterity Potion"},{"floor":3.0,"key":"Fire Potion"},{"floor":7.0,"key":"SpeedPotion"},{"floor":16.0,"key":"AttackPotion"}],"is_trial":false,"path_per_floor":["M","M","M","?","M","R","M","E","T","R","M","M","?","$","R","B",null,"M","M","?","?","M","R","E","R","T","R","E","$","$","T","R","B",null,"M","?","$","M","M","R","?","E","T","R","E","M","$","?","R","B",null],"character_chosen":"THE_SILENT","items_purchased":["Panacea","Footwork","Molten Egg 2","Dash+1","Apotheosis","Blood Vial"],"campfire_rested":5,"item_purchase_floors":[14,14,29,29,30,37],"current_hp_per_floor":[60,54,45,45,40,40,40,33,33,54,36,36,36,36,36,36,62,50,41,41,41,42,42,38,59,59,59,53,53,53,53,53,61,68,62,62,62,46,44,65,65,55,55,70,61,50,50,50,70,40],"gold":53,"neow_bonus":"BOSS_RELIC","is_prod":false,"is_daily":false,"chose_seed":false,"campfire_upgraded":5,"win_rate":0,"timestamp":1557691579,"path_taken":["M","M","?","?","M","R","M","E","T","R","?","M","?","$","R","BOSS","M","M","?","?","?","R","E","R","T","R","E","$","?","?","R","BOSS","M","?","$","M","?","R","?","E","T","R","E","M","$","?","R","BOSS"],"build_version":"2019-01-23","purchased_purges":3,"victory":true,"max_hp_per_floor":[70,70,70,70,70,70,70,70,70,70,70,70,70,70,70,70,70,70,70,70,70,70,70,70,70,70,70,70,70,70,70,70,70,70,70,70,70,70,70,70,70,70,70,70,70,70,70,70,70,70],"card_choices":[{"not_picked":["Outmaneuver","Terror"],"picked":"Noxious Fumes","floor":1.0},{"not_picked":["Infinite Blades","Dodge and Roll"],"picked":"Caltrops","floor":2.0},{"not_picked":["Slice","Prepared"],"picked":"Backflip","floor":3.0},{"not_picked":["Night Terror","Acrobatics"],"picked":"Quick Slash","floor":5.0},{"not_picked":["Acrobatics","Prepared"],"picked":"Terror","floor":7.0},{"not_picked":["Slice","Acrobatics"],"picked":"Leg Sweep","floor":8.0},{"not_picked":["Dagger Throw","Underhanded Strike"],"picked":"Blur","floor":11.0},{"not_picked":["Glass Knife","Underhanded Strike","Riddle With Holes"],"picked":"SKIP","floor":12.0},{"not_picked":["Bullet Time","Burst"],"picked":"Envenom","floor":16.0},{"not_picked":["Heel Hook+1","Blade Dance"],"picked":"Expertise","floor":18.0},{"not_picked":["Dodge and Roll","Blade Dance","Deadly Poison"],"picked":"SKIP","floor":19.0},{"not_picked":["Quick Slash","Endless Agony"],"picked":"Acrobatics","floor":22.0},{"not_picked":["Dodge and Roll","Deflect","PiercingWail"],"picked":"SKIP","floor":24.0},{"not_picked":["Die Die Die","Sucker Punch"],"picked":"Backflip","floor":28.0},{"not_picked":["Glass Knife+1","Venomology"],"picked":"Adrenaline","floor":33.0},{"not_picked":["Cloak And Dagger"],"picked":"SKIP","floor":35},{"not_picked":["Dodge and Roll+1"],"picked":"SKIP","floor":38},{"not_picked":["Flechettes+1"],"picked":"SKIP","floor":39},{"not_picked":[],"picked":"Expertise+1","floor":42},{"not_picked":["Poisoned Stab+1"],"picked":"SKIP","floor":45},{"not_picked":["Dagger Throw+1"],"picked":"SKIP","floor":46}],"player_experience":980925,"relics_obtained":[{"floor":8.0,"key":"Centennial Puzzle"},{"floor":9.0,"key":"Meat on the Bone"},{"floor":24.0,"key":"Old Coin"},{"floor":26.0,"key":"Bag of Marbles"},{"floor":28.0,"key":"Bronze Scales"},{"floor":31.0,"key":"Pantograph"},{"floor":42,"key":"Oddly Smooth Stone"},{"floor":43,"key":"Bottled Lightning"},{"floor":45,"key":"Orichalcum"}],"event_choices":[{"damage_healed":0.0,"max_hp_gain":0.0,"max_hp_loss":0.0,"gold_gain":0.0,"event_name":"Accursed Blacksmith","player_choice":"Forge","floor":4.0,"gold_loss":0.0,"damage_taken":0.0,"cards_upgraded":["Noxious Fumes"]},{"damage_healed":0.0,"max_hp_gain":0.0,"max_hp_loss":0.0,"gold_gain":0.0,"event_name":"World of Goop","player_choice":"Left Gold","floor":13.0,"gold_loss":34.0,"damage_taken":0.0},{"damage_healed":0.0,"max_hp_gain":0.0,"max_hp_loss":0.0,"gold_gain":0.0,"event_name":"Drug Dealer","player_choice":"Obtain J.A.X.","floor":20.0,"gold_loss":0.0,"damage_taken":0.0,"cards_obtained":["J.A.X."]},{"cards_removed":["Strike_G"],"damage_healed":0.0,"max_hp_gain":0.0,"max_hp_loss":0.0,"gold_gain":0.0,"event_name":"Bonfire Elementals","player_choice":"Offered Basic","floor":21.0,"gold_loss":0.0,"damage_taken":0.0},{"damage_healed":0,"gold_gain":100,"player_choice":"Pray","damage_taken":0,"max_hp_gain":0,"max_hp_loss":0,"event_name":"Golden Shrine","floor":36,"gold_loss":0},{"damage_healed":0,"gold_gain":0,"player_choice":"Memory 1","damage_taken":0,"max_hp_gain":0,"max_hp_loss":0,"event_name":"SensoryStone","floor":41,"gold_loss":0},{"damage_healed":0,"gold_gain":0,"player_choice":"Ignored","damage_taken":0,"max_hp_gain":0,"max_hp_loss":0,"event_name":"Mysterious Sphere","floor":48,"gold_loss":0}],"is_beta":false,"boss_relics":[{"not_picked":["Coffee Dripper","White Beast Statue"],"picked":"Sozu"},{"not_picked":["Pandora\u0027s Box","Velvet Choker"],"picked":"Busted Crown"}],"items_purged_floors":[14,29,47],"is_endless":false,"potions_floor_spawned":[1,3,7,16,18,33,39,45],"ascension_level":10}