{"gold_per_floor":[11,26,26,2,2,30,30,65,65,65,82,82,99,159,159,231,231,251,18,18,18,5,5,16,16,16,49,49,59,158,172,172,243,243,262,262,276,301,108,108,119,119,143,143,178,5,5,15,15,15],"floor_reached":51,"playtime":2046,"items_purged":["Strike_R","Strike_R"],"score":1305,"play_id":"9009d476-02b7-4cc7-8b8b-5c26833eb6f2","local_time":"20190112171327","is_ascension_mode":true,"campfire_choices":[{"data":"Bludgeon","floor":7,"key":"SMITH"},{"data":"Demon Form","floor":10,"key":"SMITH"},{"data":"Shockwave","floor":12,"key":"SMITH"},{"data":"Disarm","floor":15,"key":"SMITH"},{"data":"Armaments","floor":23,"key":"SMITH"},{"data":"Clothesline","floor":25,"key":"SMITH"},{"data":"Shrug It Off","floor":28,"key":"SMITH"},{"data":"Armaments","floor":32,"key":"SMITH"},{"data":"True Grit","floor":40,"key":"SMITH"},{"floor":44,"key":"REST"},{"data":"Armaments","floor":47,"key":"SMITH"},{"data":"Sword Boomerang","floor":49,"key":"SMITH"}],"neow_cost":"NO_GOLD","seed_source_timestamp":157087365862504,"circlet_count":0,"master_deck":["AscendersBane","Strike_R","Strike_R","Strike_R","Defend_R","Defend_R","Defend_R","Defend_R","Bash+1","Bludgeon+1","Sword Boomerang+1","Twin Strike","Demon Form+1","Shockwave+1","Disarm+1","Impervious","Ghostly","Ghostly","Ghostly","Ghostly","Ghostly","Armaments+1","Clothesline+1","Shrug It Off+1","Whirlwind+1","Armaments+1","Impervious","Shrug It Off","Shrug It Off","True Grit+1","Panache+1","True Grit+1","Armaments+1","Disarm","Warcry+1","Inflame+1"],"relics":["Burning Blood","Meat on the Bone","Self Forming Clay","Letter Opener","Frozen Egg 2","Tiny Chest","Sozu","Membership Card","Anchor","Dodecahedron","Orrery","MawBank","Mango","Paper Frog","Potion Belt","Bag of Preparation","Mercury Hourglass"],"potions_floor_usage":[33,33],"damage_taken":[{"damage":2,"enemies":"Jaw Worm","floor":1,"turns":3},{"damage":0,"enemies":"2 Louse","floor":2,"turns":3},{"damage":34,"enemies":"Lagavulin","floor":6,"turns":6},{"damage":18,"enemies":"Gremlin Nob","floor":8,"turns":4},{"damage":5,"enemies":"Small Slimes","floor":11,"turns":2},{"damage":1,"enemies":"2 Fungi Beasts","floor":13,"turns":3},{"damage":18,"enemies":"3 Sentries","floor":14,"turns":7},{"damage":35,"enemies":"Hexaghost","floor":16,"turns":7},{"damage":7,"enemies":"3 Byrds","floor":18,"turns":4},{"damage":2,"enemies":"Shell Parasite","floor":24,"turns":5},{"damage":15,"enemies":"Slavers","floor":27,"turns":8},{"damage":15,"enemies":"Chosen and Byrds","floor":29,"turns":7},{"damage":2,"enemies":"Centurion and Healer","floor":31,"turns":7},{"damage":34,"enemies":"Collector","floor":33,"turns":10},{"damage":1,"enemies":"Orb Walker","floor":35,"turns":7},{"damage":0,"enemies":"3 Shapes","floor":37,"turns":1},{"damage":23,"enemies":"Maw","floor":41,"turns":10},{"damage":0,"enemies":"Nemesis","floor":45,"turns":9},{"damage":0,"enemies":"Sphere and 2 Shapes","floor":48,"turns":4},{"damage":10,"enemies":"Time Eater","floor":50,"turns":14}],"seed_played":"-1832757765157088779","potions_obtained":[{"floor":1,"key":"SpeedPotion"},{"floor":8,"key":"PowerPotion"},{"floor":11,"key":"Strength Potion"}],"is_trial":false,"path_per_floor":["M","M","?","$","?","E","R","E","T","R","M","R","M","E","R","B",null,"M","$","?","?","$","R","M","R","T","E","R","M","?","M","R","B",null,"M","?","M","T","$","R","M","T","T","R","E","$","R","M","R","B",null],"character_chosen":"IRONCLAD","items_purchased":["Twin Strike","Membership Card","Armaments","Mango","Armaments","Disarm","Mercury Hourglass"],"campfire_rested":1,"item_purchase_floors":[4,19,22,39,39,39,46],"current_hp_per_floor":[72,75,63,63,63,47,47,47,47,47,48,48,53,53,53,36,65,64,64,64,37,37,37,37,37,37,28,28,31,31,35,35,19,33,37,37,37,37,51,51,34,34,34,49,51,51,51,51,51,47],"gold":15,"neow_bonus":"THREE_RARE_CARDS","is_prod":false,"is_daily":false,"chose_seed":false,"campfire_upgraded":11,"win_rate":0,"timestamp":1547331207,"path_taken":["M","M","?","$","?","E","R","E","T","R","M","R","M","E","R","BOSS","M","$","?","?","$","R","M","R","T","E","R","M","?","M","R","BOSS","M","?","M","?","?","R","M","?","T","R","E","$","R","M","R","BOSS"],"build_version":"2019-01-10","purchased_purges":2,"victory":true,"max_hp_per_floor":[75,75,75,75,75,75,75,75,75,75,75,75,75,75,75,75,75,75,75,75,37,37,37,37,37,37,37,37,37,37,37,37,37,37,37,37,37,37,51,51,51,51,51,51,51,51,51,51,51,51],"card_choices":[{"not_picked":["Exhume","Limit Break"],"picked":"Bludgeon","floor":0},{"not_picked":["Searing Blow","Power Through","Havoc"],"picked":"SKIP","floor":1},{"not_picked":["Headbutt","Armaments"],"picked":"Sword Boomerang","floor":2},{"not_picked":["Flex","Twin Strike","Clash"],"picked":"SKIP","floor":6},{"not_picked":["Flame Barrier","Clash"],"picked":"Demon Form","floor":8},{"not_picked":["Havoc","Headbutt"],"picked":"Shockwave","floor":11},{"not_picked":["Flex","Wild Strike","Heavy Blade"],"picked":"SKIP","floor":13},{"not_picked":["Combust+1","Bloodletting"],"picked":"Disarm","floor":14},{"not_picked":["Feed","Bludgeon"],"picked":"Impervious","floor":16},{"not_picked":["Corruption+1","Shockwave","Flex"],"picked":"SKIP","floor":18},{"not_picked":["Uppercut","Rage"],"picked":"Clothesline","floor":24},{"not_picked":["Searing Blow","Dual Wield"],"picked":"Shrug It Off","floor":27},{"not_picked":["Warcry","Feel No Pain+1"],"picked":"Whirlwind+1","floor":29},{"not_picked":["Body Slam+1","Thunderclap"],"picked":"Armaments","floor":31},{"not_picked":["Fiend Fire","Berserk+1"],"picked":"Impervious","floor":33},{"not_picked":["True Grit","Searing Blow"],"picked":"Shrug It Off","floor":34},{"not_picked":["Flex","Limit Break"],"picked":"Shrug It Off","floor":34},{"not_picked":["Iron Wave","Twin Strike+1"],"picked":"True Grit+1","floor":34},{"not_picked":["Uppercut","Twin Strike","Clash+1"],"picked":"SKIP","floor":35},{"not_picked":["Good Instincts","HandOfGreed"],"picked":"Panache+1","floor":36},{"not_picked":["Shrug It Off","Clash"],"picked":"True Grit","floor":37},{"not_picked":["Shockwave+1","Seeing Red","Wild Strike"],"picked":"SKIP","floor":41},{"not_picked":["Burning Pact","Whirlwind"],"picked":"Warcry+1","floor":45},{"not_picked":["Thunderclap","Clothesline+1"],"picked":"Inflame+1","floor":48}],"player_experience":370892,"relics_obtained":[{"floor":6,"key":"Self Forming Clay"},{"floor":8,"key":"Letter Opener"},{"floor":9,"key":"Frozen Egg 2"},{"floor":14,"key":"Tiny Chest"},{"floor":26,"key":"Anchor"},{"floor":27,"key":"Dodecahedron"},{"floor":38,"key":"MawBank"},{"floor":42,"key":"Paper Frog"},{"floor":43,"key":"Potion Belt"},{"floor":45,"key":"Bag of Preparation"}],"event_choices":[{"damage_healed":0,"gold_gain":0,"player_choice":"Success","damage_taken":12,"relics_obtained":["Meat on the Bone"],"max_hp_gain":0,"max_hp_loss":0,"event_name":"Scrap Ooze","floor":3,"gold_loss":0},{"damage_healed":0,"gold_gain":0,"player_choice":"Grow","damage_taken":0,"max_hp_gain":0,"max_hp_loss":0,"event_name":"Living Wall","floor":5,"gold_loss":0,"cards_upgraded":["Bash"]},{"damage_healed":0,"gold_gain":0,"player_choice":"Ignored","damage_taken":0,"max_hp_gain":0,"max_hp_loss":0,"event_name":"Beggar","floor":20,"gold_loss":0},{"damage_healed":0,"gold_gain":0,"player_choice":"Became a Ghost","damage_taken":0,"max_hp_gain":0,"max_hp_loss":38,"event_name":"Ghosts","floor":21,"gold_loss":0,"cards_obtained":["Ghostly","Ghostly","Ghostly","Ghostly","Ghostly"]},{"damage_healed":0,"gold_gain":99,"player_choice":"Stole From Cult","damage_taken":0,"max_hp_gain":0,"max_hp_loss":0,"event_name":"Nest","floor":30,"gold_loss":0},{"damage_healed":0,"gold_gain":0,"player_choice":"Memory 1","damage_taken":0,"max_hp_gain":0,"max_hp_loss":0,"event_name":"SensoryStone","floor":36,"gold_loss":0}],"is_beta":false,"boss_relics":[{"not_picked":["Runic Dome","Fusion Hammer"],"picked":"Sozu"},{"not_picked":["Runic Pyramid","Velvet Choker"],"picked":"Orrery"}],"items_purged_floors":[19,46],"is_endless":false,"potions_floor_spawned":[1,8,11,16,29,31,33,37,41,45],"ascension_level":14}