{"gold_per_floor":[109,109,3,21,37,37,56,56,56,56,56,8,19,19,19,19],"floor_reached":16,"playtime":744,"items_purged":[],"score":95,"play_id":"4ea0a7e4-456c-4af2-81a7-11b9abed93f3","local_time":"20190428165118","is_ascension_mode":true,"campfire_choices":[{"floor":6,"key":"DIG"},{"floor":8,"key":"DIG"},{"floor":10,"key":"REST"},{"floor":15,"key":"REST"}],"neow_cost":"NONE","seed_source_timestamp":1218814275887139,"circlet_count":0,"master_deck":["Strike_R","Strike_R","Strike_R","Strike_R","Strike_R","Defend_R","Defend_R","Defend_R","Defend_R","Bash","Decay","Doubt","Injury","Berserk+1","Shrug It Off","Spot Weakness","Flame Barrier","Flame Barrier","Shrug It Off"],"relics":["Calling Bell","Art of War","Singing Bowl","Shovel","Bird Faced Urn","Bottled Tornado","Self Forming Clay"],"potions_floor_usage":[7,13,13],"damage_taken":[{"damage":9,"enemies":"2 Louse","floor":1,"turns":4},{"damage":0,"enemies":"Small Slimes","floor":4,"turns":6},{"damage":17,"enemies":"Jaw Worm","floor":5,"turns":7},{"damage":29,"enemies":"Exordium Thugs","floor":7,"turns":7},{"damage":12,"enemies":"Large Slime","floor":13,"turns":6},{"damage":74,"enemies":"The Guardian","floor":16,"turns":12}],"seed_played":"-416281376162447621","potions_obtained":[{"floor":1,"key":"Dexterity Potion"},{"floor":4,"key":"Explosive Potion"},{"floor":5,"key":"SpeedPotion"}],"is_trial":false,"path_per_floor":["M","?","$","M","M","R","M","R","T","R","?","$","M","?","R","B"],"character_chosen":"IRONCLAD","items_purchased":["Shrug It Off","Spot Weakness","Shrug It Off"],"campfire_rested":2,"item_purchase_floors":[3,3,12],"current_hp_per_floor":[71,71,71,73,56,56,29,29,29,53,53,53,45,45,70,0],"gold":19,"neow_bonus":"BOSS_RELIC","is_prod":false,"is_daily":false,"chose_seed":false,"campfire_upgraded":0,"win_rate":0,"timestamp":1556484678,"path_taken":["M","?","$","M","M","R","M","R","T","R","?","$","M","?","R","BOSS"],"build_version":"2019-01-23","purchased_purges":0,"victory":false,"max_hp_per_floor":[80,80,80,82,82,82,82,82,82,82,82,82,84,84,84,84],"card_choices":[{"not_picked":["Thunderclap","Rupture"],"picked":"Berserk","floor":1},{"not_picked":["Havoc","Flex","Pommel Strike"],"picked":"Singing Bowl","floor":4},{"not_picked":["Heavy Blade","Headbutt"],"picked":"Flame Barrier","floor":5},{"not_picked":["Cleave","Headbutt"],"picked":"Flame Barrier","floor":7},{"not_picked":["Flex","Headbutt","Havoc"],"picked":"Singing Bowl","floor":13}],"player_experience":151322,"relics_obtained":[{"floor":0,"key":"Art of War"},{"floor":0,"key":"Singing Bowl"},{"floor":0,"key":"Shovel"},{"floor":6,"key":"Bird Faced Urn"},{"floor":8,"key":"Bottled Tornado"},{"floor":9,"key":"Self Forming Clay"}],"event_choices":[{"damage_healed":0,"gold_gain":0,"player_choice":"Ignored","damage_taken":0,"max_hp_gain":0,"max_hp_loss":0,"event_name":"Golden Idol","floor":2,"gold_loss":0},{"damage_healed":0,"gold_gain":0,"player_choice":"Ignored","damage_taken":0,"max_hp_gain":0,"max_hp_loss":0,"event_name":"Liars Game","floor":11,"gold_loss":0},{"damage_healed":0,"gold_gain":0,"player_choice":"Grow","damage_taken":0,"max_hp_gain":0,"max_hp_loss":0,"event_name":"Living Wall","floor":14,"gold_loss":0,"cards_upgraded":["Berserk"]}],"is_beta":false,"boss_relics":[],"items_purged_floors":[],"is_endless":false,"potions_floor_spawned":[1,4,5],"killed_by":"The Guardian","ascension_level":1}