{"gold_per_floor":[119,119,129,404,420,454,454,465,543,276,305,305,316,332,332,434,434,448,460,51,64,76,76,105,105,174,13,13,27,41,7,7,112,112,131,146,36,49,49],"floor_reached":39,"playtime":4914,"items_purged":["Regret","Strike_B"],"score":482,"play_id":"62359b44-b4fe-4fa7-b8b4-d317e810003e","local_time":"20190114094115","is_ascension_mode":true,"campfire_choices":[{"floor":7,"key":"REST"},{"data":"Defragment","floor":12,"key":"SMITH"},{"floor":15,"key":"REST"},{"floor":23,"key":"RECALL"},{"floor":25,"key":"REST"},{"floor":32,"key":"REST"}],"neow_cost":"NONE","seed_source_timestamp":224730207621382,"circlet_count":0,"master_deck":["Zap","Dualcast","Gash","Ball Lightning","Defragment+1","Multi-Cast","Leap","Capacitor","Deep Breath","FTL","Conserve Battery","Coolheaded","Ball Lightning","Buffer","Redo","Leap","Self Repair","Coolheaded","Ball Lightning","Gash","Coolheaded+1","Loop","Aggregate","Defragment+1","Go for the Eyes+1","Auto Shields","Darkness","Echo Form","Melter","Sweeping Beam","White Noise","Capacitor","Self Repair","Melter","Heatsinks","Redo+1","Defragment","Reinforced Body","Parasite","Chaos+1"],"relics":["Cracked Core","NeowsBlessing","Bird Faced Urn","Pen Nib","Fusion Hammer","Blood Vial","Kunai","Sundial","Pandora\u0027s Box"],"potions_floor_usage":[11,16,16,19,30,33,39],"damage_taken":[{"damage":0,"enemies":"Jaw Worm","floor":1,"turns":1},{"damage":0,"enemies":"Cultist","floor":3,"turns":1},{"damage":0,"enemies":"Small Slimes","floor":5,"turns":1},{"damage":28,"enemies":"3 Sentries","floor":6,"turns":8},{"damage":13,"enemies":"Red Slaver","floor":8,"turns":3},{"damage":2,"enemies":"Gremlin Nob","floor":11,"turns":3},{"damage":5,"enemies":"Large Slime","floor":13,"turns":4},{"damage":5,"enemies":"Gremlin Gang","floor":14,"turns":4},{"damage":14,"enemies":"Slime Boss","floor":16,"turns":6},{"damage":5,"enemies":"Chosen","floor":18,"turns":4},{"damage":18,"enemies":"3 Byrds","floor":19,"turns":4},{"damage":14,"enemies":"Centurion and Healer","floor":21,"turns":10},{"damage":0,"enemies":"Cultist and Chosen","floor":22,"turns":6},{"damage":35,"enemies":"Gremlin Leader","floor":24,"turns":8},{"damage":25,"enemies":"Snake Plant","floor":29,"turns":5},{"damage":24,"enemies":"Chosen and Byrds","floor":30,"turns":6},{"damage":34,"enemies":"Champ","floor":33,"turns":11},{"damage":10,"enemies":"Orb Walker","floor":35,"turns":4},{"damage":52,"enemies":"3 Darklings","floor":36,"turns":6},{"damage":55,"enemies":"Writhing Mass","floor":38,"turns":7},{"damage":52,"enemies":"Spire Growth","floor":39,"turns":4}],"seed_played":"8673184903909709030","potions_obtained":[{"floor":3,"key":"Energy Potion"},{"floor":8,"key":"Fire Potion"},{"floor":11,"key":"SneckoOil"},{"floor":18,"key":"Fire Potion"},{"floor":19,"key":"Strength Potion"},{"floor":29,"key":"LiquidBronze"},{"floor":30,"key":"SteroidPotion"},{"floor":35,"key":"SteroidPotion"},{"floor":38,"key":"AttackPotion"}],"is_trial":false,"path_per_floor":["M","?","M","?","M","E","R","M","T","$","E","R","M","M","R","B",null,"M","M","$","M","M","R","E","R","T","$","?","M","M","$","R","B",null,"M","M","$","M","M"],"character_chosen":"DEFECT","items_purchased":["Capacitor","Deep Breath","FTL","Self Repair","Coolheaded","Ball Lightning","Blood Vial","Loop","Aggregate","Darkness","Defragment","Reinforced Body"],"campfire_rested":4,"item_purchase_floors":[10,10,10,20,20,20,20,27,27,31,37,37],"current_hp_per_floor":[75,75,75,75,75,47,69,58,58,58,60,60,55,52,74,61,75,74,57,57,60,75,75,55,75,75,75,75,65,58,58,75,54,75,71,42,42,29,0],"gold":49,"neow_bonus":"THREE_ENEMY_KILL","is_prod":false,"is_daily":false,"chose_seed":false,"campfire_upgraded":1,"win_rate":0,"timestamp":1547451675,"path_taken":["M","?","?","?","M","E","R","?","T","$","E","R","M","M","R","BOSS","M","M","$","M","M","R","E","R","T","$","?","?","M","$","R","BOSS","M","M","$","M","?"],"build_version":"2019-01-10","purchased_purges":2,"victory":false,"max_hp_per_floor":[75,75,75,75,75,75,75,75,75,75,75,75,75,75,75,75,75,75,75,75,75,75,75,75,75,75,75,75,75,75,75,75,75,75,75,75,75,75,75],"card_choices":[{"not_picked":["Go for the Eyes","Stack"],"picked":"Gash","floor":1},{"not_picked":["Rebound","Stack"],"picked":"Ball Lightning","floor":3},{"not_picked":["Streamline","Hologram"],"picked":"Defragment","floor":5},{"not_picked":["Core Surge","Reinforced Body"],"picked":"Multi-Cast","floor":6},{"not_picked":["Rip and Tear","Barrage"],"picked":"Leap","floor":8},{"not_picked":["Rebound","Leap"],"picked":"Conserve Battery","floor":11},{"not_picked":["Compile Driver","Steam Power"],"picked":"Coolheaded","floor":13},{"not_picked":["Rebound","Coolheaded"],"picked":"Ball Lightning","floor":14},{"not_picked":["All For One","Fission"],"picked":"Buffer","floor":16},{"not_picked":["Gash","Hologram"],"picked":"Redo","floor":18},{"not_picked":["Rebound","Streamline"],"picked":"Leap","floor":19},{"not_picked":["Rebound","Hologram","All For One"],"picked":"SKIP","floor":21},{"not_picked":["Melter","Coolheaded"],"picked":"Gash","floor":22},{"not_picked":["Barrage","FTL+1"],"picked":"Coolheaded+1","floor":24},{"not_picked":["Hello World","Multi-Cast"],"picked":"Go for the Eyes+1","floor":29},{"not_picked":["Capacitor","Sweeping Beam"],"picked":"Auto Shields","floor":30},{"not_picked":["Amplify","Buffer"],"picked":"Echo Form","floor":33},{"not_picked":["Coolheaded+1","Rip and Tear+1"],"picked":"Heatsinks","floor":35},{"not_picked":["Ball Lightning+1","Coolheaded"],"picked":"Redo+1","floor":36},{"not_picked":["Leap","Conserve Battery"],"picked":"Chaos+1","floor":38}],"player_experience":231372,"relics_obtained":[{"floor":6,"key":"Bird Faced Urn"},{"floor":11,"key":"Pen Nib"},{"floor":24,"key":"Kunai"},{"floor":26,"key":"Sundial"}],"event_choices":[{"cards_removed":["Strike_B"],"damage_healed":0,"gold_gain":0,"player_choice":"Offered Basic","damage_taken":0,"max_hp_gain":0,"max_hp_loss":0,"event_name":"Bonfire Elementals","floor":2,"gold_loss":0},{"damage_healed":0,"gold_gain":275,"player_choice":"Desecrate","damage_taken":0,"max_hp_gain":0,"max_hp_loss":0,"event_name":"Golden Shrine","floor":4,"gold_loss":0,"cards_obtained":["Regret"]},{"damage_healed":0,"gold_gain":0,"player_choice":"Copied","damage_taken":0,"max_hp_gain":0,"max_hp_loss":0,"event_name":"Duplicator","floor":28,"gold_loss":0,"cards_obtained":["Defragment"]}],"is_beta":false,"boss_relics":[{"not_picked":["Coffee Dripper","FrozenCore"],"picked":"Fusion Hammer"},{"not_picked":["Empty Cage","White Beast Statue"],"picked":"Pandora\u0027s Box"}],"items_purged_floors":[10,20],"is_endless":false,"potions_floor_spawned":[3,8,11,18,19,29,30,35,38],"killed_by":"Spire Growth","ascension_level":2}