{"gold_per_floor":[212,112,124,134,148,206,216,250,274,287,287,287,297,17,17,122,122,140,140,140,155,7,7,36,36,60,60,80,3,3,32,32,32],"floor_reached":33,"playtime":1747,"items_purged":[],"score":350,"play_id":"da416d92-9c60-4a39-a1f1-7359e6b13447","local_time":"20181114131519","is_ascension_mode":true,"campfire_choices":[{"data":"Inflame","floor":12,"key":"SMITH"},{"data":"Spot Weakness","floor":15,"key":"SMITH"},{"data":"Armaments","floor":23,"key":"SMITH"},{"floor":25,"key":"REST"},{"data":"Immolate","floor":32,"key":"SMITH"}],"neow_cost":"NONE","seed_source_timestamp":0,"circlet_count":0,"master_deck":["Defend_R","Defend_R","Defend_R","Defend_R","Bash","Iron Wave","Spot Weakness+1","Cleave","Armaments+1","Thunderclap","Twin Strike+1","Immolate+1","Flame Barrier","Inflame+1","Sword Boomerang","Corruption","Feed","Bite","Bite","Bite","Bite","Bite","Ghostly Armor+1","Intimidate+1","Battle Trance"],"special_seed":0,"relics":["Burning Blood","Tiny Chest","Whetstone","PreservedInsect","Membership Card","Oddly Smooth Stone","Black Star","MutagenicStrength","Paper Frog","Juzu Bracelet","Boot","Bag of Preparation","Pantograph","Pen Nib","Bag of Marbles","Strawberry"],"potions_floor_usage":[13,16,21,21,24],"damage_taken":[{"damage":11,"enemies":"2 Louse","floor":1,"turns":3},{"damage":5,"enemies":"Small Slimes","floor":3,"turns":4},{"damage":6,"enemies":"Cultist","floor":4,"turns":4},{"damage":10,"enemies":"3 Louse","floor":5,"turns":3},{"damage":26,"enemies":"3 Sentries","floor":6,"turns":4},{"damage":12,"enemies":"Lots of Slimes","floor":7,"turns":2},{"damage":23,"enemies":"Gremlin Nob","floor":8,"turns":4},{"damage":7,"enemies":"Exordium Wildlife","floor":10,"turns":3},{"damage":13,"enemies":"Large Slime","floor":13,"turns":3},{"damage":46,"enemies":"Hexaghost","floor":16,"turns":11},{"damage":12,"enemies":"Chosen","floor":18,"turns":4},{"damage":32,"enemies":"Spheric Guardian","floor":21,"turns":6},{"damage":36,"enemies":"Book of Stabbing","floor":24,"turns":5},{"damage":21,"enemies":"Snecko","floor":28,"turns":5},{"damage":9,"enemies":"Gremlin Leader","floor":31,"turns":4},{"damage":70,"enemies":"Automaton","floor":33,"turns":10}],"seed_played":"-6926708650516123046","potions_obtained":[{"floor":4,"key":"Fire Potion"},{"floor":5,"key":"FearPotion"},{"floor":7,"key":"Ancient Potion"},{"floor":16,"key":"SkillPotion"},{"floor":28,"key":"Dexterity Potion"}],"is_trial":false,"path_per_floor":["M","$","M","M","M","E","M","E","T","M","?","R","M","$","R","B",null,"M","?","?","M","$","R","E","R","T","T","M","$","?","E","R","B"],"character_chosen":"IRONCLAD","items_purchased":["Spot Weakness","Cleave","Membership Card","Oddly Smooth Stone","Paper Frog","Block Potion","Pen Nib"],"campfire_rested":1,"item_purchase_floors":[2,2,14,14,22,22,29],"current_hp_per_floor":[75,75,76,76,72,52,46,29,29,28,54,54,47,47,47,7,80,74,74,56,36,36,36,15,31,31,31,23,23,41,52,52,0],"gold":32,"neow_bonus":"HUNDRED_GOLD","is_prod":false,"is_daily":false,"chose_seed":false,"campfire_upgraded":4,"win_rate":0,"timestamp":1542219319,"path_taken":["M","$","M","M","M","E","M","E","T","M","?","R","M","$","R","BOSS","M","?","?","M","$","R","E","R","T","?","M","$","?","E","R","BOSS"],"build_version":"2018-11-08","purchased_purges":0,"victory":false,"max_hp_per_floor":[80,80,80,80,80,80,80,80,80,80,80,80,80,80,80,80,80,80,80,56,56,56,56,56,56,56,56,56,56,56,66,66,66],"card_choices":[{"not_picked":["Warcry","Burning Pact"],"picked":"Iron Wave","floor":1},{"not_picked":["Rupture","True Grit"],"picked":"Armaments","floor":3},{"not_picked":["Burning Pact","Warcry"],"picked":"Thunderclap","floor":4},{"not_picked":["True Grit","Infernal Blade"],"picked":"Twin Strike","floor":5},{"not_picked":["Feel No Pain","Sever Soul"],"picked":"Immolate","floor":6},{"not_picked":["Clash","Warcry"],"picked":"Flame Barrier","floor":7},{"not_picked":["True Grit","Armaments"],"picked":"Inflame","floor":8},{"not_picked":["Evolve","Flex"],"picked":"Sword Boomerang","floor":10},{"not_picked":["Pommel Strike","Fire Breathing"],"picked":"Corruption","floor":13},{"not_picked":["Fiend Fire","Reaper"],"picked":"Feed","floor":16},{"not_picked":["Anger+1","Second Wind","Searing Blow"],"picked":"SKIP","floor":18},{"not_picked":["Thunderclap","Perfected Strike"],"picked":"Ghostly Armor+1","floor":21},{"not_picked":["Hemokinesis","Reckless Charge"],"picked":"Intimidate+1","floor":24},{"not_picked":["Twin Strike","Wild Strike","Flex"],"picked":"SKIP","floor":28},{"not_picked":["Perfected Strike","Sword Boomerang"],"picked":"Battle Trance","floor":31}],"player_experience":138041,"relics_obtained":[{"floor":6,"key":"Tiny Chest"},{"floor":8,"key":"Whetstone"},{"floor":9,"key":"PreservedInsect"},{"floor":24,"key":"Juzu Bracelet"},{"floor":24,"key":"Boot"},{"floor":26,"key":"Bag of Preparation"},{"floor":27,"key":"Pantograph"},{"floor":31,"key":"Bag of Marbles"},{"floor":31,"key":"Strawberry"}],"event_choices":[{"damage_healed":26,"gold_gain":0,"player_choice":"Banana","damage_taken":0,"max_hp_gain":0,"max_hp_loss":0,"event_name":"Big Fish","floor":11,"gold_loss":0},{"damage_healed":0,"gold_gain":0,"player_choice":"Inject Mutagens","damage_taken":0,"relics_obtained":["MutagenicStrength"],"max_hp_gain":0,"max_hp_loss":0,"event_name":"Drug Dealer","floor":19,"gold_loss":0},{"damage_healed":0,"gold_gain":0,"player_choice":"Became a vampire","damage_taken":0,"max_hp_gain":0,"max_hp_loss":24,"event_name":"Vampires","floor":20,"gold_loss":0,"cards_obtained":["Bite","Bite","Bite","Bite","Bite"]},{"damage_healed":18,"gold_gain":0,"player_choice":"Heal","damage_taken":0,"max_hp_gain":0,"max_hp_loss":0,"event_name":"The Library","floor":30,"gold_loss":0}],"is_beta":false,"boss_relics":[{"not_picked":["White Beast Statue","Mark of Pain"],"picked":"Black Star"}],"items_purged_floors":[],"is_endless":false,"potions_floor_spawned":[4,5,7,8,10,16,28],"killed_by":"Automaton","ascension_level":2}