{"gold_per_floor":[13,13,188,188,463,463,479,495,495,260,275,275,286,305,305,409,409,425,425,439,452,463,493,509,509,509,509,523,535,535,7,7,108,108,124,124,124,143,161,194,210,210,259,259,269,269,315,137,137,137],"floor_reached":50,"playtime":2184,"items_purged":["Regret","Regret"],"score":561,"play_id":"cd38b51d-30c3-471b-9329-8b92c28e2fc2","local_time":"20190423132841","is_ascension_mode":false,"campfire_choices":[{"data":"Zap","floor":6,"key":"SMITH"},{"data":"Discovery","floor":12,"key":"SMITH"},{"data":"Dualcast","floor":15,"key":"SMITH"},{"data":"Defragment","floor":25,"key":"SMITH"},{"data":"FTL","floor":27,"key":"SMITH"},{"data":"White Noise","floor":32,"key":"SMITH"},{"data":"Steam Power","floor":42,"key":"SMITH"},{"data":"Machine Learning","floor":44,"key":"SMITH"},{"data":"Heatsinks","floor":46,"key":"SMITH"},{"floor":49,"key":"RECALL"}],"neow_cost":"NO_GOLD","seed_source_timestamp":163050040338856,"circlet_count":0,"master_deck":["Strike_B","Defend_B","Defend_B","Defend_B","Zap+1","Dualcast+1","Static Discharge","Electrodynamics","FTL+1","Doubt","Turbo","Ball Lightning","Self Repair","Discovery+1","Steam Power+1","Conserve Battery","Chill","Core Surge","Glacier","Ball Lightning","White Noise+1","Defragment+1","Self Repair+1","Reinforced Body+1","Auto Shields+1","Undo+1","Machine Learning+1","Self Repair","Force Field+1","Heatsinks+1","Echo Form","Force Field+1","Chaos+1","Coolheaded+1","Madness+1","Madness+1","Amplify+1","Sweeping Beam+1","Coolheaded+1","Parasite","Defragment"],"relics":["Cracked Core","Pear","Strawberry","Blood Vial","Cursed Key","Toxic Egg 2","Bottled Lightning","Emotion Chip","Orrery","FossilizedHelix","Torii"],"potions_floor_usage":[11,11,16,21,29,29,33,35,38,40,47,50,50],"damage_taken":[{"damage":1,"enemies":"2 Louse","floor":1,"turns":2},{"damage":15,"enemies":"Jaw Worm","floor":7,"turns":3},{"damage":20,"enemies":"Small Slimes","floor":8,"turns":4},{"damage":10,"enemies":"3 Louse","floor":11,"turns":3},{"damage":2,"enemies":"Exordium Thugs","floor":13,"turns":3},{"damage":5,"enemies":"Blue Slaver","floor":14,"turns":2},{"damage":38,"enemies":"Hexaghost","floor":16,"turns":7},{"damage":29,"enemies":"Shell Parasite","floor":18,"turns":6},{"damage":0,"enemies":"Spheric Guardian","floor":20,"turns":3},{"damage":24,"enemies":"Snecko","floor":21,"turns":5},{"damage":14,"enemies":"3 Cultists","floor":22,"turns":4},{"damage":8,"enemies":"Gremlin Leader","floor":23,"turns":5},{"damage":16,"enemies":"Centurion and Healer","floor":24,"turns":6},{"damage":10,"enemies":"Shelled Parasite and Fungi","floor":28,"turns":6},{"damage":25,"enemies":"Sentry and Sphere","floor":29,"turns":3},{"damage":19,"enemies":"Automaton","floor":33,"turns":10},{"damage":10,"enemies":"3 Darklings","floor":35,"turns":5},{"damage":5,"enemies":"Orb Walker","floor":38,"turns":3},{"damage":12,"enemies":"Jaw Worm Horde","floor":39,"turns":4},{"damage":76,"enemies":"Giant Head","floor":40,"turns":10},{"damage":0,"enemies":"4 Shapes","floor":41,"turns":4},{"damage":7,"enemies":"3 Darklings","floor":45,"turns":4},{"damage":29,"enemies":"2 Orb Walkers","floor":47,"turns":5},{"damage":86,"enemies":"Awakened One","floor":50,"turns":10}],"seed_played":"-3449614324994109575","potions_obtained":[{"floor":1,"key":"Block Potion"},{"floor":7,"key":"SteroidPotion"},{"floor":11,"key":"Swift Potion"},{"floor":20,"key":"Swift Potion"},{"floor":23,"key":"FearPotion"},{"floor":24,"key":"Explosive Potion"},{"floor":28,"key":"SkillPotion"},{"floor":29,"key":"GamblersBrew"},{"floor":33,"key":"Strength Potion"},{"floor":35,"key":"AttackPotion"},{"floor":37,"key":"FairyPotion"},{"floor":37,"key":"Block Potion"},{"floor":40,"key":"GamblersBrew"},{"floor":41,"key":"Dexterity Potion"},{"floor":47,"key":"FearPotion"}],"is_trial":false,"path_per_floor":["M","?","?","?","?","R","M","M","T","$","M","R","M","M","R","B",null,"M","?","M","M","M","E","M","R","T","R","M","M","?","$","R","B",null,"M","?","?","M","M","E","M","R","T","R","M","R","?","$","R","B"],"character_chosen":"DEFECT","items_purchased":["Self Repair","Discovery","Steam Power","Force Field+1","Emotion Chip","Heatsinks","Defragment"],"campfire_rested":0,"item_purchase_floors":[10,10,10,31,31,31,48],"current_hp_per_floor":[74,84,84,79,79,79,64,44,44,44,43,43,50,54,54,25,92,70,70,79,64,59,60,63,63,63,63,72,66,66,66,66,80,92,92,80,80,77,81,41,60,60,60,60,65,65,45,45,45,0],"gold":137,"neow_bonus":"TRANSFORM_TWO_CARDS","is_prod":false,"is_daily":false,"chose_seed":false,"campfire_upgraded":9,"win_rate":0,"timestamp":1555993721,"path_taken":["M","?","?","?","?","R","?","M","T","?","M","R","M","M","R","BOSS","M","?","?","M","M","E","M","R","T","R","M","M","?","$","R","BOSS","M","?","?","M","?","E","M","R","T","R","M","R","?","?","R","BOSS"],"build_version":"2019-01-23","purchased_purges":2,"victory":false,"max_hp_per_floor":[75,85,85,92,92,92,92,92,92,92,92,92,92,92,92,92,92,92,92,92,92,92,92,92,92,92,92,92,92,92,92,92,92,92,92,92,92,92,92,92,92,92,92,92,92,92,92,92,92,92],"card_choices":[{"not_picked":["Lockon","Redo"],"picked":"FTL","floor":1},{"not_picked":["Gash","Compile Driver"],"picked":"Turbo","floor":7},{"not_picked":["Reinforced Body","Beam Cell"],"picked":"Ball Lightning","floor":8},{"not_picked":["Defragment","Steam"],"picked":"Conserve Battery","floor":11},{"not_picked":["Ball Lightning","Consume"],"picked":"Chill","floor":13},{"not_picked":["Static Discharge","Darkness","Stack"],"picked":"SKIP","floor":14},{"not_picked":["Reboot","Creative AI"],"picked":"Core Surge","floor":16},{"not_picked":["Capacitor+1","Chill"],"picked":"Glacier","floor":18},{"not_picked":["Sweeping Beam","Redo"],"picked":"White Noise","floor":20},{"not_picked":["Beam Cell+1","Hologram","Streamline+1"],"picked":"SKIP","floor":21},{"not_picked":["Undo","Ball Lightning"],"picked":"Defragment","floor":22},{"not_picked":["Stack","Darkness"],"picked":"Self Repair+1","floor":23},{"not_picked":["Leap+1","Turbo+1"],"picked":"Reinforced Body+1","floor":24},{"not_picked":["Turbo+1","Steam+1"],"picked":"Auto Shields+1","floor":28},{"not_picked":["Barrage","Tempest+1"],"picked":"Undo+1","floor":29},{"not_picked":["Amplify+1","Rainbow+1"],"picked":"Echo Form","floor":33},{"not_picked":["FTL+1","Ball Lightning+1"],"picked":"Force Field+1","floor":34},{"not_picked":["Turbo+1","Barrage"],"picked":"Chaos+1","floor":34},{"not_picked":["Ball Lightning+1","Rebound"],"picked":"Coolheaded+1","floor":34},{"not_picked":["Ball Lightning","Heatsinks+1","Rebound"],"picked":"SKIP","floor":35},{"not_picked":["Stack+1","Streamline+1"],"picked":"Amplify+1","floor":38},{"not_picked":["Rebound+1","Blizzard","Darkness+1"],"picked":"SKIP","floor":39},{"not_picked":["Leap+1","Auto Shields+1"],"picked":"Sweeping Beam+1","floor":40},{"not_picked":["Hologram+1","Ball Lightning+1"],"picked":"Coolheaded+1","floor":41},{"not_picked":["Compile Driver+1","Darkness+1","Scrape"],"picked":"SKIP","floor":45}],"player_experience":346862,"relics_obtained":[{"floor":9,"key":"Blood Vial"},{"floor":23,"key":"Toxic Egg 2"},{"floor":26,"key":"Bottled Lightning"},{"floor":40,"key":"FossilizedHelix"},{"floor":47,"key":"Torii"}],"event_choices":[{"damage_healed":0,"gold_gain":0,"player_choice":"Box","damage_taken":0,"relics_obtained":["Pear"],"max_hp_gain":0,"max_hp_loss":0,"event_name":"Big Fish","floor":2,"gold_loss":0,"cards_obtained":["Regret"]},{"damage_healed":0,"gold_gain":175,"player_choice":"AGREE","damage_taken":0,"max_hp_gain":0,"max_hp_loss":0,"event_name":"Liars Game","floor":3,"gold_loss":0,"cards_obtained":["Doubt"]},{"damage_healed":0,"gold_gain":0,"player_choice":"Success","damage_taken":12,"relics_obtained":["Strawberry"],"max_hp_gain":0,"max_hp_loss":0,"event_name":"Scrap Ooze","floor":4,"gold_loss":0},{"damage_healed":0,"gold_gain":275,"player_choice":"Desecrate","damage_taken":0,"max_hp_gain":0,"max_hp_loss":0,"event_name":"Golden Shrine","floor":5,"gold_loss":0,"cards_obtained":["Regret"]},{"cards_removed":["Regret"],"damage_healed":0,"gold_gain":0,"player_choice":"Took Card","damage_taken":0,"max_hp_gain":0,"max_hp_loss":0,"event_name":"NoteForYourself","floor":19,"gold_loss":0,"cards_obtained":["Ball Lightning"]},{"damage_healed":0,"gold_gain":0,"cards_transformed":["Strike_B","Strike_B"],"player_choice":"Became Test Subject","damage_taken":0,"max_hp_gain":0,"max_hp_loss":0,"event_name":"Drug Dealer","floor":30,"gold_loss":0,"cards_obtained":["Machine Learning","Self Repair"]},{"damage_healed":0,"gold_gain":0,"player_choice":"Embrace Madness","damage_taken":12,"max_hp_gain":0,"max_hp_loss":0,"event_name":"Winding Halls","floor":36,"gold_loss":0,"cards_obtained":["Madness","Madness"]},{"damage_healed":0,"gold_gain":0,"player_choice":"Got Potions","damage_taken":0,"max_hp_gain":0,"max_hp_loss":0,"event_name":"Lab","floor":37,"gold_loss":0},{"damage_healed":0,"gold_gain":0,"player_choice":"Fight","damage_taken":0,"max_hp_gain":0,"max_hp_loss":0,"event_name":"Mysterious Sphere","floor":47,"gold_loss":0}],"is_beta":false,"boss_relics":[{"not_picked":["Ectoplasm","Nuclear Battery"],"picked":"Cursed Key"},{"not_picked":["Fusion Hammer","Busted Crown"],"picked":"Orrery"}],"items_purged_floors":[31,48],"is_endless":false,"potions_floor_spawned":[1,7,11,20,23,24,28,29,33,35,40,41,45,47],"killed_by":"Awakened One","ascension_level":0}