{"gold_per_floor":[111,111,12,22,37,66,66,166,166,196,211,231,231,201,201,298,298,313,329,22,42,59,59,88,88,169,169,182,282,302,333,333,433,433,451,464,41,41,41,41,66,66,135,135,153,153,165,180,180,180,180,180,33,67,67],"floor_reached":55,"playtime":9176,"items_purged":["Strike_R","Strike_R","Strike_R"],"score":852,"play_id":"5149980a-5c9f-491a-b73d-b2f7a6e2cc55","local_time":"20190106113238","is_ascension_mode":true,"campfire_choices":[{"floor":13.0,"key":"REST"},{"data":"Pommel Strike","floor":15.0,"key":"SMITH"},{"floor":23.0,"key":"REST"},{"floor":25,"key":"RECALL"},{"data":"Bash","floor":27,"key":"SMITH"},{"data":"Uppercut","floor":32,"key":"SMITH"},{"data":"Armaments","floor":40,"key":"SMITH"},{"data":"Panacea","floor":42,"key":"SMITH"},{"floor":49,"key":"REST"},{"data":"Inflame","floor":52,"key":"SMITH"}],"neow_cost":"NONE","seed_source_timestamp":315514965281821,"circlet_count":0,"master_deck":["Strike_R","Strike_R","Defend_R","Defend_R","Defend_R","Defend_R","Bash+1","Shrug It Off+1","Wild Strike","Carnage","Inflame","Armaments+1","Pommel Strike+1","Rampage","Reaper","Wild Strike+1","Seeing Red+1","Dropkick","Inflame+1","Panacea+1","Headbutt","Blood for Blood+1","Second Wind+1","Uppercut+1","Whirlwind+1","Impervious+1","Shrug It Off+1","Flame Barrier+1","Enlightenment+1","Madness+1","Seeing Red+1","Finesse+1","Reaper","Infernal Blade+1","Burning Pact+1","Infernal Blade+1"],"special_seed":0,"relics":["Burning Blood","Gremlin Horn","Regal Pillow","Runic Pyramid","Oddly Smooth Stone","Letter Opener","Toxic Egg 2","Mark of Pain","Champion Belt","Mango","Self Forming Clay","Bronze Scales","Blood Vial"],"potions_floor_usage":[41,48],"damage_taken":[{"damage":2.0,"enemies":"Jaw Worm","floor":1.0,"turns":4.0},{"damage":0.0,"enemies":"Cultist","floor":4.0,"turns":3.0},{"damage":0.0,"enemies":"Small Slimes","floor":5.0,"turns":2.0},{"damage":41.0,"enemies":"Gremlin Nob","floor":6.0,"turns":5.0},{"damage":30.0,"enemies":"Lagavulin","floor":10.0,"turns":8.0},{"damage":9.0,"enemies":"Gremlin Gang","floor":11.0,"turns":4.0},{"damage":10.0,"enemies":"2 Fungi Beasts","floor":12.0,"turns":3.0},{"damage":34.0,"enemies":"The Guardian","floor":16.0,"turns":9.0},{"damage":7.0,"enemies":"3 Byrds","floor":18.0,"turns":2.0},{"damage":29.0,"enemies":"Chosen","floor":19.0,"turns":6.0},{"damage":30.0,"enemies":"3 Cultists","floor":21.0,"turns":6.0},{"damage":24.0,"enemies":"Snake Plant","floor":22.0,"turns":2.0},{"damage":32.0,"enemies":"Slavers","floor":24.0,"turns":5.0},{"damage":7,"enemies":"Centurion and Healer","floor":28,"turns":7},{"damage":12,"enemies":"Cultist and Chosen","floor":30,"turns":6},{"damage":6,"enemies":"Gremlin Leader","floor":31,"turns":7},{"damage":54,"enemies":"Automaton","floor":33,"turns":10},{"damage":14,"enemies":"3 Darklings","floor":35,"turns":4},{"damage":10,"enemies":"Orb Walker","floor":36,"turns":3},{"damage":32,"enemies":"Giant Head","floor":41,"turns":8},{"damage":16,"enemies":"4 Shapes","floor":45,"turns":5},{"damage":5,"enemies":"Sphere and 2 Shapes","floor":47,"turns":3},{"damage":0,"enemies":"Maw","floor":48,"turns":11},{"damage":74,"enemies":"Donu and Deca","floor":50,"turns":13},{"damage":41,"enemies":"Shield and Spear","floor":54,"turns":4},{"damage":119,"enemies":"The Heart","floor":55,"turns":11}],"seed_played":"-4163270640986052551","potions_obtained":[{"floor":6.0,"key":"SkillPotion"},{"floor":11.0,"key":"PowerPotion"},{"floor":12.0,"key":"FearPotion"},{"floor":14.0,"key":"GamblersBrew"},{"floor":14.0,"key":"EntropicBrew"},{"floor":19.0,"key":"LiquidBronze"},{"floor":21.0,"key":"Dexterity Potion"},{"floor":28,"key":"FairyPotion"},{"floor":33,"key":"FearPotion"},{"floor":47,"key":"SkillPotion"}],"is_trial":false,"path_per_floor":["M","?","$","M","M","E","$","?","T","E","M","M","R","?","R","B",null,"M","M","$","M","M","R","E","R","T","R","M","?","M","E","R","B",null,"M","M","$","?","?","R","E","R","T","$","M","?","M","M","R","B",null,"R","$","E","B"],"character_chosen":"IRONCLAD","items_purchased":["Wild Strike","Dropkick","Inflame","Panacea","Champion Belt","Bronze Scales"],"campfire_rested":3,"item_purchase_floors":[3,20,20,20,37,53],"current_hp_per_floor":[88,88,88,88,88,53,53,53,53,29,26,22,63,63,63,35,88,87,74,74,50,32,73,59,59,59,59,70,70,77,88,88,56,88,88,84,84,74,74,74,75,75,75,75,65,65,66,86,98,74,98,98,98,71,0],"gold":67,"neow_bonus":"TEN_PERCENT_HP_BONUS","is_prod":false,"is_daily":false,"chose_seed":false,"campfire_upgraded":6,"win_rate":0,"timestamp":1546767158,"path_taken":["M","?","$","?","M","E","$","?","T","E","?","M","R","?","R","BOSS","M","M","$","?","M","R","E","R","T","R","M","?","?","E","R","BOSS","M","M","$","?","?","R","E","R","T","?","?","?","?","M","R","BOSS","R","$","E","BOSS"],"build_version":"2019-01-03v4","purchased_purges":3,"victory":false,"max_hp_per_floor":[88,88,88,88,88,88,88,88,88,88,88,88,88,88,88,88,88,88,88,88,88,88,88,88,88,88,88,88,88,88,88,88,88,88,88,88,88,88,84,84,98,98,98,98,98,98,98,98,98,98,98,98,98,98,98],"card_choices":[{"not_picked":["Metallicize","Seeing Red"],"picked":"Shrug It Off","floor":1.0},{"not_picked":["Perfected Strike","Warcry"],"picked":"Carnage","floor":4.0},{"not_picked":["True Grit","Anger"],"picked":"Inflame","floor":5.0},{"not_picked":["Sever Soul","Cleave"],"picked":"Armaments","floor":6.0},{"not_picked":["Rupture","Wild Strike"],"picked":"Pommel Strike","floor":10.0},{"not_picked":["Sword Boomerang","Thunderclap","Havoc"],"picked":"SKIP","floor":11.0},{"not_picked":["Carnage","Body Slam"],"picked":"Rampage","floor":12.0},{"not_picked":["Barricade","Feed"],"picked":"Reaper","floor":16.0},{"not_picked":["Battle Trance","Twin Strike+1"],"picked":"Wild Strike+1","floor":18.0},{"not_picked":["Perfected Strike+1","Shrug It Off+1"],"picked":"Seeing Red+1","floor":19.0},{"not_picked":["Entrench","True Grit"],"picked":"Headbutt","floor":21.0},{"not_picked":["Sword Boomerang","Twin Strike+1"],"picked":"Blood for Blood+1","floor":22.0},{"not_picked":["Entrench","Exhume"],"picked":"Second Wind+1","floor":24},{"not_picked":["Combust","Flex","Twin Strike"],"picked":"SKIP","floor":28},{"not_picked":["Infernal Blade+1","Searing Blow"],"picked":"Uppercut","floor":30},{"not_picked":["Rage","Hemokinesis"],"picked":"Whirlwind+1","floor":31},{"not_picked":["Demon Form","Bludgeon"],"picked":"Impervious+1","floor":33},{"not_picked":["True Grit+1","Second Wind+1"],"picked":"Shrug It Off+1","floor":35},{"not_picked":["Evolve+1","Combust"],"picked":"Flame Barrier+1","floor":36},{"not_picked":["Impatience+1","Forethought+1"],"picked":"Enlightenment+1","floor":38},{"not_picked":["Deep Breath+1","HandOfGreed"],"picked":"Madness+1","floor":38},{"not_picked":["Pommel Strike","Second Wind+1"],"picked":"Seeing Red+1","floor":41},{"not_picked":["Flex+1","True Grit+1","Clash"],"picked":"SKIP","floor":45},{"not_picked":["Flex+1","Body Slam"],"picked":"Infernal Blade+1","floor":47},{"not_picked":["Anger","Clothesline"],"picked":"Burning Pact+1","floor":48},{"not_picked":["Sword Boomerang","Berserk"],"picked":"Infernal Blade+1","floor":54}],"player_experience":93486,"relics_obtained":[{"floor":6.0,"key":"Gremlin Horn"},{"floor":10.0,"key":"Regal Pillow"},{"floor":24,"key":"Oddly Smooth Stone"},{"floor":26,"key":"Letter Opener"},{"floor":31,"key":"Toxic Egg 2"},{"floor":41,"key":"Mango"},{"floor":43,"key":"Self Forming Clay"},{"floor":54,"key":"Blood Vial"}],"event_choices":[{"damage_healed":0.0,"max_hp_gain":0.0,"max_hp_loss":0.0,"gold_gain":0.0,"event_name":"Upgrade Shrine","player_choice":"Upgraded","floor":2.0,"gold_loss":0.0,"damage_taken":0.0,"cards_upgraded":["Shrug It Off"]},{"damage_healed":0.0,"max_hp_gain":0.0,"max_hp_loss":0.0,"gold_gain":100.0,"event_name":"Golden Shrine","player_choice":"Pray","floor":8.0,"gold_loss":0.0,"damage_taken":0.0},{"damage_healed":0.0,"max_hp_gain":0.0,"max_hp_loss":0.0,"gold_gain":0.0,"event_name":"The Woman in Blue","player_choice":"Bought 2 Potions","floor":14.0,"gold_loss":0.0,"damage_taken":0.0},{"damage_healed":0,"gold_gain":100,"player_choice":"Pray","damage_taken":0,"max_hp_gain":0,"max_hp_loss":0,"event_name":"Golden Shrine","floor":29,"gold_loss":0},{"damage_healed":0,"gold_gain":0,"player_choice":"Memory 3","damage_taken":10,"max_hp_gain":0,"max_hp_loss":0,"event_name":"SensoryStone","floor":38,"gold_loss":0},{"damage_healed":0,"gold_gain":0,"player_choice":"Max HP","damage_taken":0,"max_hp_gain":0,"max_hp_loss":4,"event_name":"Winding Halls","floor":39,"gold_loss":0},{"damage_healed":0,"gold_gain":0,"player_choice":"2 cards matched","damage_taken":0,"max_hp_gain":0,"max_hp_loss":0,"event_name":"Match and Keep!","floor":46,"gold_loss":0,"cards_obtained":["Finesse","Reaper"]},{"damage_healed":0,"gold_gain":0,"player_choice":"2 cards matched","damage_taken":0,"max_hp_gain":0,"max_hp_loss":0,"event_name":"Match and Keep!","floor":46,"gold_loss":0,"cards_obtained":["Finesse","Reaper"]}],"is_beta":false,"boss_relics":[{"not_picked":["Black Blood","Eternal Feather"],"picked":"Runic Pyramid"},{"not_picked":["Runic Dome","Sozu"],"picked":"Mark of Pain"}],"items_purged_floors":[3,20,37],"is_endless":false,"potions_floor_spawned":[6,11,12,19,21,28,33,47],"killed_by":"The Heart","ascension_level":3}