{"gold_per_floor":[118,129,142,142,142,142,160,185,185,135,210,3,3,29,29,133,133,144,94,94,106,120,120],"floor_reached":23,"playtime":2708,"items_purged":["Defend_R"],"score":209,"play_id":"865040f2-e3c3-4a76-b429-6010a1ac3494","local_time":"20190427173218","is_ascension_mode":true,"campfire_choices":[{"data":"Pommel Strike","floor":6,"key":"SMITH"},{"data":"Clash","floor":13,"key":"SMITH"},{"floor":15,"key":"REST"}],"neow_cost":"NONE","seed_source_timestamp":1132921425622611,"circlet_count":0,"master_deck":["Strike_R","Strike_R","Strike_R","Strike_R","Strike_R","Defend_R","Defend_R","Bash","Reckless Charge","Pommel Strike+1","Clash+1","Wild Strike","Pommel Strike+1","Seeing Red","Immolate","Warcry","Clash","Double Tap"],"relics":["Burning Blood","NeowsBlessing","Mercury Hourglass","StoneCalendar","DollysMirror","Smiling Mask","Mark of Pain","Nloth\u0027s Gift"],"potions_floor_usage":[8,22,22,22,22,23],"damage_taken":[{"damage":0,"enemies":"Jaw Worm","floor":1,"turns":1},{"damage":0,"enemies":"2 Louse","floor":2,"turns":1},{"damage":0,"enemies":"Cultist","floor":3,"turns":1},{"damage":5,"enemies":"Looter","floor":7,"turns":2},{"damage":21,"enemies":"Lagavulin","floor":8,"turns":5},{"damage":14,"enemies":"Gremlin Nob","floor":14,"turns":3},{"damage":30,"enemies":"Slime Boss","floor":16,"turns":7},{"damage":24,"enemies":"Shell Parasite","floor":18,"turns":4},{"damage":0,"enemies":"Chosen","floor":21,"turns":3},{"damage":41,"enemies":"Shelled Parasite and Fungi","floor":22,"turns":3},{"damage":42,"enemies":"Slavers","floor":23,"turns":2}],"seed_played":"-1212095534952246005","potions_obtained":[{"floor":2,"key":"SpeedPotion"},{"floor":3,"key":"Energy Potion"},{"floor":7,"key":"LiquidBronze"},{"floor":14,"key":"EntropicBrew"},{"floor":16,"key":"Explosive Potion"}],"is_trial":false,"path_per_floor":["M","M","M","?","?","R","M","E","T","?","?","$","R","E","R","B",null,"M","$","?","M","M","E"],"character_chosen":"IRONCLAD","items_purchased":["DollysMirror"],"campfire_rested":1,"item_purchase_floors":[12],"current_hp_per_floor":[80,80,80,80,80,80,80,65,65,65,54,54,54,46,70,46,80,62,62,62,68,41,0],"gold":120,"neow_bonus":"THREE_ENEMY_KILL","is_prod":false,"is_daily":false,"chose_seed":false,"campfire_upgraded":2,"win_rate":0,"timestamp":1556400738,"path_taken":["M","M","M","?","?","R","?","E","T","?","?","?","R","E","R","BOSS","M","$","?","?","M","E"],"build_version":"2019-01-23","purchased_purges":1,"victory":false,"max_hp_per_floor":[80,80,80,80,80,80,80,80,80,80,80,80,80,80,80,80,80,80,80,80,80,80,80],"card_choices":[{"not_picked":["Pommel Strike","Body Slam"],"picked":"Reckless Charge","floor":1},{"not_picked":["Iron Wave","Bludgeon","Body Slam"],"picked":"SKIP","floor":2},{"not_picked":["Dropkick","Ghostly Armor"],"picked":"Pommel Strike","floor":3},{"not_picked":["Body Slam","True Grit"],"picked":"Clash","floor":7},{"not_picked":["Anger","Infernal Blade"],"picked":"Wild Strike","floor":8},{"not_picked":["Blood for Blood","Demon Form"],"picked":"Seeing Red","floor":14},{"not_picked":["Juggernaut","Exhume"],"picked":"Immolate","floor":16},{"not_picked":["Corruption","Perfected Strike"],"picked":"Warcry","floor":18},{"not_picked":["Sever Soul","Shrug It Off"],"picked":"Clash","floor":21},{"not_picked":["Entrench","Juggernaut"],"picked":"Double Tap","floor":22}],"player_experience":128766,"relics_obtained":[{"floor":5,"key":"Mercury Hourglass"},{"floor":8,"key":"StoneCalendar"},{"floor":9,"key":"Incense Burner"},{"floor":14,"key":"Smiling Mask"}],"event_choices":[{"damage_healed":0,"gold_gain":0,"player_choice":"Ignored","damage_taken":0,"max_hp_gain":0,"max_hp_loss":0,"event_name":"Shining Light","floor":4,"gold_loss":0},{"damage_healed":0,"gold_gain":0,"player_choice":"Relic","damage_taken":0,"max_hp_gain":0,"max_hp_loss":0,"event_name":"Wheel of Change","floor":5,"gold_loss":0},{"cards_removed":["Defend_R"],"damage_healed":0,"gold_gain":0,"player_choice":"Card Removal","damage_taken":0,"max_hp_gain":0,"max_hp_loss":0,"event_name":"The Cleric","floor":10,"gold_loss":50},{"damage_healed":0,"gold_gain":75,"player_choice":"Gather Gold","damage_taken":11,"max_hp_gain":0,"max_hp_loss":0,"event_name":"World of Goop","floor":11,"gold_loss":0},{"damage_healed":0,"gold_gain":0,"player_choice":"Traded Relic","damage_taken":0,"relics_obtained":["Nloth\u0027s Gift"],"max_hp_gain":0,"max_hp_loss":0,"event_name":"N\u0027loth","floor":20,"relics_lost":["Incense Burner"],"gold_loss":0}],"is_beta":false,"boss_relics":[{"not_picked":["Velvet Choker","Lizard Tail"],"picked":"Mark of Pain"}],"items_purged_floors":[19],"is_endless":false,"potions_floor_spawned":[2,3,7,14,16,18,21],"killed_by":"Slavers","ascension_level":1}