{"gold_per_floor":[118,118,134,19,19,19,46,58,70,110,122,134,321,333,345,458,470,493,505,535,5,20,20,20],"floor_reached":24,"playtime":2557,"items_purged":["Shame","Doubt"],"score":270,"play_id":"5e8867c0-9063-4d7f-bf28-eee5e8c8d601","local_time":"20190116124718","is_ascension_mode":true,"campfire_choices":[{"floor":6.0,"key":"REST"},{"data":"True Grit","floor":8.0,"key":"SMITH"},{"floor":15,"key":"RECALL"},{"floor":23,"key":"REST"}],"neow_cost":"CURSE","seed_source_timestamp":410794731926762,"circlet_count":0,"master_deck":["Strike_R","Strike_R","Strike_R","Strike_R+1","Strike_R+1","Defend_R","Defend_R","Defend_R","Defend_R","Bash+1","True Grit+1","Twin Strike","Evolve","Reaper","Carnage","Double Tap","Clothesline","Fire Breathing","Juggernaut","Anger","Iron Wave"],"special_seed":0,"relics":["Burning Blood","Bird Faced Urn","The Courier","MawBank","Whetstone","Ice Cream","Pantograph","Runic Pyramid","Meat on the Bone","Blood Vial","Vajra","Red Skull"],"potions_floor_usage":[20,24],"damage_taken":[{"damage":11.0,"enemies":"2 Louse","floor":1.0,"turns":4.0},{"damage":13.0,"enemies":"Small Slimes","floor":3.0,"turns":6.0},{"damage":6.0,"enemies":"Gremlin Nob","floor":7.0,"turns":4.0},{"damage":23.0,"enemies":"3 Sentries","floor":10.0,"turns":9.0},{"damage":98,"enemies":"Slime Boss","floor":16,"turns":13},{"damage":17,"enemies":"Chosen","floor":18,"turns":6},{"damage":34,"enemies":"Shell Parasite","floor":20,"turns":8},{"damage":25,"enemies":"Cultist and Chosen","floor":22,"turns":8},{"damage":88,"enemies":"Gremlin Leader","floor":24,"turns":5}],"seed_played":"7858999271582928326","potions_obtained":[{"floor":1.0,"key":"AttackPotion"},{"floor":3.0,"key":"Block Potion"},{"floor":7.0,"key":"FairyPotion"},{"floor":18,"key":"PowerPotion"},{"floor":22,"key":"SkillPotion"}],"is_trial":false,"path_per_floor":["M","?","M","$","?","R","E","R","T","E","?","?","?","T","R","B",null,"M","T","M","$","M","R","E"],"character_chosen":"IRONCLAD","items_purchased":["Evolve","Juggernaut","Anger","Blood Vial","Vajra","Red Skull"],"campfire_rested":2,"item_purchase_floors":[4,21,21,21,21,21],"current_hp_per_floor":[67,72,65,65,58,83,85,85,85,80,80,80,80,80,80,14,67,58,58,57,57,52,77,0],"gold":20,"neow_bonus":"ONE_RARE_RELIC","is_prod":false,"is_daily":false,"chose_seed":false,"campfire_upgraded":1,"win_rate":0,"timestamp":1547635638,"path_taken":["M","?","M","$","?","R","E","R","T","E","?","?","?","?","R","BOSS","M","?","M","$","M","R","E"],"build_version":"2019-01-10","purchased_purges":2,"victory":false,"max_hp_per_floor":[80,85,85,85,85,85,85,85,85,85,85,85,85,85,85,85,85,85,85,85,85,85,85,85],"card_choices":[{"not_picked":["Seeing Red","Sentinel"],"picked":"True Grit","floor":1.0},{"not_picked":["Body Slam","Entrench"],"picked":"Twin Strike","floor":3.0},{"not_picked":["Iron Wave","Pommel Strike"],"picked":"Reaper","floor":7.0},{"not_picked":["True Grit","Whirlwind"],"picked":"Carnage","floor":10.0},{"not_picked":["Brutality","Bludgeon"],"picked":"Double Tap","floor":16},{"not_picked":["Cleave","Twin Strike"],"picked":"Clothesline","floor":18},{"not_picked":["Battle Trance","Pommel Strike"],"picked":"Fire Breathing","floor":20},{"not_picked":["Evolve","Burning Pact+1"],"picked":"Iron Wave","floor":22}],"player_experience":285193,"relics_obtained":[{"floor":7.0,"key":"MawBank"},{"floor":9.0,"key":"Whetstone"},{"floor":10.0,"key":"Ice Cream"},{"floor":14,"key":"Pantograph"},{"floor":19,"key":"Meat on the Bone"}],"event_choices":[{"damage_healed":0.0,"max_hp_gain":5.0,"max_hp_loss":0.0,"gold_gain":0.0,"event_name":"Big Fish","player_choice":"Donut","floor":2.0,"gold_loss":0.0,"damage_taken":0.0},{"damage_healed":0.0,"max_hp_gain":0.0,"max_hp_loss":0.0,"gold_gain":0.0,"event_name":"Scrap Ooze","player_choice":"Success","floor":5.0,"gold_loss":0.0,"damage_taken":7.0,"relics_obtained":["The Courier"]},{"damage_healed":0.0,"max_hp_gain":0.0,"max_hp_loss":0.0,"gold_gain":0.0,"event_name":"Living Wall","player_choice":"Grow","floor":11.0,"gold_loss":0.0,"damage_taken":0.0,"cards_upgraded":["Bash"]},{"damage_healed":0,"gold_gain":0,"player_choice":"Searched \u00270\u0027 times","damage_taken":0,"max_hp_gain":0,"max_hp_loss":0,"event_name":"Dead Adventurer","floor":12,"gold_loss":0},{"damage_healed":0,"gold_gain":175,"player_choice":"AGREE","damage_taken":0,"max_hp_gain":0,"max_hp_loss":0,"event_name":"Liars Game","floor":13,"gold_loss":0,"cards_obtained":["Doubt"]}],"is_beta":false,"boss_relics":[{"not_picked":["Eternal Feather","Coffee Dripper"],"picked":"Runic Pyramid"}],"items_purged_floors":[4,21],"is_endless":false,"potions_floor_spawned":[1,3,7,18,22],"killed_by":"Gremlin Leader","ascension_level":7}