{"gold_per_floor":[111,63,79,79,98,98,131,150,150,150,150,168,186,186],"floor_reached":14,"playtime":239,"items_purged":[],"score":92,"play_id":"8bfd454a-17ed-4d46-ac89-096753782880","local_time":"20190505213901","is_ascension_mode":false,"campfire_choices":[{"data":"Consume","floor":6,"key":"SMITH"},{"data":"Lockon","floor":10,"key":"SMITH"}],"neow_cost":"NONE","seed_source_timestamp":9188283542400,"circlet_count":0,"master_deck":["Strike_B","Strike_B","Strike_B+1","Strike_B","Defend_B","Defend_B","Defend_B","Defend_B","Zap","Dualcast+1","Meteor Strike","Ball Lightning","Cold Snap","Coolheaded","Regret","Consume+1","Lockon+1","Redo","Redo","Ball Lightning"],"relics":["Cracked Core","Centennial Puzzle","Pantograph","Smiling Mask"],"potions_floor_usage":[7,12,12],"damage_taken":[{"damage":6,"enemies":"Jaw Worm","floor":1,"turns":2},{"damage":0,"enemies":"2 Louse","floor":3,"turns":1},{"damage":3,"enemies":"Cultist","floor":5,"turns":3},{"damage":14,"enemies":"Gremlin Nob","floor":7,"turns":3},{"damage":6,"enemies":"Large Slime","floor":8,"turns":4},{"damage":0,"enemies":"Lots of Slimes","floor":12,"turns":3},{"damage":12,"enemies":"Blue Slaver","floor":13,"turns":2},{"damage":21,"enemies":"3 Louse","floor":14,"turns":2}],"seed_played":"6732766463371727261","potions_obtained":[{"floor":1,"key":"PowerPotion"},{"floor":7,"key":"SpeedPotion"},{"floor":8,"key":"PowerPotion"},{"floor":12,"key":"Strength Potion"}],"is_trial":false,"path_per_floor":["M","$","M","?","M","R","E","M","T","R","?","M","M","M"],"character_chosen":"DEFECT","items_purchased":["Cold Snap"],"campfire_rested":0,"item_purchase_floors":[2],"current_hp_per_floor":[69,69,69,69,66,66,52,46,46,46,31,31,19,0],"gold":186,"neow_bonus":"ONE_RANDOM_RARE_CARD","is_prod":false,"is_daily":false,"chose_seed":false,"campfire_upgraded":2,"win_rate":0,"timestamp":1557081541,"path_taken":["M","$","M","?","M","R","E","M","T","R","?","M","M","M"],"build_version":"2019-01-23","purchased_purges":0,"victory":false,"max_hp_per_floor":[75,75,75,75,75,75,75,75,75,75,75,75,75,75],"card_choices":[{"not_picked":["Steam Power","Leap"],"picked":"Ball Lightning","floor":1},{"not_picked":["Stack","Redo"],"picked":"Coolheaded","floor":3},{"not_picked":["Heatsinks","BootSequence"],"picked":"Consume","floor":5},{"not_picked":["Doom and Gloom","Scrape"],"picked":"Lockon","floor":7},{"not_picked":["Barrage","Hologram"],"picked":"Redo","floor":8},{"not_picked":["Barrage","Conserve Battery"],"picked":"Redo","floor":12},{"not_picked":["Gash","Redo"],"picked":"Ball Lightning","floor":13}],"player_experience":282259,"relics_obtained":[{"floor":7,"key":"Pantograph"},{"floor":9,"key":"Smiling Mask"}],"event_choices":[{"damage_healed":0,"gold_gain":0,"player_choice":"Box","damage_taken":0,"relics_obtained":["Centennial Puzzle"],"max_hp_gain":0,"max_hp_loss":0,"event_name":"Big Fish","floor":4,"gold_loss":0,"cards_obtained":["Regret"]},{"damage_healed":0,"gold_gain":0,"player_choice":"Entered Light","damage_taken":15,"max_hp_gain":0,"max_hp_loss":0,"event_name":"Shining Light","floor":11,"gold_loss":0,"cards_upgraded":["Dualcast","Strike_B"]}],"is_beta":false,"boss_relics":[],"items_purged_floors":[],"is_endless":false,"potions_floor_spawned":[1,7,8,12],"killed_by":"3 Louse","ascension_level":0}