{"gold_per_floor":[211,86,361,373,386,386,236,266,334,362,374,290,290,302,302,398,398,409,409,133,152,164,195,195,205,287,301,301,301,226,256,256,360,360,372,96,96,110,129,129,160,175,175,175,250,107,107,126,126,126,126,126,78,110,110],"floor_reached":55,"playtime":3902,"items_purged":["Regret","Bite"],"score":864,"play_id":"e7fcdbab-81dd-43fb-8dff-338570f6eb4a","local_time":"20181118094957","is_ascension_mode":true,"campfire_choices":[{"data":"Defragment","floor":6,"key":"SMITH"},{"data":"Defragment","floor":13,"key":"SMITH"},{"floor":15,"key":"REST"},{"data":"Seek","floor":24,"key":"SMITH"},{"data":"Coolheaded","floor":29,"key":"SMITH"},{"data":"Seek","floor":32,"key":"SMITH"},{"data":"Machine Learning","floor":40,"key":"SMITH"},{"floor":44,"key":"RECALL"},{"data":"Darkness","floor":47,"key":"SMITH"},{"data":"Loop","floor":49,"key":"SMITH"},{"data":"Go for the Eyes","floor":52,"key":"SMITH"}],"neow_cost":"NONE","seed_source_timestamp":227714901639652,"circlet_count":0,"master_deck":["Defend_B+1","Defend_B+1","Defend_B+1","Defend_B+1","Zap","Dualcast","Ball Lightning","Compile Driver","Defragment+1","Darkness+1","Streamline","Loop+1","Undo","Go for the Eyes","Steam","Defragment+1","Compile Driver","Coolheaded+1","Multi-Cast","Self Repair","Seek+1","Sunder","Recycle","Beam Cell","Chill+1","Bite","Bite","Leap","Conserve Battery","Go for the Eyes+1","Seek+1","Conserve Battery","BootSequence","Machine Learning+1","Hologram","Forethought","Undo","Steam+1","Meteor Strike"],"relics":["Cracked Core","Art of War","Pantograph","Ice Cream","Orrery","War Paint","Pear","Bottled Lightning","PreservedInsect","Nuclear Battery","Gremlin Horn","Lantern","DataDisk"],"potions_floor_usage":[10,23,48,55,55],"damage_taken":[{"damage":1,"enemies":"2 Louse","floor":1,"turns":2},{"damage":3,"enemies":"Cultist","floor":4,"turns":3},{"damage":0,"enemies":"Small Slimes","floor":5,"turns":2},{"damage":27,"enemies":"Gremlin Nob","floor":8,"turns":4},{"damage":28,"enemies":"3 Sentries","floor":10,"turns":6},{"damage":2,"enemies":"Blue Slaver","floor":11,"turns":2},{"damage":6,"enemies":"3 Louse","floor":14,"turns":3},{"damage":20,"enemies":"Hexaghost","floor":16,"turns":8},{"damage":22,"enemies":"Chosen","floor":18,"turns":5},{"damage":2,"enemies":"3 Byrds","floor":21,"turns":4},{"damage":19,"enemies":"Snake Plant","floor":22,"turns":5},{"damage":10,"enemies":"Book of Stabbing","floor":23,"turns":6},{"damage":15,"enemies":"3 Cultists","floor":25,"turns":8},{"damage":0,"enemies":"Centurion and Healer","floor":27,"turns":9},{"damage":18,"enemies":"Slavers","floor":31,"turns":6},{"damage":9,"enemies":"Champ","floor":33,"turns":10},{"damage":2,"enemies":"3 Darklings","floor":35,"turns":5},{"damage":0,"enemies":"3 Shapes","floor":38,"turns":5},{"damage":0,"enemies":"Maw","floor":39,"turns":4},{"damage":0,"enemies":"Reptomancer","floor":41,"turns":5},{"damage":11,"enemies":"Transient","floor":42,"turns":5},{"damage":0,"enemies":"4 Shapes","floor":48,"turns":6},{"damage":12,"enemies":"Time Eater","floor":50,"turns":9},{"damage":11,"enemies":"Shield and Spear","floor":54,"turns":5},{"damage":86,"enemies":"The Heart","floor":55,"turns":6}],"seed_played":"5443374619115013073","potions_obtained":[{"floor":5,"key":"Block Potion"},{"floor":10,"key":"Swift Potion"},{"floor":11,"key":"SteroidPotion"},{"floor":14,"key":"Poison Potion"},{"floor":27,"key":"AttackPotion"},{"floor":42,"key":"Energy Potion"}],"is_trial":false,"path_per_floor":["M","$","?","M","M","R","$","E","T","E","M","$","R","M","R","B",null,"M","?","$","M","M","E","R","M","T","M","?","R","?","E","R","B",null,"M","$","?","M","M","R","E","M","T","R","?","$","R","M","R","B",null,"R","$","E","B"],"character_chosen":"DEFECT","items_purchased":["Compile Driver","Defragment","Loop","Defragment","Compile Driver","Leap","War Paint","Hologram","Gremlin Horn","Meteor Strike","SkillPotion"],"campfire_rested":1,"item_purchase_floors":[2,2,7,12,12,20,20,36,36,46,53],"current_hp_per_floor":[74,74,74,71,71,71,71,44,44,16,14,14,14,8,30,35,75,60,52,52,50,38,42,42,37,37,60,60,60,60,49,49,55,62,62,62,62,62,62,62,62,51,51,51,45,45,45,54,54,52,62,62,62,51,0],"gold":110,"neow_bonus":"HUNDRED_GOLD","is_prod":false,"is_daily":false,"chose_seed":false,"campfire_upgraded":9,"win_rate":0,"timestamp":1542552597,"path_taken":["M","$","?","M","?","R","$","E","T","E","M","$","R","M","R","BOSS","M","?","$","M","M","E","R","M","T","M","?","R","?","E","R","BOSS","M","$","?","?","M","R","E","M","T","R","?","$","R","M","R","BOSS","R","$","E","BOSS"],"build_version":"2018-11-15","purchased_purges":2,"victory":false,"max_hp_per_floor":[75,75,75,75,75,75,75,75,75,75,75,75,75,75,75,75,75,75,52,52,52,52,62,62,62,62,62,62,62,62,62,62,62,62,62,62,62,62,62,62,62,62,62,62,62,62,62,62,62,62,62,62,62,62,62],"card_choices":[{"not_picked":["Compile Driver","Chaos"],"picked":"Ball Lightning","floor":1},{"not_picked":["Turbo","Gash"],"picked":"Darkness","floor":4},{"not_picked":["Double Energy","Capacitor"],"picked":"Streamline","floor":5},{"not_picked":["Reprogram","Barrage"],"picked":"Undo","floor":8},{"not_picked":["FTL","Hologram"],"picked":"Go for the Eyes","floor":10},{"not_picked":["Go for the Eyes","Beam Cell"],"picked":"Steam","floor":11},{"not_picked":["Genetic Algorithm","Auto Shields"],"picked":"Coolheaded","floor":14},{"not_picked":["Machine Learning","Reboot"],"picked":"Multi-Cast","floor":16},{"not_picked":["Capacitor","Barrage"],"picked":"Self Repair","floor":17},{"not_picked":["Steam","Go for the Eyes"],"picked":"Seek","floor":17},{"not_picked":["Gash","Consume"],"picked":"Sunder","floor":17},{"not_picked":["Steam","Barrage"],"picked":"Recycle","floor":17},{"not_picked":["Auto Shields","Recycle"],"picked":"Beam Cell","floor":17},{"not_picked":["Rebound","Steam"],"picked":"Chill","floor":18},{"not_picked":["Compile Driver","Ball Lightning+1"],"picked":"Conserve Battery","floor":21},{"not_picked":["Sunder","Compile Driver"],"picked":"Go for the Eyes","floor":22},{"not_picked":["Cold Snap+1","Beam Cell"],"picked":"Seek","floor":23},{"not_picked":["Ball Lightning","Sweeping Beam+1"],"picked":"Conserve Battery","floor":25},{"not_picked":["Auto Shields+1","Hologram+1","Skim"],"picked":"SKIP","floor":27},{"not_picked":["Streamline","Consume"],"picked":"BootSequence","floor":31},{"not_picked":["Fission","Hyperbeam"],"picked":"Machine Learning","floor":33},{"not_picked":["Barrage+1","Compile Driver","Steam"],"picked":"SKIP","floor":35},{"not_picked":["Hologram","Rebound","Reinforced Body+1"],"picked":"SKIP","floor":38},{"not_picked":["Streamline","Ball Lightning+1"],"picked":"Undo","floor":39},{"not_picked":["Auto Shields+1","Hologram"],"picked":"Steam+1","floor":41},{"not_picked":["Rebound+1","Beam Cell+1","Leap+1"],"picked":"SKIP","floor":42},{"not_picked":["Hologram+1","FTL","Barrage"],"picked":"SKIP","floor":48},{"not_picked":["All For One","Coolheaded","Go for the Eyes"],"picked":"SKIP","floor":54}],"player_experience":178429,"relics_obtained":[{"floor":8,"key":"Art of War"},{"floor":9,"key":"Pantograph"},{"floor":10,"key":"Ice Cream"},{"floor":23,"key":"Pear"},{"floor":26,"key":"Bottled Lightning"},{"floor":31,"key":"PreservedInsect"},{"floor":41,"key":"Lantern"},{"floor":54,"key":"DataDisk"}],"event_choices":[{"damage_healed":0,"gold_gain":275,"player_choice":"Desecrate","damage_taken":0,"max_hp_gain":0,"max_hp_loss":0,"event_name":"Golden Shrine","floor":3,"gold_loss":0,"cards_obtained":["Regret"]},{"damage_healed":0,"gold_gain":0,"player_choice":"Became a vampire","damage_taken":0,"max_hp_gain":0,"max_hp_loss":23,"event_name":"Vampires","floor":19,"gold_loss":0,"cards_obtained":["Bite","Bite","Bite","Bite","Bite"]},{"damage_healed":0,"gold_gain":0,"player_choice":"Simplicity","damage_taken":0,"max_hp_gain":0,"max_hp_loss":0,"event_name":"Back to Basics","floor":28,"gold_loss":0,"cards_upgraded":["Defend_B","Defend_B","Defend_B"]},{"cards_removed":["Bite"],"damage_healed":0,"gold_gain":0,"player_choice":"Gave Gold","damage_taken":0,"max_hp_gain":0,"max_hp_loss":0,"event_name":"Beggar","floor":30,"gold_loss":75},{"damage_healed":0,"gold_gain":0,"cards_transformed":["Bite"],"player_choice":"Transformed","damage_taken":0,"max_hp_gain":0,"max_hp_loss":0,"event_name":"Transmorgrifier","floor":37,"gold_loss":0,"cards_obtained":["Forethought"]},{"damage_healed":0,"gold_gain":75,"player_choice":"Touch","damage_taken":6,"max_hp_gain":0,"max_hp_loss":0,"event_name":"FaceTrader","floor":45,"gold_loss":0}],"is_beta":false,"boss_relics":[{"not_picked":["FrozenCore","Inserter"],"picked":"Orrery"},{"not_picked":["Velvet Choker","Snecko Eye"],"picked":"Nuclear Battery"}],"items_purged_floors":[7,20],"is_endless":false,"potions_floor_spawned":[5,10,11,14,16,21,22,25,27,38,42,48],"killed_by":"The Heart","ascension_level":1}