{"gold_per_floor":[361,379,554,120,137,162,162,196,196,196,212,243,255,98,98,200,200,210,225,241,241,258,290,290,310,310,324,80,80,90,124,124,221,221,240,256,256,1255,784,784,818,129,129,162,162,162,162,179,179,179],"floor_reached":51,"playtime":3234,"items_purged":["Doubt","Strike_B","Normality","Normality"],"score":877,"play_id":"29406d47-aab6-47b6-ad21-8acecf164f22","local_time":"20181117105613","is_ascension_mode":true,"campfire_choices":[{"data":"Biased Cognition","floor":7,"key":"SMITH"},{"data":"Streamline","floor":10,"key":"SMITH"},{"data":"Defragment","floor":15,"key":"SMITH"},{"data":"Coolheaded","floor":24,"key":"SMITH"},{"data":"Echo Form","floor":29,"key":"SMITH"},{"data":"White Noise","floor":32,"key":"SMITH"},{"data":"Tempest","floor":40,"key":"SMITH"},{"data":"Defragment","floor":45,"key":"SMITH"},{"data":"Defragment","floor":47,"key":"SMITH"},{"data":"Double Energy","floor":49,"key":"SMITH"}],"neow_cost":"TEN_PERCENT_HP_LOSS","seed_source_timestamp":146413088534211,"circlet_count":0,"master_deck":["Strike_B","Strike_B","Defend_B","Defend_B","Defend_B","Defend_B","Zap","Dualcast","Cold Snap","Self Repair","Go for the Eyes","Coolheaded+1","Lockon","Capacitor","Streamline+1","Biased Cognition+1","Compile Driver","Beam Cell+1","Defragment+1","Go for the Eyes+1","Core Surge+1","Echo Form+1","Hologram","Self Repair+1","Compile Driver+1","White Noise+1","Tempest+1","Defragment+1","Force Field","Double Energy+1","Defragment+1","BootSequence"],"relics":["FrozenCore","PreservedInsect","Lantern","Pear","Molten Egg 2","Dodecahedron","Busted Crown","Gremlin Horn","Singing Bowl","Happy Flower","Letter Opener","Medical Kit","Dream Catcher","Lee\u0027s Waffle","Oddly Smooth Stone","Strawberry","Bronze Scales","Meat on the Bone"],"potions_floor_usage":[],"damage_taken":[{"damage":0,"enemies":"Cultist","floor":1,"turns":2},{"damage":5,"enemies":"Small Slimes","floor":2,"turns":3},{"damage":4,"enemies":"Jaw Worm","floor":5,"turns":3},{"damage":25,"enemies":"Lagavulin","floor":6,"turns":4},{"damage":11,"enemies":"3 Sentries","floor":8,"turns":5},{"damage":5,"enemies":"Blue Slaver","floor":11,"turns":2},{"damage":0,"enemies":"Gremlin Nob","floor":12,"turns":2},{"damage":5,"enemies":"Large Slime","floor":13,"turns":4},{"damage":18,"enemies":"Hexaghost","floor":16,"turns":9},{"damage":1,"enemies":"Chosen","floor":18,"turns":4},{"damage":0,"enemies":"Spheric Guardian","floor":19,"turns":3},{"damage":6,"enemies":"Centurion and Healer","floor":20,"turns":4},{"damage":13,"enemies":"Snecko","floor":22,"turns":5},{"damage":24,"enemies":"Slavers","floor":23,"turns":6},{"damage":11,"enemies":"Sentry and Sphere","floor":25,"turns":4},{"damage":6,"enemies":"Cultist and Chosen","floor":27,"turns":4},{"damage":23,"enemies":"Shelled Parasite and Fungi","floor":30,"turns":6},{"damage":23,"enemies":"Book of Stabbing","floor":31,"turns":5},{"damage":34,"enemies":"Collector","floor":33,"turns":8},{"damage":16,"enemies":"3 Darklings","floor":35,"turns":7},{"damage":8,"enemies":"3 Shapes","floor":36,"turns":4},{"damage":30,"enemies":"Reptomancer","floor":41,"turns":7},{"damage":26,"enemies":"Giant Head","floor":44,"turns":7},{"damage":17,"enemies":"Jaw Worm Horde","floor":48,"turns":4},{"damage":22,"enemies":"Donu and Deca","floor":50,"turns":10}],"seed_played":"718356166615268429","potions_obtained":[{"floor":1,"key":"EssenceOfSteel"},{"floor":5,"key":"Strength Potion"},{"floor":12,"key":"SpeedPotion"},{"floor":33,"key":"Dexterity Potion"}],"is_trial":false,"path_per_floor":["M","M","?","$","M","E","R","E","T","R","M","E","M","$","R","B",null,"M","M","M","?","M","E","R","M","T","M","$","R","M","E","R","B",null,"M","M","?","?","$","R","E","$","T","E","R","?","R","M","R","B",null],"character_chosen":"DEFECT","items_purchased":["Go for the Eyes","PreservedInsect","Coolheaded","Lockon","Capacitor","Core Surge+1","Happy Flower","Defragment","Medical Kit","Force Field","Defragment","Lee\u0027s Waffle","Oddly Smooth Stone","Strawberry"],"campfire_rested":0,"item_purchase_floors":[4,4,4,4,4,14,28,39,39,39,42,42,42,42],"current_hp_per_floor":[68,63,63,63,66,48,48,54,54,54,56,56,58,58,58,47,78,78,78,78,78,78,71,71,77,77,73,73,73,79,82,82,50,84,84,86,86,86,86,86,66,100,100,93,93,93,93,93,93,71],"gold":179,"neow_bonus":"TWO_FIFTY_GOLD","is_prod":false,"is_daily":false,"chose_seed":false,"campfire_upgraded":10,"win_rate":0,"timestamp":1542470173,"path_taken":["M","M","?","$","M","E","R","E","T","R","M","E","M","$","R","BOSS","M","M","M","?","M","E","R","M","T","M","$","R","?","E","R","BOSS","M","M","?","?","$","R","E","$","T","E","R","?","R","M","R","BOSS"],"build_version":"2018-11-15","purchased_purges":4,"victory":true,"max_hp_per_floor":[68,68,68,68,68,68,68,78,78,78,78,78,78,78,78,78,78,78,78,78,78,78,78,78,78,78,80,80,80,82,82,82,84,84,84,86,86,86,86,86,86,100,100,102,102,102,102,102,102,102],"card_choices":[{"not_picked":["Skim","Rip and Tear"],"picked":"Cold Snap","floor":1},{"not_picked":["Stack","Steam"],"picked":"Self Repair","floor":2},{"not_picked":["Skim","FTL"],"picked":"Streamline","floor":5},{"not_picked":["Go for the Eyes","Buffer"],"picked":"Biased Cognition","floor":6},{"not_picked":["Cold Snap","Conserve Battery"],"picked":"Compile Driver","floor":8},{"not_picked":["Turbo","Hello World"],"picked":"Beam Cell+1","floor":11},{"not_picked":["Redo","FTL+1"],"picked":"Defragment","floor":12},{"not_picked":["Gash+1","Barrage+1"],"picked":"Go for the Eyes+1","floor":13},{"not_picked":["Thunder Strike+1","Fission"],"picked":"Echo Form","floor":16},{"not_picked":["Gash+1"],"picked":"SKIP","floor":18},{"not_picked":[],"picked":"Hologram","floor":19},{"not_picked":["Hologram"],"picked":"SKIP","floor":20},{"not_picked":[],"picked":"Self Repair+1","floor":22},{"not_picked":["Darkness"],"picked":"SKIP","floor":23},{"not_picked":[],"picked":"Compile Driver+1","floor":25},{"not_picked":["Stack"],"picked":"Singing Bowl","floor":27},{"not_picked":["Sweeping Beam+1"],"picked":"Singing Bowl","floor":30},{"not_picked":[],"picked":"White Noise","floor":31},{"not_picked":["Amplify"],"picked":"Singing Bowl","floor":33},{"not_picked":[],"picked":"Tempest","floor":35},{"not_picked":["Turbo+1"],"picked":"Singing Bowl","floor":36},{"not_picked":[],"picked":"Double Energy","floor":41},{"not_picked":["Hyperbeam+1"],"picked":"Singing Bowl","floor":44},{"not_picked":[],"picked":"BootSequence","floor":48}],"player_experience":155271,"relics_obtained":[{"floor":6,"key":"Lantern"},{"floor":8,"key":"Pear"},{"floor":9,"key":"Molten Egg 2"},{"floor":12,"key":"Dodecahedron"},{"floor":23,"key":"Gremlin Horn"},{"floor":26,"key":"Singing Bowl"},{"floor":31,"key":"Letter Opener"},{"floor":41,"key":"Dream Catcher"},{"floor":43,"key":"Bronze Scales"},{"floor":44,"key":"Meat on the Bone"}],"event_choices":[{"damage_healed":0,"gold_gain":175,"player_choice":"AGREE","damage_taken":0,"max_hp_gain":0,"max_hp_loss":0,"event_name":"Liars Game","floor":3,"gold_loss":0,"cards_obtained":["Doubt"]},{"damage_healed":0,"gold_gain":0,"player_choice":"Full Heal","damage_taken":0,"max_hp_gain":0,"max_hp_loss":0,"event_name":"Wheel of Change","floor":21,"gold_loss":0},{"damage_healed":0,"gold_gain":0,"player_choice":"Ignored","damage_taken":0,"max_hp_gain":0,"max_hp_loss":0,"event_name":"Tomb of Lord Red Mask","floor":37,"gold_loss":0},{"damage_healed":0,"gold_gain":999,"player_choice":"Gold","damage_taken":0,"max_hp_gain":0,"max_hp_loss":0,"event_name":"MindBloom","floor":38,"gold_loss":0,"cards_obtained":["Normality","Normality"]},{"cards_removed":["Strike_B"],"damage_healed":0,"gold_gain":0,"player_choice":"Removed Attack","damage_taken":0,"max_hp_gain":0,"max_hp_loss":0,"event_name":"Falling","floor":46,"gold_loss":0}],"is_beta":false,"boss_relics":[{"not_picked":["Inserter","Velvet Choker"],"picked":"Busted Crown"},{"not_picked":["Philosopher\u0027s Stone","Lizard Tail"],"picked":"FrozenCore"}],"items_purged_floors":[4,28,39,42],"is_endless":false,"potions_floor_spawned":[1,5,12,16,18,19,30,31,33,36,44],"ascension_level":1}