{"gold_per_floor":[112,66,77,77,96,96,109,34,34,51,1,1,25,37,37,136,136,155,155,165,41,41,59,91,91,118,18,18,18,38,50,50,50],"floor_reached":33,"playtime":2180,"items_purged":["Strike_R","Strike_R"],"score":386,"play_id":"90579b08-199c-40c9-b884-bdd117bdffb2","local_time":"20190122095442","is_ascension_mode":true,"campfire_choices":[{"data":"Seeing Red","floor":6,"key":"SMITH"},{"data":"Dual Wield","floor":15,"key":"SMITH"},{"floor":25,"key":"REST"},{"floor":29,"key":"REST"},{"floor":32,"key":"REST"}],"neow_cost":"NONE","seed_source_timestamp":919477960477966,"circlet_count":0,"master_deck":["AscendersBane","Defend_R","Defend_R","Defend_R","Defend_R","Bash","Fire Breathing","Twin Strike","Anger","Cleave","Seeing Red+1","Twin Strike","Sword Boomerang","Rampage","Dual Wield+1","Reaper","Shrug It Off","Rampage+1","Inflame","Shrug It Off","Shame","Twin Strike+1","Pommel Strike","Double Tap"],"relics":["Burning Blood","Odd Mushroom","Sozu","Blue Candle","Nunchaku","Vajra"],"potions_floor_usage":[13,14,16,24],"damage_taken":[{"damage":5,"enemies":"Cultist","floor":1,"turns":5},{"damage":2,"enemies":"2 Louse","floor":3,"turns":3},{"damage":7,"enemies":"Jaw Worm","floor":5,"turns":3},{"damage":11,"enemies":"Blue Slaver","floor":7,"turns":3},{"damage":9,"enemies":"Exordium Wildlife","floor":10,"turns":4},{"damage":0,"enemies":"The Mushroom Lair","floor":13,"turns":2},{"damage":0,"enemies":"Gremlin Gang","floor":14,"turns":3},{"damage":67,"enemies":"Slime Boss","floor":16,"turns":11},{"damage":26,"enemies":"3 Byrds","floor":18,"turns":4},{"damage":21,"enemies":"Shell Parasite","floor":20,"turns":5},{"damage":9,"enemies":"Snecko","floor":23,"turns":3},{"damage":82,"enemies":"Book of Stabbing","floor":24,"turns":5},{"damage":21,"enemies":"Cultist and Chosen","floor":30,"turns":5},{"damage":40,"enemies":"Centurion and Healer","floor":31,"turns":5},{"damage":49,"enemies":"Collector","floor":33,"turns":3}],"seed_played":"5569861980665342277","potions_obtained":[{"floor":1,"key":"SteroidPotion"},{"floor":3,"key":"Fire Potion"},{"floor":7,"key":"BloodPotion"},{"floor":16,"key":"FearPotion"}],"is_trial":false,"path_per_floor":["M","$","M","?","M","R","M","$","T","M","?","?","?","M","R","B",null,"M","?","M","$","?","M","E","R","T","$","$","R","M","M","R","B"],"character_chosen":"IRONCLAD","items_purchased":["Anger","Inflame","Shrug It Off"],"campfire_rested":3,"item_purchase_floors":[2,21,21],"current_hp_per_floor":[73,73,77,77,76,76,71,71,71,68,68,68,74,80,80,27,67,55,80,65,65,65,77,10,34,34,34,34,58,57,23,47,0],"gold":50,"neow_bonus":"TRANSFORM_CARD","is_prod":false,"is_daily":false,"chose_seed":false,"campfire_upgraded":2,"win_rate":0,"timestamp":1548143682,"path_taken":["M","$","M","?","?","R","M","?","T","M","?","?","?","M","R","BOSS","M","?","M","$","?","M","E","R","T","?","$","R","M","M","R","BOSS"],"build_version":"2019-01-17v2","purchased_purges":2,"victory":false,"max_hp_per_floor":[80,80,80,80,80,80,80,80,80,80,80,80,80,80,80,80,80,80,80,80,80,80,80,80,80,80,80,80,80,80,80,80,80],"card_choices":[{"not_picked":["Second Wind","Heavy Blade"],"picked":"Twin Strike","floor":1},{"not_picked":["Perfected Strike","Havoc"],"picked":"Cleave","floor":3},{"not_picked":["Dual Wield","Entrench"],"picked":"Seeing Red","floor":5},{"not_picked":["Perfected Strike","Reckless Charge"],"picked":"Twin Strike","floor":7},{"not_picked":["Disarm","Twin Strike"],"picked":"Sword Boomerang","floor":10},{"not_picked":["Perfected Strike","Warcry"],"picked":"Rampage","floor":13},{"not_picked":["Heavy Blade","Thunderclap"],"picked":"Dual Wield","floor":14},{"not_picked":["Berserk","Offering"],"picked":"Reaper","floor":16},{"not_picked":["Havoc","Evolve+1"],"picked":"Shrug It Off","floor":18},{"not_picked":["Thunderclap","Fire Breathing"],"picked":"Rampage+1","floor":20},{"not_picked":["Rupture","Clash","Body Slam+1"],"picked":"SKIP","floor":23},{"not_picked":["Clothesline","Corruption"],"picked":"Twin Strike+1","floor":24},{"not_picked":["Warcry","Thunderclap"],"picked":"Pommel Strike","floor":30},{"not_picked":["Clash","Wild Strike+1"],"picked":"Double Tap","floor":31}],"player_experience":343637,"relics_obtained":[{"floor":13,"key":"Odd Mushroom"},{"floor":24,"key":"Nunchaku"},{"floor":26,"key":"Vajra"}],"event_choices":[{"cards_removed":["Strike_R"],"damage_healed":0,"gold_gain":0,"player_choice":"Offered Basic","damage_taken":0,"max_hp_gain":0,"max_hp_loss":0,"event_name":"Bonfire Elementals","floor":4,"gold_loss":0},{"cards_removed":["Strike_R"],"damage_healed":0,"gold_gain":0,"player_choice":"Card Removal","damage_taken":0,"max_hp_gain":0,"max_hp_loss":0,"event_name":"The Cleric","floor":11,"gold_loss":50},{"damage_healed":0,"gold_gain":0,"player_choice":"Ignored","damage_taken":0,"max_hp_gain":0,"max_hp_loss":0,"event_name":"Liars Game","floor":12,"gold_loss":0},{"damage_healed":0,"gold_gain":0,"player_choice":"Fought Mushrooms","damage_taken":0,"max_hp_gain":0,"max_hp_loss":0,"event_name":"Mushrooms","floor":13,"gold_loss":0},{"damage_healed":26,"gold_gain":0,"player_choice":"Heal","damage_taken":0,"max_hp_gain":0,"max_hp_loss":0,"event_name":"The Library","floor":19,"gold_loss":0},{"damage_healed":0,"gold_gain":0,"player_choice":"Stole Relic","damage_taken":0,"relics_obtained":["Blue Candle"],"max_hp_gain":0,"max_hp_loss":0,"event_name":"Addict","floor":22,"gold_loss":0,"cards_obtained":["Shame"]}],"is_beta":false,"boss_relics":[{"not_picked":["Empty Cage","Tiny House"],"picked":"Sozu"}],"items_purged_floors":[8,27],"is_endless":false,"potions_floor_spawned":[1,3,7,16,20,23,30,31],"killed_by":"Collector","ascension_level":10}