{"gold_per_floor":[113,128,76,76,41,68,87,106,180,180,180,180,180,196,196,196],"floor_reached":16,"playtime":326,"items_purged":[],"score":100,"play_id":"98d66dd1-7eec-4a4a-a5fd-cd9e06dd1a4b","local_time":"20190513203609","is_ascension_mode":false,"campfire_choices":[{"data":"Storm of Steel","floor":10,"key":"SMITH"},{"data":"Choke","floor":15,"key":"SMITH"}],"neow_cost":"NONE","seed_source_timestamp":8289484478200,"circlet_count":0,"master_deck":["Defend_G","Defend_G+1","Defend_G","Defend_G","Defend_G","Strike_G+1","Strike_G","Strike_G","Strike_G","Survivor","Neutralize","Storm of Steel+1","Flying Knee","Quick Slash","Choke+1","PiercingWail","Flying Knee"],"relics":["Ring of the Snake","Ginger","Pantograph","Mummified Hand"],"potions_floor_usage":[6,6,8,14],"damage_taken":[{"damage":6,"enemies":"2 Louse","floor":1,"turns":2},{"damage":11,"enemies":"Jaw Worm","floor":2,"turns":3},{"damage":32,"enemies":"Lagavulin","floor":6,"turns":7},{"damage":0,"enemies":"Cultist","floor":7,"turns":2},{"damage":12,"enemies":"2 Fungi Beasts","floor":8,"turns":2},{"damage":3,"enemies":"Looter","floor":14,"turns":3},{"damage":28,"enemies":"The Guardian","floor":16,"turns":9}],"seed_played":"7038499298787239884","potions_obtained":[{"floor":2,"key":"Weak Potion"},{"floor":7,"key":"Fire Potion"},{"floor":8,"key":"Swift Potion"}],"is_trial":false,"path_per_floor":["M","M","$","?","?","E","M","M","T","R","?","$","T","M","R","B"],"character_chosen":"THE_SILENT","items_purchased":["AttackPotion"],"campfire_rested":0,"item_purchase_floors":[3],"current_hp_per_floor":[64,53,53,46,63,31,31,19,19,19,5,5,5,2,2,0],"gold":196,"neow_bonus":"ONE_RANDOM_RARE_CARD","is_prod":false,"is_daily":false,"chose_seed":false,"campfire_upgraded":2,"win_rate":0,"timestamp":1557768969,"path_taken":["M","M","$","?","?","E","M","M","T","R","?","$","?","M","R","BOSS"],"build_version":"2019-01-23","purchased_purges":0,"victory":false,"max_hp_per_floor":[70,70,70,70,70,70,70,70,70,70,70,70,70,70,70,70],"card_choices":[{"not_picked":["All Out Attack","Dagger Spray"],"picked":"Flying Knee","floor":1},{"not_picked":["Cloak And Dagger","Expertise"],"picked":"Quick Slash","floor":2},{"not_picked":["Dodge and Roll","Predator"],"picked":"Choke","floor":6},{"not_picked":["Bane","Slice"],"picked":"PiercingWail","floor":7},{"not_picked":["Skewer","Endless Agony"],"picked":"Flying Knee","floor":8},{"not_picked":["Blade Dance","Slice","Escape Plan"],"picked":"SKIP","floor":14}],"player_experience":313999,"relics_obtained":[{"floor":6,"key":"Ginger"},{"floor":9,"key":"Pantograph"},{"floor":13,"key":"Mummified Hand"}],"event_choices":[{"cards_removed":["Strike_G"],"damage_healed":0,"gold_gain":0,"player_choice":"Card Removal","damage_taken":7,"max_hp_gain":0,"max_hp_loss":0,"event_name":"Golden Wing","floor":4,"gold_loss":0},{"damage_healed":17,"gold_gain":0,"player_choice":"Healed","damage_taken":0,"max_hp_gain":0,"max_hp_loss":0,"event_name":"The Cleric","floor":5,"gold_loss":35},{"damage_healed":0,"gold_gain":0,"player_choice":"Entered Light","damage_taken":14,"max_hp_gain":0,"max_hp_loss":0,"event_name":"Shining Light","floor":11,"gold_loss":0,"cards_upgraded":["Strike_G","Defend_G"]}],"is_beta":false,"boss_relics":[],"items_purged_floors":[],"is_endless":false,"potions_floor_spawned":[2,7,8],"killed_by":"The Guardian","ascension_level":0}