{"gold_per_floor":[109,109,119,119,119,147,147,166,166,185,218,232,251,278,278,278],"floor_reached":16,"playtime":799,"items_purged":[],"score":172,"play_id":"8f951e2f-30ad-45f5-9ef4-79a8ecf87f65","local_time":"20190519125731","is_ascension_mode":false,"campfire_choices":[{"data":"Double Energy","floor":7,"key":"SMITH"},{"floor":15,"key":"REST"}],"neow_cost":"NONE","seed_source_timestamp":238506316224095,"circlet_count":0,"master_deck":["Strike_B","Strike_B+1","Strike_B","Defend_B","Defend_B","Defend_B","Defend_B+1","Zap","Dualcast","Tempest","Coolheaded","Leap","Double Energy+1","Turbo","Turbo","Machine Learning","FTL","Turbo"],"relics":["Cracked Core","NeowsBlessing","Symbiotic Virus","Anchor","Happy Flower","Blue Candle","Bottled Lightning"],"potions_floor_usage":[11,11,14],"damage_taken":[{"damage":0,"enemies":"2 Louse","floor":1,"turns":1},{"damage":0,"enemies":"Small Slimes","floor":3,"turns":1},{"damage":0,"enemies":"Lagavulin","floor":6,"turns":1},{"damage":0,"enemies":"Cultist","floor":8,"turns":4},{"damage":0,"enemies":"Blue Slaver","floor":10,"turns":3},{"damage":0,"enemies":"3 Sentries","floor":11,"turns":7},{"damage":0,"enemies":"2 Fungi Beasts","floor":12,"turns":4},{"damage":0,"enemies":"Looter","floor":13,"turns":2},{"damage":24,"enemies":"Gremlin Nob","floor":14,"turns":4},{"damage":51,"enemies":"Hexaghost","floor":16,"turns":11}],"seed_played":"2326478511257830198","potions_obtained":[{"floor":1,"key":"FocusPotion"},{"floor":6,"key":"Fire Potion"},{"floor":10,"key":"Fire Potion"},{"floor":12,"key":"Strength Potion"},{"floor":13,"key":"FearPotion"}],"is_trial":false,"path_per_floor":["M","?","M","?","?","E","R","M","T","M","E","M","M","E","R","B"],"character_chosen":"DEFECT","items_purchased":[],"campfire_rested":1,"item_purchase_floors":[],"current_hp_per_floor":[75,68,68,53,53,53,53,53,53,53,53,53,53,29,51,0],"gold":278,"neow_bonus":"THREE_ENEMY_KILL","is_prod":false,"is_daily":false,"chose_seed":false,"campfire_upgraded":1,"win_rate":0.0,"timestamp":1558285051,"path_taken":["M","?","M","?","?","E","R","M","T","M","E","M","M","E","R","BOSS"],"build_version":"2019-01-23","purchased_purges":0,"victory":false,"max_hp_per_floor":[75,75,75,75,75,75,75,75,75,75,75,75,75,75,75,75],"card_choices":[{"not_picked":["Coolheaded","Force Field"],"picked":"Tempest","floor":1},{"not_picked":["Hello World","Leap"],"picked":"Coolheaded","floor":3},{"not_picked":["Beam Cell","Blizzard"],"picked":"Double Energy","floor":6},{"not_picked":["Hologram","Steam","Sweeping Beam"],"picked":"SKIP","floor":8},{"not_picked":["Streamline","Coolheaded"],"picked":"Turbo","floor":10},{"not_picked":["Storm","Ball Lightning"],"picked":"Turbo","floor":11},{"not_picked":["Skim","Capacitor"],"picked":"Machine Learning","floor":12},{"not_picked":["Storm","Cold Snap"],"picked":"FTL","floor":13},{"not_picked":["Barrage","Undo"],"picked":"Turbo","floor":14}],"player_experience":263807,"relics_obtained":[{"floor":6,"key":"Anchor"},{"floor":9,"key":"Happy Flower"},{"floor":11,"key":"Blue Candle"},{"floor":14,"key":"Bottled Lightning"}],"event_choices":[{"damage_healed":0,"gold_gain":0,"player_choice":"Success","damage_taken":7,"relics_obtained":["Symbiotic Virus"],"max_hp_gain":0,"max_hp_loss":0,"event_name":"Scrap Ooze","floor":2,"gold_loss":0},{"damage_healed":0,"gold_gain":0,"player_choice":"Entered Light","damage_taken":15,"max_hp_gain":0,"max_hp_loss":0,"event_name":"Shining Light","floor":4,"gold_loss":0,"cards_upgraded":["Strike_B","Defend_B"]},{"damage_healed":0,"gold_gain":0,"cards_transformed":["Strike_B"],"player_choice":"Transformed","damage_taken":0,"max_hp_gain":0,"max_hp_loss":0,"event_name":"Transmorgrifier","floor":5,"gold_loss":0,"cards_obtained":["Leap"]}],"is_beta":false,"boss_relics":[],"items_purged_floors":[],"is_endless":false,"potions_floor_spawned":[1,6,10,12,13],"killed_by":"Hexaghost","ascension_level":0}