{"gold_per_floor":[115,290,307,319,331,365,365,440,440,471,471,485,501,515,515,515],"floor_reached":16,"playtime":2046,"items_purged":[],"score":114,"play_id":"36ab4e43-b94d-4f25-9e84-ab377cf4b6d6","local_time":"20180704221355","is_ascension_mode":false,"campfire_choices":[{"floor":7,"key":"REST"},{"floor":15,"key":"REST"}],"neow_cost":"","seed_source_timestamp":1812790438569564,"circlet_count":0,"master_deck":["Defend_G","Defend_G","Defend_G","Defend_G","Defend_G","Strike_G","Strike_G","Strike_G","Strike_G","Strike_G","Survivor","Neutralize","Outmaneuver","Doubt","Deadly Poison","Poisoned Stab","Deadly Poison","Dodge and Roll","Tools of the Trade","Acrobatics","Poisoned Stab","Escape Plan"],"relics":["Ring of the Snake","Bronze Scales","Oddly Smooth Stone","Gremlin Horn","Darkstone Periapt"],"potions_floor_usage":[6,10,13,13],"damage_taken":[{"damage":0,"enemies":"2 Louse","floor":1,"turns":5},{"damage":9,"enemies":"Jaw Worm","floor":3,"turns":6},{"damage":0,"enemies":"Cultist","floor":4,"turns":5},{"damage":1,"enemies":"3 Louse","floor":5,"turns":4},{"damage":23,"enemies":"3 Sentries","floor":6,"turns":11},{"damage":8,"enemies":"Gremlin Nob","floor":10,"turns":4},{"damage":6,"enemies":"Blue Slaver","floor":12,"turns":3},{"damage":2,"enemies":"Large Slime","floor":13,"turns":7},{"damage":2,"enemies":"Looter","floor":14,"turns":3},{"damage":50,"enemies":"Slime Boss","floor":16,"turns":10}],"seed_played":"-7463213292219347364","potions_obtained":[{"floor":3,"key":"EssenceOfSteel"},{"floor":4,"key":"Energy Potion"},{"floor":5,"key":"FearPotion"},{"floor":12,"key":"Swift Potion"}],"is_trial":false,"path_per_floor":["M","?","M","M","M","E","R","?","T","E","T","M","M","M","R"],"character_chosen":"THE_SILENT","items_purchased":[],"campfire_rested":2,"item_purchase_floors":[],"current_hp_per_floor":[70,70,61,61,60,37,58,47,47,39,39,33,31,29,50,0],"gold":515,"neow_bonus":"","is_prod":false,"is_daily":false,"chose_seed":false,"campfire_upgraded":0,"win_rate":0.0,"timestamp":1530756835,"path_taken":["M","?","M","M","M","E","R","?","T","E","?","M","M","M","R","BOSS"],"build_version":"2018-06-28","purchased_purges":0,"victory":false,"max_hp_per_floor":[70,70,70,70,70,70,70,70,70,70,70,70,70,70,70,70],"card_choices":[{"not_picked":["PiercingWail","Heel Hook"],"picked":"Outmaneuver","floor":1},{"not_picked":["Poisoned Stab","Distraction"],"picked":"Deadly Poison","floor":3},{"not_picked":["Riddle With Holes","Flying Knee"],"picked":"Poisoned Stab","floor":4},{"not_picked":["Caltrops","Outmaneuver"],"picked":"Deadly Poison","floor":5},{"not_picked":["Footwork","Underhanded Strike"],"picked":"Dodge and Roll","floor":6},{"not_picked":["Quick Slash","Acrobatics"],"picked":"Tools of the Trade","floor":10},{"not_picked":["PiercingWail","Skewer"],"picked":"Acrobatics","floor":12},{"not_picked":["Quick Slash","Outmaneuver"],"picked":"Poisoned Stab","floor":13},{"not_picked":["PiercingWail","Skewer"],"picked":"Escape Plan","floor":14}],"player_experience":47014,"relics_obtained":[{"floor":6,"key":"Bronze Scales"},{"floor":9,"key":"Oddly Smooth Stone"},{"floor":10,"key":"Gremlin Horn"},{"floor":11,"key":"Darkstone Periapt"}],"event_choices":[{"event_name":"Liars Game","player_choice":"agreed","floor":2,"damage_taken":0},{"event_name":"World of Goop","player_choice":"Gather Gold","floor":8,"damage_taken":0}],"boss_relics":[],"items_purged_floors":[],"is_endless":false,"potions_floor_spawned":[3,4,5,12],"killed_by":"Slime Boss","ascension_level":0}