{"gold_per_floor":[116,128,147,46,66,66,66,8,31,31,31,31,65,77,77,77],"floor_reached":16,"playtime":967,"items_purged":["Shame"],"score":200,"play_id":"5a2064c5-a3b9-44fc-b5f8-a8a27e65d743","local_time":"20190423222837","is_ascension_mode":true,"campfire_choices":[{"floor":6.0,"key":"REST"},{"floor":12.0,"key":"REST"},{"floor":15,"key":"REST"}],"neow_cost":"CURSE","seed_source_timestamp":1127092243430470,"circlet_count":0,"master_deck":["AscendersBane","Strike_B","Strike_B","Defend_B+1","Defend_B+1","Defend_B","Defend_B","Zap","Dualcast","Melter","Glacier","Glacier","Melter","Ball Lightning","Conserve Battery","Defragment"],"special_seed":0,"relics":["Cracked Core","Juzu Bracelet","Ancient Tea Set"],"potions_floor_usage":[13,13],"damage_taken":[{"damage":9.0,"enemies":"Cultist","floor":1.0,"turns":5.0},{"damage":12.0,"enemies":"Small Slimes","floor":2.0,"turns":4.0},{"damage":1.0,"enemies":"Jaw Worm","floor":3.0,"turns":4.0},{"damage":6.0,"enemies":"Blue Slaver","floor":5.0,"turns":3.0},{"damage":14,"enemies":"Gremlin Nob","floor":13,"turns":3},{"damage":0,"enemies":"Looter","floor":14,"turns":4},{"damage":71,"enemies":"Hexaghost","floor":16,"turns":16}],"seed_played":"2916919041975691461","potions_obtained":[{"floor":1.0,"key":"FearPotion"},{"floor":3.0,"key":"SkillPotion"}],"is_trial":false,"path_per_floor":["M","M","M","$","M","R","?","?","T","$","?","R","E","M","R","B"],"character_chosen":"DEFECT","items_purchased":["Conserve Battery"],"campfire_rested":3,"item_purchase_floors":[4],"current_hp_per_floor":[55,43,42,42,36,57,36,36,36,36,36,57,43,43,64,0],"gold":77,"neow_bonus":"TRANSFORM_TWO_CARDS","is_prod":false,"is_daily":false,"chose_seed":false,"campfire_upgraded":0,"win_rate":0,"timestamp":1556047717,"path_taken":["M","?","M","$","M","R","?","?","T","?","?","R","E","M","R","BOSS"],"build_version":"2019-01-23","purchased_purges":1,"victory":false,"max_hp_per_floor":[71,71,71,71,71,71,71,71,71,71,71,71,71,71,71,71],"card_choices":[{"not_picked":["Beam Cell","Ball Lightning"],"picked":"Glacier","floor":1.0},{"not_picked":["Turbo","Hologram"],"picked":"Melter","floor":2.0},{"not_picked":["Capacitor","Gash"],"picked":"Ball Lightning","floor":3.0},{"not_picked":["Stack","Redo","Ball Lightning"],"picked":"SKIP","floor":5.0},{"not_picked":["Leap","Sweeping Beam"],"picked":"Defragment","floor":13},{"not_picked":["Biased Cognition","FTL","Sweeping Beam"],"picked":"SKIP","floor":14}],"player_experience":838388,"relics_obtained":[{"floor":9.0,"key":"Juzu Bracelet"},{"floor":13,"key":"Ancient Tea Set"}],"event_choices":[{"damage_healed":0.0,"max_hp_gain":0.0,"max_hp_loss":0.0,"gold_gain":0.0,"event_name":"Shining Light","player_choice":"Entered Light","floor":7.0,"gold_loss":0.0,"damage_taken":21.0,"cards_upgraded":["Defend_B","Defend_B"]},{"damage_healed":0.0,"max_hp_gain":0.0,"max_hp_loss":0.0,"gold_gain":0.0,"event_name":"World of Goop","player_choice":"Left Gold","floor":8.0,"gold_loss":58.0,"damage_taken":0.0},{"damage_healed":0.0,"max_hp_gain":0.0,"max_hp_loss":0.0,"gold_gain":0.0,"event_name":"Liars Game","player_choice":"Ignored","floor":11.0,"gold_loss":0.0,"damage_taken":0.0}],"is_beta":false,"boss_relics":[],"items_purged_floors":[4],"is_endless":false,"potions_floor_spawned":[1,3],"killed_by":"Hexaghost","ascension_level":20}