{"gold_per_floor":[116,191,66,86,103,103,135,151,151,151,151,186,186,220,220,220],"floor_reached":16,"playtime":633,"items_purged":[],"score":136,"play_id":"d4395c0b-8058-443c-a836-f643f2416ce8","local_time":"20181205094357","is_ascension_mode":true,"campfire_choices":[{"data":"Sunder","floor":6,"key":"SMITH"},{"floor":11,"key":"REST"},{"floor":13,"key":"REST"},{"data":"Loop","floor":15,"key":"SMITH"}],"neow_cost":"NONE","seed_source_timestamp":4457361284061,"circlet_count":0,"master_deck":["Strike_B","Strike_B","Strike_B","Strike_B","Defend_B","Defend_B","Defend_B","Defend_B","Zap","Dualcast","Steam","Sunder+1","Coolheaded","Sweeping Beam","Streamline","Loop+1","Leap","Compile Driver","Compile Driver"],"relics":["Cracked Core","Pen Nib","Omamori","Kunai","WingedGreaves","Orichalcum"],"potions_floor_usage":[14,16,16],"damage_taken":[{"damage":0,"enemies":"Small Slimes","floor":1,"turns":2},{"damage":6,"enemies":"2 Louse","floor":4,"turns":2},{"damage":0,"enemies":"Cultist","floor":5,"turns":3},{"damage":38,"enemies":"Lagavulin","floor":7,"turns":5},{"damage":11,"enemies":"Looter","floor":8,"turns":2},{"damage":25,"enemies":"Gremlin Nob","floor":12,"turns":4},{"damage":25,"enemies":"Lagavulin","floor":14,"turns":4},{"damage":28,"enemies":"The Guardian","floor":16,"turns":8}],"seed_played":"-55826541682017176","potions_obtained":[{"floor":4,"key":"Dexterity Potion"},{"floor":12,"key":"Poison Potion"},{"floor":14,"key":"AttackPotion"}],"is_trial":false,"path_per_floor":["M","?","$","M","M","R","E","M","T","?","R","E","R","E","R","B"],"character_chosen":"DEFECT","items_purchased":["Sunder","Coolheaded"],"campfire_rested":2,"item_purchase_floors":[3,3],"current_hp_per_floor":[75,64,64,58,58,58,20,9,9,34,56,31,53,28,28,0],"gold":220,"neow_bonus":"RANDOM_COMMON_RELIC","is_prod":false,"is_daily":false,"chose_seed":false,"campfire_upgraded":2,"win_rate":0,"timestamp":1544021037,"path_taken":["M","?","$","M","M","R","E","M","T","?","R","E","R","E","R","BOSS"],"build_version":"2018-11-15","purchased_purges":0,"victory":false,"max_hp_per_floor":[75,75,75,75,75,75,75,75,75,75,75,75,75,75,75,75],"card_choices":[{"not_picked":["Gash","Static Discharge"],"picked":"Steam","floor":1},{"not_picked":["Turbo","Leap"],"picked":"Sweeping Beam","floor":4},{"not_picked":["Gash","Storm"],"picked":"Streamline","floor":5},{"not_picked":["Rebound","Streamline"],"picked":"Loop","floor":7},{"not_picked":["Rainbow","Streamline"],"picked":"Leap","floor":8},{"not_picked":["Turbo","Streamline"],"picked":"Compile Driver","floor":12},{"not_picked":["Melter","Amplify"],"picked":"Compile Driver","floor":14}],"player_experience":276353,"relics_obtained":[{"floor":7,"key":"Omamori"},{"floor":9,"key":"Kunai"},{"floor":12,"key":"WingedGreaves"},{"floor":14,"key":"Orichalcum"}],"event_choices":[{"damage_healed":0,"gold_gain":75,"player_choice":"Gather Gold","damage_taken":11,"max_hp_gain":0,"max_hp_loss":0,"event_name":"World of Goop","floor":2,"gold_loss":0},{"damage_healed":25,"gold_gain":0,"player_choice":"Banana","damage_taken":0,"max_hp_gain":0,"max_hp_loss":0,"event_name":"Big Fish","floor":10,"gold_loss":0}],"is_beta":false,"boss_relics":[],"items_purged_floors":[],"is_endless":false,"potions_floor_spawned":[4,12,14],"killed_by":"The Guardian","ascension_level":3}