{"gold_per_floor":[119,119,194,119,142,142,142,142,142,176,63,79,112,132,132,255,255,274,89,89,102,152,195,195,73,73,73,73,86,86,107,107,226,226,240,240,240,264,264,264],"floor_reached":40,"playtime":727,"items_purged":["Injury"],"score":435,"play_id":"4d8cfe8f-e4ac-409d-8f3b-fdf68bc6876d","local_time":"20190510205737","is_ascension_mode":false,"campfire_choices":[{"data":"Demon Form","floor":6,"key":"SMITH"},{"data":"Offering","floor":15,"key":"SMITH"},{"data":"Whirlwind","floor":24,"key":"SMITH"},{"data":"Inflame","floor":27,"key":"SMITH"},{"data":"Spot Weakness","floor":32,"key":"SMITH"}],"neow_cost":"NONE","seed_source_timestamp":307449416000,"circlet_count":0,"master_deck":["Strike_R+1","Strike_R+1","Strike_R+1","Strike_R+1","Strike_R+1","Defend_R+1","Defend_R+1","Defend_R+1","Bash+1","Cleave+1","Demon Form+1","Cleave+1","Offering+1","Inflame+1","Wild Strike+1","Cleave+1","Twin Strike+1","Spot Weakness+1","Whirlwind+1","Clash+1","Decay","Thunderclap+1","Demon Form+1","Clash+1","Demon Form+1","Flex+1","Writhe"],"relics":["Burning Blood","NeowsBlessing","Golden Idol","Ornamental Fan","The Courier","Self Forming Clay","Cursed Key","Red Skull","Strawberry","Boot","Mummified Hand","Philosopher\u0027s Stone","Mark of the Bloom","Gremlin Horn"],"potions_floor_usage":[23,23,40],"damage_taken":[{"damage":0,"enemies":"Cultist","floor":1,"turns":1},{"damage":0,"enemies":"Jaw Worm","floor":5,"turns":1},{"damage":0,"enemies":"Gremlin Nob","floor":10,"turns":1},{"damage":0,"enemies":"2 Louse","floor":12,"turns":2},{"damage":32,"enemies":"Lagavulin","floor":13,"turns":5},{"damage":14,"enemies":"Exordium Thugs","floor":14,"turns":4},{"damage":37,"enemies":"Hexaghost","floor":16,"turns":6},{"damage":8,"enemies":"Spheric Guardian","floor":18,"turns":3},{"damage":14,"enemies":"Shell Parasite","floor":21,"turns":3},{"damage":43,"enemies":"Slavers","floor":23,"turns":4},{"damage":19,"enemies":"Snake Plant","floor":29,"turns":3},{"damage":6,"enemies":"Centurion and Healer","floor":31,"turns":2},{"damage":25,"enemies":"Automaton","floor":33,"turns":5},{"damage":24,"enemies":"3 Shapes","floor":35,"turns":1},{"damage":4,"enemies":"Orb Walker","floor":38,"turns":3},{"damage":86,"enemies":"Nemesis","floor":40,"turns":4}],"seed_played":"837685315952909716","potions_obtained":[{"floor":12,"key":"Energy Potion"},{"floor":14,"key":"Dexterity Potion"},{"floor":18,"key":"FearPotion"},{"floor":29,"key":"SpeedPotion"},{"floor":38,"key":"Swift Potion"}],"is_trial":false,"path_per_floor":["M","?","?","$","M","R","$","?","T","E","$","M","E","M","R","B",null,"M","$","?","M","?","E","R","$","T","R","$","M","?","M","R","B",null,"M","?","?","M","T","E"],"character_chosen":"IRONCLAD","items_purchased":["Offering","Inflame","Red Skull","Spot Weakness","Boot"],"campfire_rested":0,"item_purchase_floors":[11,11,19,19,25],"current_hp_per_floor":[80,80,69,69,75,75,75,75,75,80,80,80,54,46,46,15,80,78,78,78,70,70,40,40,40,40,40,40,27,27,27,27,8,87,69,69,69,65,65,0],"gold":264,"neow_bonus":"THREE_ENEMY_KILL","is_prod":false,"is_daily":false,"chose_seed":false,"campfire_upgraded":5,"win_rate":0,"timestamp":1557511057,"path_taken":["M","?","?","$","M","R","?","?","T","E","$","?","E","M","R","BOSS","M","$","?","?","?","E","R","?","T","R","$","M","?","?","R","BOSS","M","?","?","M","?","E"],"build_version":"2019-01-23","purchased_purges":1,"victory":false,"max_hp_per_floor":[80,80,80,80,80,80,80,80,80,80,80,80,80,80,80,80,80,80,80,80,80,80,87,87,87,87,87,87,87,87,87,87,87,87,87,87,87,87,87,87],"card_choices":[{"not_picked":["Anger","Shrug It Off"],"picked":"Cleave","floor":1},{"not_picked":["Anger","Heavy Blade"],"picked":"Demon Form","floor":5},{"not_picked":["Immolate","Reckless Charge"],"picked":"Cleave","floor":10},{"not_picked":["Headbutt","Blood for Blood"],"picked":"Wild Strike","floor":12},{"not_picked":["Evolve","Sword Boomerang"],"picked":"Cleave","floor":13},{"not_picked":["Fire Breathing","Bloodletting"],"picked":"Twin Strike","floor":14},{"not_picked":["Iron Wave","Wild Strike","Metallicize"],"picked":"SKIP","floor":18},{"not_picked":["Rampage","Rupture+1"],"picked":"Whirlwind","floor":21},{"not_picked":["Body Slam","Hemokinesis+1"],"picked":"Clash","floor":23},{"not_picked":["Warcry+1","Rupture"],"picked":"Thunderclap","floor":29},{"not_picked":["Headbutt","Twin Strike"],"picked":"Clash","floor":31},{"not_picked":["Feed","Juggernaut"],"picked":"Demon Form","floor":33},{"not_picked":["Heavy Blade","Perfected Strike+1"],"picked":"Flex","floor":35},{"not_picked":["Havoc","Rage+1","Cleave"],"picked":"SKIP","floor":38}],"player_experience":308064,"relics_obtained":[{"floor":9,"key":"Ornamental Fan"},{"floor":10,"key":"The Courier"},{"floor":13,"key":"Self Forming Clay"},{"floor":23,"key":"Strawberry"},{"floor":26,"key":"Mummified Hand"},{"floor":39,"key":"Gremlin Horn"}],"event_choices":[{"damage_healed":0,"gold_gain":0,"player_choice":"Take Wound","damage_taken":0,"relics_obtained":["Golden Idol"],"max_hp_gain":0,"max_hp_loss":0,"event_name":"Golden Idol","floor":2,"gold_loss":0,"cards_obtained":["Injury"]},{"damage_healed":0,"gold_gain":75,"player_choice":"Gather Gold","damage_taken":11,"max_hp_gain":0,"max_hp_loss":0,"event_name":"World of Goop","floor":3,"gold_loss":0},{"cards_removed":["Defend_R"],"damage_healed":0,"gold_gain":0,"player_choice":"Purged","damage_taken":0,"max_hp_gain":0,"max_hp_loss":0,"event_name":"Purifier","floor":8,"gold_loss":0},{"damage_healed":0,"gold_gain":0,"player_choice":"Got Potions","damage_taken":0,"max_hp_gain":0,"max_hp_loss":0,"event_name":"Lab","floor":20,"gold_loss":0},{"damage_healed":0,"gold_gain":100,"player_choice":"Bet on Murderer","damage_taken":0,"max_hp_gain":0,"max_hp_loss":0,"event_name":"The Joust","floor":22,"gold_loss":50},{"damage_healed":0,"gold_gain":0,"player_choice":"Copied","damage_taken":0,"max_hp_gain":0,"max_hp_loss":0,"event_name":"Duplicator","floor":30,"gold_loss":0,"cards_obtained":["Demon Form"]},{"damage_healed":0,"gold_gain":0,"player_choice":"Upgrade","damage_taken":0,"relics_obtained":["Mark of the Bloom"],"max_hp_gain":0,"max_hp_loss":0,"event_name":"MindBloom","floor":36,"gold_loss":0,"cards_upgraded":["Strike_R","Strike_R","Strike_R","Strike_R","Strike_R","Defend_R","Defend_R","Defend_R","Bash","Cleave","Cleave","Wild Strike","Cleave","Twin Strike","Clash","Thunderclap","Clash","Demon Form","Flex"]},{"damage_healed":0,"gold_gain":0,"player_choice":"Ignored","damage_taken":0,"max_hp_gain":0,"max_hp_loss":0,"event_name":"Mysterious Sphere","floor":37,"gold_loss":0}],"is_beta":false,"boss_relics":[{"not_picked":["Black Blood","Mark of Pain"],"picked":"Cursed Key"},{"not_picked":["Lizard Tail","Runic Cube"],"picked":"Philosopher\u0027s Stone"}],"items_purged_floors":[4],"is_endless":false,"potions_floor_spawned":[12,14,18,29,38],"killed_by":"Nemesis","ascension_level":0}