{"gold_per_floor":[20,20,95,109,122,122,136,136,159,171,254,283,373,72,72,168,168,179,179,195,95,113,113,124,124,173,192,192,204,204,204,204,204],"floor_reached":33,"playtime":2759,"items_purged":["Strike_B","Defend_B"],"score":247,"play_id":"62988a9d-03b9-4ea1-bdb9-d5cdc1847a84","local_time":"20190518155537","is_ascension_mode":false,"campfire_choices":[{"data":"Hello World","floor":6.0,"key":"SMITH"},{"data":"Hologram","floor":8.0,"key":"SMITH"},{"floor":15,"key":"REST"},{"floor":23,"key":"REST"},{"data":"Secret Technique","floor":25,"key":"SMITH"},{"floor":28,"key":"REST"},{"data":"Turbo","floor":30,"key":"SMITH"},{"data":"Coolheaded","floor":32,"key":"SMITH"}],"neow_cost":"NO_GOLD","seed_source_timestamp":0,"circlet_count":0,"master_deck":["Strike_B","Strike_B","Strike_B","Defend_B","Defend_B","Defend_B","Zap","Dualcast","Hello World+1","Turbo+1","Turbo","Hologram+1","Heatsinks","Force Field","Echo Form+1","Secret Technique+1","Core Surge","Redo+1","Coolheaded+1"],"special_seed":0,"relics":["Cracked Core","Torii","MawBank","Tiny Chest","Cables","Lizard Tail","Bag of Marbles","Matryoshka"],"potions_floor_usage":[12,22,29,33,33,33],"damage_taken":[{"damage":0.0,"enemies":"2 Louse","floor":1.0,"turns":2.0},{"damage":6.0,"enemies":"Jaw Worm","floor":4.0,"turns":3.0},{"damage":0.0,"enemies":"Small Slimes","floor":5.0,"turns":2.0},{"damage":3.0,"enemies":"Exordium Wildlife","floor":7.0,"turns":5.0},{"damage":14.0,"enemies":"Lagavulin","floor":11.0,"turns":8.0},{"damage":4,"enemies":"Red Slaver","floor":12,"turns":5},{"damage":14,"enemies":"Hexaghost","floor":16,"turns":9},{"damage":15,"enemies":"Shell Parasite","floor":18,"turns":9},{"damage":11,"enemies":"Spheric Guardian","floor":20,"turns":5},{"damage":33,"enemies":"Centurion and Healer","floor":22,"turns":11},{"damage":3,"enemies":"Snecko","floor":24,"turns":7},{"damage":45,"enemies":"3 Cultists","floor":27,"turns":7},{"damage":11,"enemies":"Shelled Parasite and Fungi","floor":29,"turns":10},{"damage":64,"enemies":"Automaton","floor":33,"turns":8}],"seed_played":"-5855394134445944189","potions_obtained":[{"floor":1.0,"key":"Weak Potion"},{"floor":5.0,"key":"Dexterity Potion"},{"floor":11,"key":"LiquidBronze"},{"floor":16,"key":"SteroidPotion"},{"floor":22,"key":"SteroidPotion"},{"floor":27,"key":"Regen Potion"},{"floor":29,"key":"Explosive Potion"}],"is_trial":false,"path_per_floor":["M","?","?","M","M","R","M","R","T","?","E","M","T","$","R","B",null,"M","?","M","$","M","R","M","R","T","M","R","M","R","T","R","B"],"character_chosen":"DEFECT","items_purchased":["Echo Form","Secret Technique"],"campfire_rested":3,"item_purchase_floors":[14,14],"current_hp_per_floor":[75,75,64,58,58,58,55,55,55,55,41,37,37,37,59,45,75,60,60,49,49,16,38,35,35,35,31,53,57,57,57,57,0],"gold":204,"neow_bonus":"ONE_RARE_RELIC","is_prod":false,"is_daily":false,"chose_seed":false,"campfire_upgraded":5,"win_rate":0.0,"timestamp":1558209337,"path_taken":["M","?","?","M","M","R","M","R","T","?","E","M","?","?","R","BOSS","M","?","?","$","M","R","M","R","T","M","R","M","R","?","R","BOSS"],"build_version":"2019-01-23","purchased_purges":2,"victory":false,"max_hp_per_floor":[75,75,75,75,75,75,75,75,75,75,75,75,75,75,75,75,75,75,75,75,75,75,75,75,75,75,75,75,75,75,75,75,75],"card_choices":[{"not_picked":["Consume","Hologram"],"picked":"Hello World","floor":1.0},{"not_picked":["Beam Cell","Rip and Tear"],"picked":"Turbo","floor":4.0},{"not_picked":["Coolheaded","Rip and Tear"],"picked":"Turbo","floor":5.0},{"not_picked":["Scrape","Beam Cell"],"picked":"Hologram","floor":7.0},{"not_picked":["Reboot","Turbo"],"picked":"Heatsinks","floor":11},{"not_picked":["Beam Cell","Cold Snap"],"picked":"Force Field","floor":12},{"not_picked":["Meteor Strike","Multi-Cast"],"picked":"Core Surge","floor":16},{"not_picked":["Reinforced Body+1","Genetic Algorithm","Scrape+1"],"picked":"SKIP","floor":18},{"not_picked":["Leap+1","Rebound+1","Barrage"],"picked":"SKIP","floor":20},{"not_picked":["Streamline+1","Tempest","Reinforced Body"],"picked":"SKIP","floor":22},{"not_picked":["Rebound+1","Turbo"],"picked":"Redo+1","floor":24},{"not_picked":["Double Energy","Reinforced Body"],"picked":"Coolheaded","floor":27},{"not_picked":["Streamline","Rebound","Leap"],"picked":"SKIP","floor":29}],"player_experience":231941,"relics_obtained":[{"floor":9.0,"key":"MawBank"},{"floor":11,"key":"Tiny Chest"},{"floor":13,"key":"Cables"},{"floor":26,"key":"Bag of Marbles"},{"floor":31,"key":"Matryoshka"}],"event_choices":[{"damage_healed":0.0,"max_hp_gain":0.0,"max_hp_loss":0.0,"gold_gain":0.0,"event_name":"The Cleric","player_choice":"Leave","floor":2.0,"gold_loss":0.0,"damage_taken":0.0},{"damage_healed":0.0,"max_hp_gain":0.0,"max_hp_loss":0.0,"gold_gain":75.0,"event_name":"World of Goop","player_choice":"Gather Gold","floor":3.0,"gold_loss":0.0,"damage_taken":11.0},{"damage_healed":0.0,"max_hp_gain":0.0,"max_hp_loss":0.0,"gold_gain":0.0,"event_name":"Shining Light","player_choice":"Ignored","floor":10.0,"gold_loss":0.0,"damage_taken":0.0},{"damage_healed":0,"gold_gain":0,"player_choice":"Forge","damage_taken":0,"max_hp_gain":0,"max_hp_loss":0,"event_name":"Accursed Blacksmith","floor":19,"gold_loss":0,"cards_upgraded":["Echo Form"]}],"is_beta":false,"boss_relics":[{"not_picked":["White Beast Statue","Astrolabe"],"picked":"Lizard Tail"}],"items_purged_floors":[14,21],"is_endless":false,"potions_floor_spawned":[1,5,11,16,22,27,29],"killed_by":"Automaton","ascension_level":0}