{"gold_per_floor":[113,113,131,61,78,105,105,135,213,213,226,78,78,91,91,189,189,207,83,83,99,118,118,136,156,179,198,198,123,123,139,139,235,235,255,1254,909,926,926,926,938,948,948,566,584,596,30,48,48,48],"floor_reached":51,"playtime":3205,"items_purged":["Strike_G","Normality","Normality","Setup"],"score":1116,"play_id":"d8d47e60-3a7e-47cb-bb63-a2a534ad44fc","local_time":"20190224120018","is_ascension_mode":true,"campfire_choices":[{"floor":7.0,"key":"REST"},{"data":"Neutralize","floor":10.0,"key":"SMITH"},{"data":"Dash","floor":15.0,"key":"SMITH"},{"data":"Well Laid Plans","floor":23.0,"key":"SMITH"},{"data":"Cloak And Dagger","floor":28.0,"key":"SMITH"},{"floor":32.0,"key":"REST"},{"data":"Footwork","floor":40.0,"key":"SMITH"},{"floor":49,"key":"REST"}],"neow_cost":"NONE","seed_source_timestamp":593184826602628,"circlet_count":0,"master_deck":["AscendersBane","Defend_G+1","Defend_G+1","Defend_G+1","Defend_G+1","Defend_G+1","Strike_G+1","Survivor","Neutralize+1","PiercingWail","Dagger Throw","Quick Slash","Poisoned Stab","Corpse Explosion","Dash+1","Noxious Fumes+1","PiercingWail","Burst","Deflect","Well Laid Plans+1","Cloak And Dagger","Cloak And Dagger+1","Backflip","Calculated Gamble","Footwork+1","Adrenaline","Backflip","Noxious Fumes+1","Blade Dance+1","PiercingWail","Catalyst","Catalyst","Catalyst+1"],"special_seed":0,"relics":["Ring of the Snake","NeowsBlessing","Thread and Needle","Dream Catcher","Kunai","Philosopher\u0027s Stone","Oddly Smooth Stone","Lizard Tail","Singing Bowl","Art of War","Ornamental Fan","DollysMirror","Bag of Preparation"],"potions_floor_usage":[46],"damage_taken":[{"damage":0.0,"enemies":"2 Louse","floor":1.0,"turns":1.0},{"damage":0.0,"enemies":"Cultist","floor":3.0,"turns":1.0},{"damage":0.0,"enemies":"Jaw Worm","floor":5.0,"turns":1.0},{"damage":36.0,"enemies":"Gremlin Nob","floor":6.0,"turns":5.0},{"damage":19.0,"enemies":"3 Sentries","floor":8.0,"turns":13.0},{"damage":2.0,"enemies":"Lots of Slimes","floor":11.0,"turns":4.0},{"damage":0.0,"enemies":"Red Slaver","floor":14.0,"turns":3.0},{"damage":3.0,"enemies":"Hexaghost","floor":16.0,"turns":9.0},{"damage":10.0,"enemies":"Chosen","floor":18.0,"turns":5.0},{"damage":8.0,"enemies":"Shell Parasite","floor":21.0,"turns":6.0},{"damage":0.0,"enemies":"Centurion and Healer","floor":22.0,"turns":5.0},{"damage":10.0,"enemies":"Snecko","floor":24.0,"turns":7.0},{"damage":0.0,"enemies":"Snake Plant","floor":25.0,"turns":5.0},{"damage":0.0,"enemies":"3 Cultists","floor":27.0,"turns":4.0},{"damage":9.0,"enemies":"Snecko","floor":31.0,"turns":8.0},{"damage":0.0,"enemies":"Automaton","floor":33.0,"turns":15.0},{"damage":0.0,"enemies":"Orb Walker","floor":35.0,"turns":5.0},{"damage":18.0,"enemies":"3 Shapes","floor":38.0,"turns":7.0},{"damage":24.0,"enemies":"Transient","floor":41.0,"turns":5.0},{"damage":0.0,"enemies":"Spire Growth","floor":42.0,"turns":9.0},{"damage":16.0,"enemies":"Sphere and 2 Shapes","floor":45.0,"turns":5.0},{"damage":3,"enemies":"4 Shapes","floor":46,"turns":3},{"damage":0,"enemies":"Jaw Worm Horde","floor":48,"turns":5},{"damage":63,"enemies":"Time Eater","floor":50,"turns":14}],"seed_played":"2858125823681881535","potions_obtained":[{"floor":5.0,"key":"Explosive Potion"},{"floor":8.0,"key":"SkillPotion"},{"floor":14.0,"key":"LiquidBronze"},{"floor":21.0,"key":"Poison Potion"},{"floor":25.0,"key":"Dexterity Potion"},{"floor":35.0,"key":"GamblersBrew"},{"floor":41.0,"key":"SteroidPotion"}],"is_trial":false,"path_per_floor":["M","?","M","$","M","E","R","E","T","R","M","$","?","M","R","B",null,"M","$","?","M","M","R","M","M","T","M","R","?","?","M","R","B",null,"M","?","$","M","?","R","M","M","T","$","M","M","$","M","R","B",null],"character_chosen":"THE_SILENT","items_purchased":["Dagger Throw","Quick Slash","Noxious Fumes","Well Laid Plans","Cloak And Dagger","Singing Bowl","Ornamental Fan","Catalyst","DollysMirror","Bag of Preparation"],"campfire_rested":3,"item_purchase_floors":[4,4,12,19,19,37,44,47,47,47],"current_hp_per_floor":[63,56,56,56,56,20,41,22,22,22,20,20,20,20,20,17,57,47,47,47,39,39,39,29,29,29,29,29,29,29,20,41,41,63,63,63,63,47,47,47,25,25,25,25,9,8,8,10,33,17],"gold":48,"neow_bonus":"THREE_ENEMY_KILL","is_prod":false,"is_daily":false,"chose_seed":false,"campfire_upgraded":5,"win_rate":0,"timestamp":1551027618,"path_taken":["M","?","?","$","M","E","R","E","T","R","M","$","?","?","R","BOSS","M","$","?","M","M","R","M","M","T","M","R","?","?","M","R","BOSS","M","?","$","M","?","R","M","M","T","$","M","?","$","M","R","BOSS"],"build_version":"2019-01-23","purchased_purges":4,"victory":true,"max_hp_per_floor":[70,70,70,70,70,70,70,70,70,70,70,70,70,70,70,70,70,70,70,70,70,70,70,70,70,70,70,70,70,70,70,70,70,70,70,70,70,72,72,72,74,74,74,74,74,76,76,78,78,78],"card_choices":[{"not_picked":["Prepared","Deadly Poison"],"picked":"PiercingWail","floor":1.0},{"not_picked":["Setup","Outmaneuver","Backflip"],"picked":"SKIP","floor":3.0},{"not_picked":["Dodge and Roll","Outmaneuver","Backflip"],"picked":"SKIP","floor":5.0},{"not_picked":["Dodge and Roll","Outmaneuver","Backflip"],"picked":"SKIP","floor":5.0},{"not_picked":["Setup","PiercingWail"],"picked":"Poisoned Stab","floor":6.0},{"not_picked":["Prepared","Poisoned Stab"],"picked":"Corpse Explosion","floor":8.0},{"not_picked":["Deadly Poison","Prepared"],"picked":"Dash","floor":11.0},{"not_picked":["Bane","Quick Slash"],"picked":"PiercingWail","floor":14.0},{"not_picked":["Bullet Time","Wraith Form v2"],"picked":"Burst","floor":16.0},{"not_picked":["All Out Attack+1","Terror"],"picked":"Deflect","floor":18.0},{"not_picked":["Skewer+1","Outmaneuver"],"picked":"Cloak And Dagger","floor":21.0},{"not_picked":["Underhanded Strike","Cloak And Dagger","Masterful Stab"],"picked":"SKIP","floor":22.0},{"not_picked":["Bane+1","Flying Knee","Distraction"],"picked":"SKIP","floor":24.0},{"not_picked":["Flying Knee","Expertise"],"picked":"Backflip","floor":25.0},{"not_picked":["Poisoned Stab","Outmaneuver","Concentrate"],"picked":"SKIP","floor":27.0},{"not_picked":["Poisoned Stab","Flying Knee+1"],"picked":"Footwork","floor":31.0},{"not_picked":["A Thousand Cuts","Grand Finale"],"picked":"Adrenaline","floor":33.0},{"not_picked":["Deadly Poison","Flying Knee"],"picked":"Backflip","floor":35.0},{"not_picked":["Deflect","Masterful Stab+1","Prepared+1"],"picked":"Singing Bowl","floor":38.0},{"not_picked":["Bane+1","Backflip+1","Underhanded Strike"],"picked":"Singing Bowl","floor":41.0},{"not_picked":["Acrobatics+1","Backflip"],"picked":"Blade Dance+1","floor":42.0},{"not_picked":["Terror+1","Sucker Punch+1"],"picked":"PiercingWail","floor":45.0},{"not_picked":["Expertise","Flechettes+1","Deadly Poison+1"],"picked":"Singing Bowl","floor":46},{"not_picked":["Sucker Punch+1","Poisoned Stab+1","Finisher"],"picked":"Singing Bowl","floor":48},{"not_picked":["Dagger Throw+1","Deflect"],"picked":"Catalyst+1","floor":49}],"player_experience":430209,"relics_obtained":[{"floor":6.0,"key":"Thread and Needle"},{"floor":8.0,"key":"Dream Catcher"},{"floor":9.0,"key":"Kunai"},{"floor":26.0,"key":"Oddly Smooth Stone"},{"floor":43.0,"key":"Art of War"}],"event_choices":[{"damage_healed":0.0,"max_hp_gain":0.0,"max_hp_loss":0.0,"gold_gain":0.0,"event_name":"Wheel of Change","player_choice":"Damaged","floor":2.0,"gold_loss":0.0,"damage_taken":7.0},{"damage_healed":0.0,"max_hp_gain":0.0,"max_hp_loss":0.0,"gold_gain":0.0,"event_name":"Accursed Blacksmith","player_choice":"Forge","floor":13.0,"gold_loss":0.0,"damage_taken":0.0,"cards_upgraded":["Noxious Fumes"]},{"damage_healed":0.0,"max_hp_gain":0.0,"max_hp_loss":0.0,"gold_gain":0.0,"event_name":"Back to Basics","player_choice":"Simplicity","floor":20.0,"gold_loss":0.0,"damage_taken":0.0,"cards_upgraded":["Defend_G","Defend_G","Defend_G","Defend_G","Defend_G","Strike_G","Strike_G","Strike_G","Strike_G"]},{"cards_removed":["Strike_G"],"damage_healed":0.0,"max_hp_gain":0.0,"max_hp_loss":0.0,"gold_gain":0.0,"event_name":"Beggar","player_choice":"Gave Gold","floor":29.0,"gold_loss":75.0,"damage_taken":0.0},{"damage_healed":0.0,"max_hp_gain":0.0,"max_hp_loss":0.0,"gold_gain":0.0,"cards_transformed":["Strike_G","Strike_G"],"event_name":"Drug Dealer","player_choice":"Became Test Subject","floor":30.0,"gold_loss":0.0,"damage_taken":0.0,"cards_obtained":["Calculated Gamble","Setup"]},{"damage_healed":0.0,"max_hp_gain":0.0,"max_hp_loss":0.0,"gold_gain":999.0,"event_name":"MindBloom","player_choice":"Gold","floor":36.0,"gold_loss":0.0,"damage_taken":0.0,"cards_obtained":["Normality","Normality"]},{"damage_healed":0.0,"max_hp_gain":0.0,"max_hp_loss":0.0,"gold_gain":0.0,"event_name":"Duplicator","player_choice":"Copied","floor":39.0,"gold_loss":0.0,"damage_taken":0.0,"cards_obtained":["Noxious Fumes"]}],"is_beta":false,"boss_relics":[{"not_picked":["WristBlade","Snecko Eye"],"picked":"Philosopher\u0027s Stone"},{"not_picked":["White Beast Statue","Runic Pyramid"],"picked":"Lizard Tail"}],"items_purged_floors":[12,37,44,47],"is_endless":false,"potions_floor_spawned":[5,8,14,21,25,35,38,41],"ascension_level":11}