{"gold_per_floor":[116,291,45,45,55,55,80,80,80,80,60,89,109,124,124,222,222,232,232,232,246,265,296,296,331,343,355,218,218,231,47,47,144,144,157,169,444,454,83,83,83,83,83,99,111,111],"floor_reached":46,"playtime":2352,"items_purged":["Doubt","Strike_G"],"score":696,"play_id":"26679472-9756-42b3-acd4-e5a411fde13e","local_time":"20181220205038","is_ascension_mode":true,"campfire_choices":[{"data":"Neutralize","floor":6,"key":"SMITH"},{"data":"Dagger Spray","floor":8,"key":"SMITH"},{"data":"Skewer","floor":10,"key":"SMITH"},{"data":"Leg Sweep","floor":15,"key":"SMITH"},{"floor":24,"key":"REST"},{"data":"After Image","floor":27,"key":"SMITH"},{"data":"Well Laid Plans","floor":29,"key":"SMITH"},{"data":"Footwork","floor":32,"key":"SMITH"},{"data":"A Thousand Cuts","floor":40,"key":"SMITH"},{"data":"Footwork","floor":41,"key":"SMITH"},{"data":"Envenom","floor":42,"key":"SMITH"}],"neow_cost":"NONE","seed_source_timestamp":37865990705775,"circlet_count":0,"master_deck":["Defend_G","Defend_G","Defend_G","Defend_G","Survivor","Neutralize+1","Skewer+1","Flying Knee","Infinite Blades","Dagger Spray+1","Cloak And Dagger","Poisoned Stab","Corpse Explosion","Leg Sweep+1","After Image+1","Dodge and Roll","Heel Hook","Envenom+1","Well Laid Plans+1","Riddle With Holes","Dash","Leg Sweep","Blade Dance","Footwork+1","A Thousand Cuts+1","PiercingWail+1","Dash+1","Infinite Blades+1","Blur","Regret","Acrobatics+1","Footwork+1","Backflip","Adrenaline","Deadly Poison+1"],"relics":["Ring of the Snake","NeowsBlessing","Whetstone","Orichalcum","Kunai","Sozu","Meat on the Bone","MawBank","WingedGreaves","Snake Skull","Astrolabe","Membership Card","Ginger"],"potions_floor_usage":[23,25,25],"damage_taken":[{"damage":0,"enemies":"2 Louse","floor":1,"turns":1},{"damage":0,"enemies":"Small Slimes","floor":5,"turns":1},{"damage":0,"enemies":"Lagavulin","floor":7,"turns":1},{"damage":0,"enemies":"Gremlin Nob","floor":12,"turns":3},{"damage":0,"enemies":"Jaw Worm","floor":13,"turns":3},{"damage":5,"enemies":"Exordium Wildlife","floor":14,"turns":3},{"damage":44,"enemies":"Slime Boss","floor":16,"turns":16},{"damage":0,"enemies":"Chosen","floor":18,"turns":5},{"damage":12,"enemies":"Colosseum Slavers","floor":19,"turns":4},{"damage":1,"enemies":"Shell Parasite","floor":21,"turns":7},{"damage":11,"enemies":"Snake Plant","floor":22,"turns":6},{"damage":14,"enemies":"Book of Stabbing","floor":23,"turns":7},{"damage":35,"enemies":"Slavers","floor":25,"turns":5},{"damage":6,"enemies":"Shelled Parasite and Fungi","floor":30,"turns":8},{"damage":11,"enemies":"Champ","floor":33,"turns":13},{"damage":47,"enemies":"3 Darklings","floor":35,"turns":3},{"damage":0,"enemies":"Orb Walker","floor":36,"turns":5},{"damage":3,"enemies":"Maw","floor":38,"turns":9},{"damage":18,"enemies":"3 Darklings","floor":44,"turns":5},{"damage":31,"enemies":"4 Shapes","floor":45,"turns":4},{"damage":23,"enemies":"Writhing Mass","floor":46,"turns":1}],"seed_played":"7741695121482470547","potions_obtained":[{"floor":1,"key":"Regen Potion"},{"floor":5,"key":"Weak Potion"},{"floor":11,"key":"PowerPotion"}],"is_trial":false,"path_per_floor":["M","?","$","?","M","R","E","R","T","R","?","E","M","M","R","B",null,"M","?","?","M","M","E","R","E","T","R","$","R","M","$","R","B",null,"M","M","?","M","$","R","R","R","T","M","M","M"],"character_chosen":"THE_SILENT","items_purchased":["Flying Knee","Infinite Blades","Dagger Spray","Blade Dance","Snake Skull","Footwork","Footwork","Backflip","Membership Card","Adrenaline"],"campfire_rested":1,"item_purchase_floors":[3,3,3,28,31,31,39,39,39,39],"current_hp_per_floor":[63,63,63,68,68,68,68,68,68,68,68,68,68,63,63,19,61,61,49,49,48,37,23,45,36,36,36,36,36,42,42,42,43,67,32,44,44,41,41,41,41,41,41,35,16,0],"gold":111,"neow_bonus":"THREE_ENEMY_KILL","is_prod":false,"is_daily":false,"chose_seed":false,"campfire_upgraded":10,"win_rate":0,"timestamp":1545357038,"path_taken":["M","?","$","?","?","R","E","R","T","R","?","E","M","?","R","BOSS","M","?","?","M","M","E","R","E","T","R","$","R","M","$","R","BOSS","M","M","?","?","$","R","R","R","T","?","M","?"],"build_version":"2018-12-20","purchased_purges":2,"victory":false,"max_hp_per_floor":[70,70,70,75,75,75,75,75,75,75,75,75,75,75,75,75,75,75,75,75,75,75,75,75,75,75,75,75,75,75,75,75,75,75,75,75,75,75,75,75,75,75,75,75,75,75],"card_choices":[{"not_picked":["Bane","Acrobatics"],"picked":"Skewer","floor":1},{"not_picked":["Deadly Poison","Prepared"],"picked":"Cloak And Dagger","floor":5},{"not_picked":["Acrobatics","Underhanded Strike"],"picked":"Poisoned Stab","floor":7},{"not_picked":["Dodge and Roll","Dagger Throw"],"picked":"Corpse Explosion","floor":12},{"not_picked":["Slice","Dagger Throw","Expertise"],"picked":"SKIP","floor":13},{"not_picked":["Acrobatics","Sucker Punch"],"picked":"Leg Sweep","floor":14},{"not_picked":["Corpse Explosion","Venomology"],"picked":"After Image","floor":16},{"not_picked":["Riddle With Holes+1","Flying Knee+1"],"picked":"Dodge and Roll","floor":18},{"not_picked":["Masterful Stab","Reflex+1"],"picked":"Well Laid Plans","floor":21},{"not_picked":["Well Laid Plans","Deflect"],"picked":"Riddle With Holes","floor":22},{"not_picked":["Outmaneuver","Blade Dance"],"picked":"Dash","floor":23},{"not_picked":["Storm of Steel","Cloak And Dagger"],"picked":"Leg Sweep","floor":25},{"not_picked":["Tactician+1","Sucker Punch+1","Terror"],"picked":"SKIP","floor":30},{"not_picked":["Venomology","Storm of Steel"],"picked":"A Thousand Cuts","floor":33},{"not_picked":["Endless Agony+1","Dash+1"],"picked":"Blur","floor":35},{"not_picked":["Sucker Punch+1","Poisoned Stab","Prepared+1"],"picked":"SKIP","floor":36},{"not_picked":["Terror+1","Outmaneuver"],"picked":"Acrobatics+1","floor":38},{"not_picked":["Caltrops+1","Blade Dance"],"picked":"Deadly Poison+1","floor":44},{"not_picked":["Underhanded Strike+1","Poisoned Stab+1","Predator"],"picked":"SKIP","floor":45}],"player_experience":353806,"relics_obtained":[{"floor":7,"key":"Whetstone"},{"floor":9,"key":"Orichalcum"},{"floor":12,"key":"Kunai"},{"floor":23,"key":"Meat on the Bone"},{"floor":25,"key":"MawBank"},{"floor":26,"key":"WingedGreaves"},{"floor":43,"key":"Ginger"}],"event_choices":[{"damage_healed":0,"gold_gain":175,"player_choice":"AGREE","damage_taken":0,"max_hp_gain":0,"max_hp_loss":0,"event_name":"Liars Game","floor":2,"gold_loss":0,"cards_obtained":["Doubt"]},{"damage_healed":0,"gold_gain":0,"player_choice":"Donut","damage_taken":0,"max_hp_gain":5,"max_hp_loss":0,"event_name":"Big Fish","floor":4,"gold_loss":0},{"damage_healed":0,"gold_gain":0,"player_choice":"Bought 1 Potion","damage_taken":0,"max_hp_gain":0,"max_hp_loss":0,"event_name":"The Woman in Blue","floor":11,"gold_loss":0},{"damage_healed":0,"gold_gain":0,"player_choice":"Fight","damage_taken":0,"max_hp_gain":0,"max_hp_loss":0,"event_name":"Colosseum","floor":19,"gold_loss":0},{"damage_healed":0,"gold_gain":0,"player_choice":"Fled From Nobs","damage_taken":0,"max_hp_gain":0,"max_hp_loss":0,"event_name":"Colosseum","floor":19,"gold_loss":0},{"damage_healed":0,"gold_gain":0,"cards_transformed":["Strike_G","Strike_G"],"player_choice":"Became Test Subject","damage_taken":0,"max_hp_gain":0,"max_hp_loss":0,"event_name":"Drug Dealer","floor":20,"gold_loss":0,"cards_obtained":["Heel Hook","Envenom"]},{"damage_healed":0,"gold_gain":275,"player_choice":"Desecrate","damage_taken":0,"max_hp_gain":0,"max_hp_loss":0,"event_name":"Golden Shrine","floor":37,"gold_loss":0,"cards_obtained":["Regret"]}],"is_beta":false,"boss_relics":[{"not_picked":["Calling Bell","Lizard Tail"],"picked":"Sozu"},{"not_picked":["WristBlade","Runic Pyramid"],"picked":"Astrolabe"}],"items_purged_floors":[3,28],"is_endless":false,"potions_floor_spawned":[1,5,14,18,22,25,36,38,44],"killed_by":"Writhing Mass","ascension_level":6}