{"gold_per_floor":[115,115,40,60,70,70,20,20,20,50,50,62,62,95,95,199,199,219,239,127,52,52,80,80,113,113,126,137,137,137,162,162,264,264,282,91,106,1105,1105,1105,1116,1116],"floor_reached":42,"playtime":1829,"items_purged":["Strike_R"],"score":535,"play_id":"9e77caa7-4db6-4098-a5be-ed677428ce04","local_time":"20190503175849","is_ascension_mode":true,"campfire_choices":[{"data":"Combust","floor":6,"key":"SMITH"},{"data":"Inflame","floor":13,"key":"SMITH"},{"data":"Bash","floor":15,"key":"SMITH"},{"data":"Heavy Blade","floor":24,"key":"SMITH"},{"data":"Rampage","floor":29,"key":"SMITH"},{"data":"Reckless Charge","floor":32,"key":"SMITH"},{"data":"Juggernaut","floor":40,"key":"SMITH"}],"neow_cost":"NONE","seed_source_timestamp":588213798517473,"circlet_count":0,"master_deck":["Defend_R","Defend_R","Defend_R","Bash+1","Evolve+1","Combust+1","Inflame+1","Power Through","Power Through+1","Armaments+1","Reckless Charge+1","Impervious+1","Battle Trance+1","Evolve","Heavy Blade+1","Feel No Pain+1","Rampage+1","Pummel+1","Juggernaut+1","Sever Soul+1","Sever Soul+1","Dropkick+1","Shrug It Off+1","Normality","Normality","Shrug It Off+1"],"relics":["Burning Blood","NeowsBlessing","Toxic Egg 2","Kunai","Pear","PreservedInsect","Runic Dome","Orichalcum","Anchor","Darkstone Periapt","Question Card","Astrolabe","Membership Card"],"potions_floor_usage":[14,16,27,31,33,33,33,42,42],"damage_taken":[{"damage":0,"enemies":"Jaw Worm","floor":1,"turns":1},{"damage":0,"enemies":"Cultist","floor":4,"turns":1},{"damage":0,"enemies":"2 Louse","floor":5,"turns":1},{"damage":21,"enemies":"3 Sentries","floor":10,"turns":5},{"damage":3,"enemies":"2 Fungi Beasts","floor":12,"turns":3},{"damage":4,"enemies":"Gremlin Nob","floor":14,"turns":4},{"damage":49,"enemies":"Hexaghost","floor":16,"turns":8},{"damage":4,"enemies":"3 Byrds","floor":18,"turns":4},{"damage":3,"enemies":"Chosen","floor":19,"turns":5},{"damage":32,"enemies":"Gremlin Leader","floor":23,"turns":8},{"damage":15,"enemies":"Slavers","floor":25,"turns":5},{"damage":19,"enemies":"Shelled Parasite and Fungi","floor":27,"turns":6},{"damage":9,"enemies":"Snecko","floor":28,"turns":4},{"damage":4,"enemies":"Book of Stabbing","floor":31,"turns":5},{"damage":35,"enemies":"Champ","floor":33,"turns":10},{"damage":11,"enemies":"3 Shapes","floor":35,"turns":6},{"damage":32,"enemies":"3 Darklings","floor":37,"turns":5},{"damage":44,"enemies":"Spire Growth","floor":41,"turns":6},{"damage":33,"enemies":"Reptomancer","floor":42,"turns":8}],"seed_played":"-4186035232340913316","potions_obtained":[{"floor":2,"key":"AttackPotion"},{"floor":2,"key":"SneckoOil"},{"floor":2,"key":"Ancient Potion"},{"floor":14,"key":"Swift Potion"},{"floor":16,"key":"Block Potion"},{"floor":27,"key":"LiquidBronze"},{"floor":28,"key":"SteroidPotion"},{"floor":31,"key":"GamblersBrew"},{"floor":35,"key":"PowerPotion"},{"floor":37,"key":"Strength Potion"}],"is_trial":false,"path_per_floor":["M","?","$","M","M","R","$","T","T","E","?","M","R","E","R","B",null,"M","M","$","?","?","E","R","E","T","M","M","R","?","E","R","B",null,"M","$","M","?","?","R","M","E"],"character_chosen":"IRONCLAD","items_purchased":["Combust","Poison Potion","Evolve","Membership Card"],"campfire_rested":0,"item_purchase_floors":[3,7,20,36],"current_hp_per_floor":[80,80,80,80,80,80,80,80,80,75,68,71,71,73,73,30,90,90,90,90,90,90,64,64,55,55,42,39,39,39,41,41,12,90,85,85,59,71,71,71,33,0],"gold":1116,"neow_bonus":"THREE_ENEMY_KILL","is_prod":false,"is_daily":false,"chose_seed":false,"campfire_upgraded":7,"win_rate":0,"timestamp":1556920729,"path_taken":["M","?","$","?","M","R","$","?","T","E","?","M","R","E","R","BOSS","M","M","$","?","?","E","R","E","T","?","M","R","?","E","R","BOSS","M","$","M","?","?","R","M","E"],"build_version":"2019-01-23","purchased_purges":1,"victory":false,"max_hp_per_floor":[80,80,80,80,80,80,80,80,80,90,90,90,90,90,90,90,90,90,90,90,90,90,90,90,90,90,90,90,90,90,90,90,90,90,90,90,90,102,97,97,97,97],"card_choices":[{"not_picked":["Clash","Havoc"],"picked":"Evolve","floor":1},{"not_picked":["Shockwave","Iron Wave"],"picked":"Inflame","floor":4},{"not_picked":["Heavy Blade","Clothesline"],"picked":"Power Through","floor":5},{"not_picked":["Clothesline","Shrug It Off+1"],"picked":"Power Through+1","floor":10},{"not_picked":["Blood for Blood","Whirlwind"],"picked":"Armaments+1","floor":12},{"not_picked":["Brutality","Disarm+1"],"picked":"Reckless Charge","floor":14},{"not_picked":["Dark Embrace","Exhume+1"],"picked":"Impervious+1","floor":16},{"not_picked":["Flex+1","Hemokinesis+1"],"picked":"Battle Trance+1","floor":18},{"not_picked":["Anger","Heavy Blade+1","Entrench+1"],"picked":"SKIP","floor":19},{"not_picked":["Hemokinesis","Armaments+1"],"picked":"Heavy Blade","floor":23},{"not_picked":["Armaments+1","Perfected Strike","Warcry+1"],"picked":"SKIP","floor":25},{"not_picked":["Double Tap+1","Havoc+1"],"picked":"Feel No Pain+1","floor":27},{"not_picked":["Sword Boomerang","Evolve"],"picked":"Rampage","floor":28},{"not_picked":["Twin Strike","Fire Breathing"],"picked":"Pummel+1","floor":31},{"not_picked":["Dark Embrace","Impervious+1","Demon Form"],"picked":"Juggernaut","floor":33},{"not_picked":["Flex+1","Pommel Strike","Clothesline","Twin Strike"],"picked":"SKIP","floor":35},{"not_picked":["Headbutt+1","Anger","Dual Wield+1"],"picked":"Shrug It Off+1","floor":37},{"not_picked":["Wild Strike","Dropkick","Sentinel+1"],"picked":"Shrug It Off+1","floor":41}],"player_experience":598693,"relics_obtained":[{"floor":8,"key":"Toxic Egg 2"},{"floor":9,"key":"Kunai"},{"floor":10,"key":"Pear"},{"floor":14,"key":"PreservedInsect"},{"floor":23,"key":"Orichalcum"},{"floor":25,"key":"Anchor"},{"floor":26,"key":"Darkstone Periapt"},{"floor":31,"key":"Question Card"}],"event_choices":[{"damage_healed":0,"gold_gain":0,"player_choice":"Got Potions","damage_taken":0,"max_hp_gain":0,"max_hp_loss":0,"event_name":"Lab","floor":2,"gold_loss":0},{"cards_removed":["Strike_R"],"damage_healed":0,"gold_gain":0,"player_choice":"Card Removal","damage_taken":7,"max_hp_gain":0,"max_hp_loss":0,"event_name":"Golden Wing","floor":11,"gold_loss":0},{"cards_removed":["Strike_R"],"damage_healed":0,"gold_gain":0,"player_choice":"Gave Gold","damage_taken":0,"max_hp_gain":0,"max_hp_loss":0,"event_name":"Beggar","floor":21,"gold_loss":75},{"damage_healed":0,"gold_gain":0,"player_choice":"Forge","damage_taken":0,"max_hp_gain":0,"max_hp_loss":0,"event_name":"Accursed Blacksmith","floor":22,"gold_loss":0,"cards_upgraded":["Evolve"]},{"damage_healed":0,"gold_gain":0,"player_choice":"Ignored","damage_taken":0,"max_hp_gain":0,"max_hp_loss":0,"event_name":"Vampires","floor":30,"gold_loss":0},{"damage_healed":0,"gold_gain":999,"player_choice":"Gold","damage_taken":0,"max_hp_gain":0,"max_hp_loss":0,"event_name":"MindBloom","floor":38,"gold_loss":0,"cards_obtained":["Normality","Normality"]},{"damage_healed":0,"gold_gain":0,"player_choice":"Max HP","damage_taken":0,"max_hp_gain":0,"max_hp_loss":5,"event_name":"Winding Halls","floor":39,"gold_loss":0}],"is_beta":false,"boss_relics":[{"not_picked":["Busted Crown","White Beast Statue"],"picked":"Runic Dome"},{"not_picked":["Lizard Tail","Runic Cube"],"picked":"Astrolabe"}],"items_purged_floors":[20],"is_endless":false,"potions_floor_spawned":[4,10,14,16,25,27,28,31,35,37],"killed_by":"Reptomancer","ascension_level":1}