{"gold_per_floor":[118,118,118,193,209,209,242,242,242,242,265,284,322,341,341,467,467,488,488,124,149,163,184,184,184,209,209,209],"floor_reached":28,"playtime":1237,"items_purged":["Strike_B+1"],"score":364,"play_id":"d5f42d9e-c38d-4663-82fd-08121637fd98","local_time":"20190227202835","is_ascension_mode":true,"campfire_choices":[{"data":"Zap","floor":6,"key":"SMITH"},{"data":"Streamline","floor":8,"key":"SMITH"},{"data":"Coolheaded","floor":15,"key":"SMITH"},{"floor":24,"key":"REST"},{"data":"Loop","floor":27,"key":"SMITH"}],"neow_cost":"NONE","seed_source_timestamp":119628180377702,"circlet_count":0,"master_deck":["Strike_B+1","Defend_B+1","Defend_B+1","Defend_B+1","Defend_B+1","Zap+1","Dualcast","Cold Snap","Streamline+1","Heatsinks","Coolheaded+1","Ball Lightning","Undo","Conserve Battery","Creative AI","Steam","Loop+1","Compile Driver+1","Recycle+1"],"relics":["Cracked Core","NeowsBlessing","Golden Idol","Pen Nib","Bottled Lightning","Bottled Tornado","Lizard Tail","Toxic Egg 2","Smiling Mask"],"potions_floor_usage":[],"damage_taken":[{"damage":0,"enemies":"Cultist","floor":1,"turns":1},{"damage":0,"enemies":"Jaw Worm","floor":5,"turns":1},{"damage":0,"enemies":"Lagavulin","floor":7,"turns":1},{"damage":2,"enemies":"2 Louse","floor":11,"turns":2},{"damage":1,"enemies":"Exordium Thugs","floor":12,"turns":4},{"damage":16,"enemies":"3 Sentries","floor":13,"turns":5},{"damage":0,"enemies":"Large Slime","floor":14,"turns":4},{"damage":0,"enemies":"The Guardian","floor":16,"turns":11},{"damage":28,"enemies":"2 Thieves","floor":18,"turns":5},{"damage":6,"enemies":"Shell Parasite","floor":21,"turns":12},{"damage":2,"enemies":"Snecko","floor":22,"turns":4},{"damage":22,"enemies":"Snake Plant","floor":23,"turns":5},{"damage":89,"enemies":"3 Cultists","floor":28,"turns":6}],"seed_played":"4211379818293446583","potions_obtained":[{"floor":1,"key":"LiquidBronze"},{"floor":5,"key":"Fire Potion"},{"floor":11,"key":"Block Potion"},{"floor":18,"key":"Regen Potion"}],"is_trial":false,"path_per_floor":["M","?","$","?","M","R","E","R","T","?","M","M","E","M","R","B",null,"M","?","$","M","M","M","R","?","T","R","M"],"character_chosen":"DEFECT","items_purchased":["Toxic Egg 2","Loop"],"campfire_rested":1,"item_purchase_floors":[20,20],"current_hp_per_floor":[75,57,57,46,46,46,46,46,46,46,44,43,27,27,27,27,75,47,47,47,41,39,17,39,39,39,39,0],"gold":209,"neow_bonus":"THREE_ENEMY_KILL","is_prod":false,"is_daily":false,"chose_seed":false,"campfire_upgraded":4,"win_rate":0,"timestamp":1551317315,"path_taken":["M","?","$","?","M","R","E","R","T","?","M","M","E","?","R","BOSS","M","?","$","M","M","M","R","?","T","R","?"],"build_version":"2019-01-23","purchased_purges":1,"victory":false,"max_hp_per_floor":[75,75,75,75,75,75,75,75,75,75,75,75,75,75,75,75,75,75,75,75,75,75,75,75,75,75,75,75],"card_choices":[{"not_picked":["Reprogram","Darkness"],"picked":"Cold Snap","floor":1},{"not_picked":["Stack","Gash","Turbo"],"picked":"SKIP","floor":5},{"not_picked":["Storm","Skim"],"picked":"Streamline","floor":7},{"not_picked":["Tempest","Sweeping Beam"],"picked":"Coolheaded","floor":11},{"not_picked":["Fusion","Meteor Strike"],"picked":"Ball Lightning","floor":12},{"not_picked":["Darkness","Reprogram"],"picked":"Undo","floor":13},{"not_picked":["Chill","Fusion"],"picked":"Conserve Battery","floor":14},{"not_picked":["Reboot","Meteor Strike"],"picked":"Creative AI","floor":16},{"not_picked":["Steam Power","Streamline"],"picked":"Steam","floor":18},{"not_picked":["Gash+1","Rip and Tear","Beam Cell"],"picked":"SKIP","floor":21},{"not_picked":["Scrape","Sunder+1","Reprogram+1"],"picked":"SKIP","floor":22},{"not_picked":["Rip and Tear+1","Ball Lightning"],"picked":"Compile Driver+1","floor":23}],"player_experience":440808,"relics_obtained":[{"floor":7,"key":"Pen Nib"},{"floor":9,"key":"Bottled Lightning"},{"floor":13,"key":"Bottled Tornado"},{"floor":26,"key":"Smiling Mask"}],"event_choices":[{"damage_healed":0,"gold_gain":0,"player_choice":"Take Damage","damage_taken":18,"relics_obtained":["Golden Idol"],"max_hp_gain":0,"max_hp_loss":0,"event_name":"Golden Idol","floor":2,"gold_loss":0},{"damage_healed":0,"gold_gain":75,"player_choice":"Gather Gold","damage_taken":11,"max_hp_gain":0,"max_hp_loss":0,"event_name":"World of Goop","floor":4,"gold_loss":0},{"damage_healed":0,"gold_gain":0,"cards_transformed":["Strike_B"],"player_choice":"Transformed","damage_taken":0,"max_hp_gain":0,"max_hp_loss":0,"event_name":"Transmorgrifier","floor":10,"gold_loss":0,"cards_obtained":["Heatsinks"]},{"damage_healed":0,"gold_gain":0,"player_choice":"Simplicity","damage_taken":0,"max_hp_gain":0,"max_hp_loss":0,"event_name":"Back to Basics","floor":19,"gold_loss":0,"cards_upgraded":["Strike_B","Strike_B","Strike_B","Defend_B","Defend_B","Defend_B","Defend_B"]},{"damage_healed":0,"gold_gain":0,"cards_transformed":["Strike_B"],"player_choice":"Transformed","damage_taken":0,"max_hp_gain":0,"max_hp_loss":0,"event_name":"Transmorgrifier","floor":25,"gold_loss":0,"cards_obtained":["Recycle"]}],"is_beta":false,"boss_relics":[{"not_picked":["Busted Crown","Calling Bell"],"picked":"Lizard Tail"}],"items_purged_floors":[20],"is_endless":false,"potions_floor_spawned":[1,5,11,12,18,21,22],"killed_by":"3 Cultists","ascension_level":4}