{"gold_per_floor":[113,125,140,150,150,150,169,199,222,222,240,240,240,265,265,369,369,382,130,130,78,78,104,104,139,139,168,168,183,183,194,194,295,295,307,0,13,32,51,51],"floor_reached":40,"playtime":2281,"items_purged":[],"score":527,"play_id":"8b1aa799-a447-4122-8d67-ce2edb32aeb2","local_time":"20190505005908","is_ascension_mode":true,"campfire_choices":[{"data":"Perfected Strike","floor":6.0,"key":"SMITH"},{"data":"Perfected Strike","floor":10.0,"key":"SMITH"},{"data":"Pommel Strike","floor":13.0,"key":"SMITH"},{"data":"Pommel Strike","floor":15.0,"key":"SMITH"},{"data":"Shrug It Off","floor":24.0,"key":"SMITH"},{"floor":28.0,"key":"REST"},{"data":"Shrug It Off","floor":32.0,"key":"SMITH"}],"neow_cost":"NONE","seed_source_timestamp":0,"circlet_count":0,"master_deck":["Strike_R","Strike_R","Strike_R","Strike_R+1","Strike_R+1","Defend_R","Defend_R","Perfected Strike+1","Headbutt","Pommel Strike+1","Perfected Strike+1","Pommel Strike+1","Twin Strike","Brutality+1","Flame Barrier+1","Perfected Strike+1","Metallicize","Shrug It Off+1","Shrug It Off+1","Offering","Wild Strike+1","Perfected Strike","Wild Strike+1"],"special_seed":0,"relics":["Black Blood","Ancient Tea Set","Happy Flower","Omamori","Whetstone","Astrolabe","Gremlin Horn","Blood Vial","Self Forming Clay","Shuriken","Bag of Preparation","Red Mask"],"potions_floor_usage":[39,39,40],"damage_taken":[{"damage":9.0,"enemies":"Jaw Worm","floor":1.0,"turns":5.0},{"damage":0.0,"enemies":"Cultist","floor":2.0,"turns":2.0},{"damage":0.0,"enemies":"Small Slimes","floor":3.0,"turns":2.0},{"damage":11.0,"enemies":"Looter","floor":4.0,"turns":4.0},{"damage":0.0,"enemies":"2 Fungi Beasts","floor":7.0,"turns":1.0},{"damage":21.0,"enemies":"Lagavulin","floor":8.0,"turns":5.0},{"damage":13.0,"enemies":"Blue Slaver","floor":11.0,"turns":3.0},{"damage":4.0,"enemies":"3 Sentries","floor":14.0,"turns":3.0},{"damage":6.0,"enemies":"Slime Boss","floor":16.0,"turns":6.0},{"damage":9.0,"enemies":"Shell Parasite","floor":18.0,"turns":3.0},{"damage":30.0,"enemies":"Book of Stabbing","floor":23.0,"turns":5.0},{"damage":26.0,"enemies":"Gremlin Leader","floor":25.0,"turns":5.0},{"damage":26.0,"enemies":"Slavers","floor":27.0,"turns":5.0},{"damage":1.0,"enemies":"3 Byrds","floor":29.0,"turns":4.0},{"damage":12.0,"enemies":"Centurion and Healer","floor":31.0,"turns":5.0},{"damage":58.0,"enemies":"Automaton","floor":33.0,"turns":10.0},{"damage":12,"enemies":"Orb Walker","floor":35,"turns":4},{"damage":7,"enemies":"3 Shapes","floor":37,"turns":3},{"damage":7,"enemies":"Sphere and 2 Shapes","floor":38,"turns":2},{"damage":34,"enemies":"Writhing Mass","floor":39,"turns":4},{"damage":83,"enemies":"Nemesis","floor":40,"turns":7}],"seed_played":"8791345224205138859","potions_obtained":[{"floor":1.0,"key":"SkillPotion"},{"floor":3.0,"key":"Energy Potion"},{"floor":8.0,"key":"GamblersBrew"},{"floor":11.0,"key":"Ancient Potion"},{"floor":12.0,"key":"Dexterity Potion"},{"floor":12.0,"key":"Swift Potion"},{"floor":12.0,"key":"EssenceOfSteel"},{"floor":14.0,"key":"Block Potion"},{"floor":16.0,"key":"Energy Potion"},{"floor":25.0,"key":"SteroidPotion"},{"floor":27.0,"key":"EssenceOfSteel"},{"floor":33.0,"key":"BloodPotion"},{"floor":35,"key":"BloodPotion"},{"floor":38,"key":"AttackPotion"}],"is_trial":false,"path_per_floor":["M","M","M","M","?","R","M","E","T","R","M","?","R","E","R","B",null,"M","$","?","$","?","E","R","E","T","E","R","M","?","M","R","B",null,"M","?","M","M","M","E"],"character_chosen":"IRONCLAD","items_purchased":["Gremlin Horn","Shrug It Off"],"campfire_rested":1,"item_purchase_floors":[19,21],"current_hp_per_floor":[77,80,80,75,75,75,80,65,65,65,58,58,58,60,60,60,80,77,77,77,77,77,53,53,35,35,17,41,48,74,70,70,20,80,78,78,80,80,64,0],"gold":51,"neow_bonus":"RANDOM_COMMON_RELIC","is_prod":false,"is_daily":false,"chose_seed":false,"campfire_upgraded":6,"win_rate":0,"timestamp":1557032348,"path_taken":["M","M","M","M","?","R","M","E","T","R","?","?","R","E","R","BOSS","M","$","?","$","?","E","R","E","T","E","R","M","?","M","R","BOSS","M","?","M","M","M","E"],"build_version":"2019-01-23","purchased_purges":0,"victory":false,"max_hp_per_floor":[80,80,80,80,80,80,80,80,80,80,80,80,80,80,80,80,80,80,80,80,80,80,80,80,80,80,80,80,80,80,80,80,80,80,80,80,80,80,80,80],"card_choices":[{"not_picked":["Corruption","Fire Breathing"],"picked":"Perfected Strike","floor":1.0},{"not_picked":["Anger","Flame Barrier"],"picked":"Headbutt","floor":2.0},{"not_picked":["Flame Barrier","Perfected Strike"],"picked":"Pommel Strike","floor":3.0},{"not_picked":["Armaments","Heavy Blade"],"picked":"Perfected Strike","floor":4.0},{"not_picked":["True Grit","Cleave"],"picked":"Pommel Strike","floor":7.0},{"not_picked":["Heavy Blade","Limit Break","Seeing Red"],"picked":"SKIP","floor":8.0},{"not_picked":["Blood for Blood","Iron Wave","Battle Trance"],"picked":"SKIP","floor":11.0},{"not_picked":["Heavy Blade","Clash"],"picked":"Twin Strike","floor":14.0},{"not_picked":["Shockwave","True Grit+1"],"picked":"Metallicize","floor":18.0},{"not_picked":["Iron Wave","Flex","Feed"],"picked":"SKIP","floor":23.0},{"not_picked":["Anger","Clothesline+1","Havoc"],"picked":"SKIP","floor":25.0},{"not_picked":["Havoc","Warcry"],"picked":"Shrug It Off","floor":27.0},{"not_picked":["True Grit+1","Flex","Inflame"],"picked":"SKIP","floor":29.0},{"not_picked":["Clothesline","Evolve+1","Combust"],"picked":"SKIP","floor":31.0},{"not_picked":["Juggernaut","Fiend Fire"],"picked":"Offering","floor":33.0},{"not_picked":["Uppercut","Warcry+1"],"picked":"Wild Strike+1","floor":35},{"not_picked":["Anger+1","Clash+1","Rage+1"],"picked":"SKIP","floor":37},{"not_picked":["Dropkick+1","Shrug It Off+1"],"picked":"Perfected Strike","floor":38},{"not_picked":["Anger","Iron Wave+1"],"picked":"Wild Strike+1","floor":39}],"player_experience":164307,"relics_obtained":[{"floor":8.0,"key":"Happy Flower"},{"floor":9.0,"key":"Omamori"},{"floor":14.0,"key":"Whetstone"},{"floor":23.0,"key":"Blood Vial"},{"floor":25.0,"key":"Self Forming Clay"},{"floor":26.0,"key":"Shuriken"},{"floor":27.0,"key":"Bag of Preparation"}],"event_choices":[{"damage_healed":0.0,"max_hp_gain":0.0,"max_hp_loss":0.0,"gold_gain":0.0,"event_name":"The Woman in Blue","player_choice":"Bought 0 Potions","floor":5.0,"gold_loss":0.0,"damage_taken":0.0},{"damage_healed":0.0,"max_hp_gain":0.0,"max_hp_loss":0.0,"gold_gain":0.0,"event_name":"Lab","player_choice":"Got Potions","floor":12.0,"gold_loss":0.0,"damage_taken":0.0},{"damage_healed":0.0,"max_hp_gain":0.0,"max_hp_loss":0.0,"gold_gain":0.0,"event_name":"Cursed Tome","player_choice":"Ignored","floor":20.0,"gold_loss":0.0,"damage_taken":0.0},{"damage_healed":0.0,"max_hp_gain":0.0,"max_hp_loss":0.0,"gold_gain":0.0,"event_name":"Forgotten Altar","player_choice":"Smashed Altar","floor":22.0,"gold_loss":0.0,"damage_taken":0.0,"cards_obtained":["Decay"]},{"damage_healed":26.0,"max_hp_gain":0.0,"max_hp_loss":0.0,"gold_gain":0.0,"event_name":"The Library","player_choice":"Heal","floor":30.0,"gold_loss":0.0,"damage_taken":0.0},{"damage_healed":0,"gold_gain":0,"player_choice":"Paid","damage_taken":0,"relics_obtained":["Red Mask"],"max_hp_gain":0,"max_hp_loss":0,"event_name":"Tomb of Lord Red Mask","floor":36,"gold_loss":307}],"is_beta":false,"boss_relics":[{"not_picked":["Fusion Hammer","Velvet Choker"],"picked":"Astrolabe"},{"not_picked":["Pandora\u0027s Box","Mark of Pain"],"picked":"Black Blood"}],"items_purged_floors":[],"is_endless":false,"potions_floor_spawned":[1,3,8,11,14,16,18,25,27,33,35,38],"killed_by":"Nemesis","ascension_level":2}