{"gold_per_floor":[118,131,149,149,162,162,192,117,117,117,192,192,226,191,191,295,295,306,108,108,108,20,55,70,70,70,96,21,21,46,46,46,46],"floor_reached":33,"playtime":1417,"items_purged":["Strike_R"],"score":368,"play_id":"866d85e7-c4bf-41ad-a8a8-bc7d03426b83","local_time":"20181122090203","is_ascension_mode":true,"campfire_choices":[{"data":"Armaments","floor":6,"key":"SMITH"},{"data":"Bash","floor":10,"key":"SMITH"},{"data":"Spot Weakness","floor":12,"key":"SMITH"},{"data":"Heavy Blade","floor":15,"key":"SMITH"},{"floor":25,"key":"REST"},{"data":"Inflame","floor":29,"key":"SMITH"},{"floor":32,"key":"REST"}],"neow_cost":"NONE","seed_source_timestamp":103005985155982,"circlet_count":0,"master_deck":["Strike_R","Strike_R","Strike_R","Defend_R+1","Defend_R+1","Defend_R","Defend_R","Bash+1","Twin Strike","Whirlwind+1","Spot Weakness+1","Armaments+1","Perfected Strike","Headbutt","Heavy Blade+1","Inflame+1","Feed","Shrug It Off+1","Corruption","J.A.X.+1","Battle Trance+1","Shrug It Off+1","Shockwave+1","Clothesline","Warcry+1","True Grit+1","Anger"],"relics":["Burning Blood","War Paint","Toxic Egg 2","Mercury Hourglass","Bottled Flame","Black Star","Orichalcum","Pen Nib","Dream Catcher","Bag of Marbles","Potion Belt","PreservedInsect","Du-Vu Doll","Pocketwatch"],"potions_floor_usage":[23,33],"damage_taken":[{"damage":0,"enemies":"2 Louse","floor":1,"turns":2},{"damage":4,"enemies":"Small Slimes","floor":2,"turns":3},{"damage":10,"enemies":"Cultist","floor":3,"turns":4},{"damage":5,"enemies":"3 Louse","floor":5,"turns":3},{"damage":15,"enemies":"3 Sentries","floor":7,"turns":4},{"damage":32,"enemies":"Lagavulin","floor":13,"turns":5},{"damage":12,"enemies":"Slime Boss","floor":16,"turns":5},{"damage":33,"enemies":"2 Thieves","floor":18,"turns":3},{"damage":49,"enemies":"Slavers","floor":23,"turns":4},{"damage":4,"enemies":"Chosen","floor":24,"turns":4},{"damage":15,"enemies":"Gremlin Leader","floor":27,"turns":4},{"damage":13,"enemies":"Book of Stabbing","floor":30,"turns":4},{"damage":58,"enemies":"Automaton","floor":33,"turns":6}],"seed_played":"442677812524495424","potions_obtained":[{"floor":3,"key":"SpeedPotion"},{"floor":13,"key":"Poison Potion"},{"floor":16,"key":"FearPotion"}],"is_trial":false,"path_per_floor":["M","M","M","?","M","R","E","$","T","R","?","R","E","?","R","B",null,"M","$","?","?","$","E","M","R","T","E","?","R","E","?","R","B"],"character_chosen":"IRONCLAD","items_purchased":["Headbutt","Heavy Blade","Shrug It Off+1","Corruption","Battle Trance+1","Shrug It Off+1"],"campfire_rested":2,"item_purchase_floors":[8,8,19,19,22,22],"current_hp_per_floor":[80,80,76,76,77,77,68,68,68,68,57,57,31,51,51,45,80,57,57,57,57,57,14,16,41,41,32,32,32,25,25,50,0],"gold":46,"neow_bonus":"RANDOM_COMMON_RELIC","is_prod":false,"is_daily":false,"chose_seed":false,"campfire_upgraded":5,"win_rate":0,"timestamp":1542895323,"path_taken":["M","M","M","?","M","R","E","$","T","R","?","R","E","?","R","BOSS","M","$","?","?","$","E","?","R","T","E","?","R","E","?","R","BOSS"],"build_version":"2018-11-15","purchased_purges":1,"victory":false,"max_hp_per_floor":[80,80,80,80,80,80,80,80,80,80,80,80,80,80,80,80,80,84,84,84,84,84,84,84,84,84,84,84,84,84,84,84,84],"card_choices":[{"not_picked":["Bloodletting","Wild Strike"],"picked":"Twin Strike","floor":1},{"not_picked":["Dropkick","Iron Wave"],"picked":"Whirlwind","floor":2},{"not_picked":["True Grit","Headbutt"],"picked":"Spot Weakness","floor":3},{"not_picked":["Fire Breathing","Havoc"],"picked":"Armaments","floor":5},{"not_picked":["Power Through","Clash"],"picked":"Perfected Strike","floor":7},{"not_picked":["Dropkick","Entrench+1"],"picked":"Inflame","floor":13},{"not_picked":["Reaper","Exhume+1"],"picked":"Feed","floor":16},{"not_picked":["Twin Strike","Havoc+1","Reckless Charge"],"picked":"SKIP","floor":18},{"not_picked":["Cleave+1","Rampage+1"],"picked":"Shockwave+1","floor":23},{"not_picked":["Clash","Carnage"],"picked":"Clothesline","floor":24},{"not_picked":["Searing Blow+1","Second Wind+1"],"picked":"Warcry+1","floor":27},{"not_picked":["Rupture","Exhume+1"],"picked":"True Grit+1","floor":30},{"not_picked":["Carnage","Body Slam"],"picked":"Anger","floor":32}],"player_experience":200945,"relics_obtained":[{"floor":7,"key":"Toxic Egg 2"},{"floor":9,"key":"Mercury Hourglass"},{"floor":13,"key":"Bottled Flame"},{"floor":23,"key":"Pen Nib"},{"floor":23,"key":"Dream Catcher"},{"floor":26,"key":"Bag of Marbles"},{"floor":27,"key":"Potion Belt"},{"floor":27,"key":"PreservedInsect"},{"floor":30,"key":"Du-Vu Doll"},{"floor":30,"key":"Pocketwatch"}],"event_choices":[{"damage_healed":0,"gold_gain":0,"player_choice":"Grow","damage_taken":0,"max_hp_gain":0,"max_hp_loss":0,"event_name":"Living Wall","floor":4,"gold_loss":0,"cards_upgraded":["Whirlwind"]},{"damage_healed":0,"gold_gain":75,"player_choice":"Gather Gold","damage_taken":11,"max_hp_gain":0,"max_hp_loss":0,"event_name":"World of Goop","floor":11,"gold_loss":0},{"damage_healed":20,"gold_gain":0,"player_choice":"Healed","damage_taken":0,"max_hp_gain":0,"max_hp_loss":0,"event_name":"The Cleric","floor":14,"gold_loss":35},{"damage_healed":0,"gold_gain":0,"player_choice":"Obtain J.A.X.","damage_taken":0,"max_hp_gain":0,"max_hp_loss":0,"event_name":"Drug Dealer","floor":20,"gold_loss":0,"cards_obtained":["J.A.X."]},{"damage_healed":0,"gold_gain":0,"player_choice":"Gave Potion","damage_taken":0,"relics_obtained":["Orichalcum"],"max_hp_gain":0,"max_hp_loss":0,"event_name":"WeMeetAgain","floor":21,"gold_loss":0},{"cards_removed":["Strike_R"],"damage_healed":0,"gold_gain":0,"player_choice":"Gave Gold","damage_taken":0,"max_hp_gain":0,"max_hp_loss":0,"event_name":"Beggar","floor":28,"gold_loss":75},{"damage_healed":0,"gold_gain":0,"player_choice":"Ignored","damage_taken":0,"max_hp_gain":0,"max_hp_loss":0,"event_name":"Vampires","floor":31,"gold_loss":0}],"is_beta":false,"boss_relics":[{"not_picked":["Lizard Tail","Coffee Dripper"],"picked":"Black Star"}],"items_purged_floors":[19],"is_endless":false,"potions_floor_spawned":[3,13,16,18],"killed_by":"Automaton","ascension_level":4}