{"gold_per_floor":[219,219,239,107,122,122,165,190,190,190,190,234,257,33,33,153,153,178,453,471,291,307,348,348,76,122,122,122,157,172,172,172,301,301,319,319,333,666,676,676,702,702,702,732,747,90,110,110,110,110,110,110,28,57,57],"floor_reached":55,"playtime":3171,"items_purged":["Regret","Strike_B"],"score":843,"play_id":"082c1c05-3318-407c-9b84-f217920bcaa2","local_time":"20181118013314","is_ascension_mode":true,"campfire_choices":[{"data":"Electrodynamics","floor":6,"key":"SMITH"},{"floor":10,"key":"REST"},{"data":"Consume","floor":15,"key":"SMITH"},{"data":"Seek","floor":24,"key":"SMITH"},{"data":"Go for the Eyes","floor":28,"key":"SMITH"},{"data":"Zap","floor":32,"key":"SMITH"},{"data":"Buffer","floor":40,"key":"SMITH"},{"data":"Self Repair","floor":42,"key":"SMITH"},{"floor":49,"key":"RECALL"},{"data":"BootSequence","floor":52,"key":"SMITH"}],"neow_cost":"NONE","seed_source_timestamp":198695382788944,"circlet_count":0,"master_deck":["Strike_B+1","Strike_B","Strike_B","Defend_B","Defend_B","Defend_B","Defend_B","Zap+1","Dualcast","Leap","Ball Lightning","Electrodynamics+1","Go for the Eyes+1","Hologram","Rainbow","Consume+1","Lockon","Sunder","Seek+1","Compile Driver","Self Repair+1","Glacier","Thunder Strike+1","Darkness","White Noise+1","Self Repair+1","Buffer+1","Compile Driver+1","Ball Lightning+1","BootSequence+1","Conserve Battery","Double Energy"],"relics":["Cracked Core","Pear","Kunai","Art of War","Lee\u0027s Waffle","Nuclear Battery","Juzu Bracelet","Runic Capacitor","Whetstone","Busted Crown","Singing Bowl","Matryoshka","Darkstone Periapt","Ancient Tea Set","Ginger","Sundial"],"potions_floor_usage":[7,23,33,48,55,55],"damage_taken":[{"damage":1,"enemies":"Jaw Worm","floor":1,"turns":3},{"damage":5,"enemies":"Small Slimes","floor":3,"turns":3},{"damage":0,"enemies":"Cultist","floor":5,"turns":2},{"damage":16,"enemies":"Gremlin Nob","floor":7,"turns":4},{"damage":17,"enemies":"Lots of Slimes","floor":8,"turns":3},{"damage":26,"enemies":"Lagavulin","floor":12,"turns":7},{"damage":0,"enemies":"3 Louse","floor":13,"turns":1},{"damage":36,"enemies":"The Guardian","floor":16,"turns":9},{"damage":5,"enemies":"3 Byrds","floor":18,"turns":2},{"damage":9,"enemies":"Shell Parasite","floor":20,"turns":4},{"damage":13,"enemies":"Snecko","floor":22,"turns":4},{"damage":31,"enemies":"Slavers","floor":23,"turns":4},{"damage":31,"enemies":"Book of Stabbing","floor":29,"turns":5},{"damage":23,"enemies":"Snake Plant","floor":30,"turns":3},{"damage":27,"enemies":"Collector","floor":33,"turns":9},{"damage":0,"enemies":"3 Shapes","floor":35,"turns":3},{"damage":6,"enemies":"Orb Walker","floor":37,"turns":3},{"damage":6,"enemies":"3 Darklings","floor":39,"turns":3},{"damage":34,"enemies":"Reptomancer","floor":41,"turns":6},{"damage":19,"enemies":"Nemesis","floor":44,"turns":7},{"damage":22,"enemies":"Maw","floor":45,"turns":7},{"damage":0,"enemies":"Transient","floor":47,"turns":5},{"damage":0,"enemies":"Writhing Mass","floor":48,"turns":1},{"damage":24,"enemies":"Donu and Deca","floor":50,"turns":10},{"damage":36,"enemies":"Shield and Spear","floor":54,"turns":6},{"damage":77,"enemies":"The Heart","floor":55,"turns":6}],"seed_played":"564517480004675543","potions_obtained":[{"floor":1,"key":"Block Potion"},{"floor":5,"key":"Ancient Potion"},{"floor":11,"key":"Strength Potion"},{"floor":11,"key":"Strength Potion"},{"floor":16,"key":"SmokeBomb"},{"floor":29,"key":"SkillPotion"},{"floor":33,"key":"SteroidPotion"}],"is_trial":false,"path_per_floor":["M","?","M","$","M","R","E","M","T","R","?","E","M","$","R","B",null,"M","?","M","$","M","E","R","$","T","?","R","E","M","?","R","B",null,"M","?","M","?","M","R","E","R","T","E","M","$","M","M","R","B",null,"R","$","E","B"],"character_chosen":"DEFECT","items_purchased":["Electrodynamics","Go for the Eyes","Lee\u0027s Waffle","Sunder","Self Repair","Glacier","Runic Capacitor","Darkness","BootSequence","Conserve Battery","Ancient Tea Set","Ginger","Double Energy"],"campfire_rested":1,"item_purchase_floors":[4,4,14,14,21,21,25,25,46,46,46,46,53],"current_hp_per_floor":[74,56,51,51,51,51,45,28,28,53,53,27,27,92,92,56,92,87,87,78,78,72,48,48,48,48,92,92,68,45,45,45,35,92,92,92,92,92,92,92,77,77,77,78,68,68,80,80,80,76,98,98,98,74,0],"gold":57,"neow_bonus":"HUNDRED_GOLD","is_prod":false,"is_daily":false,"chose_seed":false,"campfire_upgraded":8,"win_rate":0,"timestamp":1542522794,"path_taken":["M","?","M","$","M","R","E","M","T","R","?","E","?","?","R","BOSS","M","?","?","$","M","E","R","?","T","?","R","E","M","?","R","BOSS","M","?","M","?","M","R","E","R","T","E","M","$","M","M","R","BOSS","R","$","E","BOSS"],"build_version":"2018-11-15","purchased_purges":2,"victory":false,"max_hp_per_floor":[75,75,75,75,75,75,85,85,85,85,85,85,85,92,92,92,92,92,92,92,92,92,92,92,92,92,92,92,92,92,92,92,92,92,92,92,92,92,92,92,94,94,94,94,96,96,98,98,98,98,98,98,98,100,100],"card_choices":[{"not_picked":["Scrape","Sweeping Beam"],"picked":"Leap","floor":1},{"not_picked":["Leap","Conserve Battery"],"picked":"Ball Lightning","floor":3},{"not_picked":["Sweeping Beam","Rebound"],"picked":"Hologram","floor":5},{"not_picked":["Stack","Scrape"],"picked":"Rainbow","floor":7},{"not_picked":["Turbo","Hologram","Steam Power"],"picked":"SKIP","floor":8},{"not_picked":["Heatsinks","Go for the Eyes"],"picked":"Consume","floor":12},{"not_picked":["Cold Snap","Genetic Algorithm"],"picked":"Lockon","floor":13},{"not_picked":["Meteor Strike","Amplify"],"picked":"Seek","floor":16},{"not_picked":["Scrape","Stack","Steam Power"],"picked":"SKIP","floor":18},{"not_picked":["Reprogram","Gash"],"picked":"Compile Driver","floor":20},{"not_picked":["Hologram","Stack+1"],"picked":"Melter","floor":22},{"not_picked":["Blizzard","Melter+1"],"picked":"Thunder Strike","floor":23},{"not_picked":["Lockon+1","Stack+1"],"picked":"White Noise+1","floor":29},{"not_picked":["Sweeping Beam+1","Hologram"],"picked":"Self Repair+1","floor":30},{"not_picked":["Amplify","Hyperbeam"],"picked":"Buffer","floor":33},{"not_picked":["Cold Snap"],"picked":"SKIP","floor":35},{"not_picked":[],"picked":"Compile Driver+1","floor":37},{"not_picked":["Stack+1"],"picked":"SKIP","floor":39},{"not_picked":["Reprogram"],"picked":"Singing Bowl","floor":41},{"not_picked":[],"picked":"Ball Lightning+1","floor":44},{"not_picked":["Scrape+1"],"picked":"Singing Bowl","floor":45},{"not_picked":["Capacitor+1"],"picked":"Singing Bowl","floor":47},{"not_picked":["Glacier"],"picked":"Singing Bowl","floor":54}],"player_experience":172868,"relics_obtained":[{"floor":7,"key":"Pear"},{"floor":9,"key":"Kunai"},{"floor":12,"key":"Art of War"},{"floor":23,"key":"Juzu Bracelet"},{"floor":29,"key":"Whetstone"},{"floor":41,"key":"Singing Bowl"},{"floor":43,"key":"Matryoshka"},{"floor":44,"key":"Darkstone Periapt"},{"floor":54,"key":"Sundial"}],"event_choices":[{"damage_healed":0,"gold_gain":0,"player_choice":"Take Damage","damage_taken":18,"relics_obtained":["Golden Idol"],"max_hp_gain":0,"max_hp_loss":0,"event_name":"Golden Idol","floor":2,"gold_loss":0},{"damage_healed":0,"gold_gain":0,"player_choice":"Got Potions","damage_taken":0,"max_hp_gain":0,"max_hp_loss":0,"event_name":"Lab","floor":11,"gold_loss":0},{"damage_healed":0,"gold_gain":275,"player_choice":"Desecrate","damage_taken":0,"max_hp_gain":0,"max_hp_loss":0,"event_name":"Golden Shrine","floor":19,"gold_loss":0,"cards_obtained":["Regret"]},{"damage_healed":44,"gold_gain":0,"player_choice":"Full Heal","damage_taken":0,"max_hp_gain":0,"max_hp_loss":0,"event_name":"Wheel of Change","floor":27,"gold_loss":0},{"damage_healed":0,"gold_gain":0,"player_choice":"Ignored","damage_taken":0,"max_hp_gain":0,"max_hp_loss":0,"event_name":"Vampires","floor":31,"gold_loss":0},{"cards_removed":["Melter"],"damage_healed":0,"gold_gain":0,"player_choice":"Removed Attack","damage_taken":0,"max_hp_gain":0,"max_hp_loss":0,"event_name":"Falling","floor":36,"gold_loss":0},{"damage_healed":0,"gold_gain":333,"player_choice":"Gave Idol","damage_taken":0,"max_hp_gain":0,"max_hp_loss":0,"event_name":"The Moai Head","floor":38,"relics_lost":["Golden Idol"],"gold_loss":0}],"is_beta":false,"boss_relics":[{"not_picked":["Pandora\u0027s Box","Runic Dome"],"picked":"Nuclear Battery"},{"not_picked":["Cursed Key","Coffee Dripper"],"picked":"Busted Crown"}],"items_purged_floors":[21,46],"is_endless":false,"potions_floor_spawned":[1,5,12,13,16,22,29,30,33,39,44,48],"killed_by":"The Heart","ascension_level":1}