{"gold_per_floor":[110,127,5,19,19,19,19,19,19,19,30,30,46,60,60,163,163,183,10,10,21,21,21,35,45,45,45,63,63,80,3,3,106,106,121,121,136,152,164,164,179,205,256,256,256,0,18,18,18,18],"floor_reached":50,"playtime":5482,"items_purged":["Defend_G","Strike_G"],"score":737,"play_id":"2967461e-e8aa-4771-9436-e61f1f135c92","local_time":"20190511103629","is_ascension_mode":true,"campfire_choices":[{"data":"Neutralize","floor":6.0,"key":"SMITH"},{"floor":8.0,"key":"REST"},{"data":"Noxious Fumes","floor":10.0,"key":"SMITH"},{"data":"Noxious Fumes","floor":15.0,"key":"SMITH"},{"floor":23.0,"key":"REST"},{"data":"Tactician","floor":29.0,"key":"SMITH"},{"data":"Tools of the Trade","floor":32.0,"key":"SMITH"},{"floor":40.0,"key":"REST"},{"data":"Backflip","floor":49.0,"key":"SMITH"}],"neow_cost":"NONE","seed_source_timestamp":0,"circlet_count":0,"master_deck":["Defend_G","Defend_G","Defend_G","Survivor","Neutralize+1","Noxious Fumes+1","Expertise","Acrobatics","Backflip","Deadly Poison","Noxious Fumes+1","Tools of the Trade+1","Tactician+1","Outmaneuver+1","Backflip+1","Bite","Bite","Bite","Bite","Bite","Leg Sweep+1","Blur","Bouncing Flask+1","Noxious Fumes+1","Backflip+1","Catalyst+1","Predator+1","Reflex+1","Panacea"],"special_seed":0,"relics":["HoveringKite","Letter Opener","Lizard Tail","Frozen Egg 2","Eternal Feather","Juzu Bracelet","Orichalcum","Red Mask"],"potions_floor_usage":[50],"damage_taken":[{"damage":0.0,"enemies":"Small Slimes","floor":1.0,"turns":4.0},{"damage":8.0,"enemies":"Jaw Worm","floor":2.0,"turns":6.0},{"damage":2.0,"enemies":"2 Louse","floor":4.0,"turns":3.0},{"damage":4.0,"enemies":"Exordium Wildlife","floor":11.0,"turns":5.0},{"damage":0.0,"enemies":"Looter","floor":13.0,"turns":3.0},{"damage":1.0,"enemies":"Red Slaver","floor":14.0,"turns":3.0},{"damage":25.0,"enemies":"The Guardian","floor":16.0,"turns":8.0},{"damage":7.0,"enemies":"Shell Parasite","floor":18.0,"turns":6.0},{"damage":0.0,"enemies":"Colosseum Slavers","floor":20.0,"turns":1.0},{"damage":7.0,"enemies":"Chosen","floor":21.0,"turns":6.0},{"damage":9.0,"enemies":"Snecko","floor":24.0,"turns":5.0},{"damage":15.0,"enemies":"Snake Plant","floor":25.0,"turns":5.0},{"damage":18.0,"enemies":"Chosen and Byrds","floor":28.0,"turns":6.0},{"damage":6.0,"enemies":"Centurion and Healer","floor":30.0,"turns":7.0},{"damage":40.0,"enemies":"Collector","floor":33.0,"turns":10.0},{"damage":9.0,"enemies":"Orb Walker","floor":35.0,"turns":6.0},{"damage":3.0,"enemies":"3 Shapes","floor":37.0,"turns":5.0},{"damage":25.0,"enemies":"Maw","floor":38.0,"turns":8.0},{"damage":59.0,"enemies":"Transient","floor":39.0,"turns":5.0},{"damage":13.0,"enemies":"Jaw Worm Horde","floor":41.0,"turns":5.0},{"damage":34.0,"enemies":"Nemesis","floor":42.0,"turns":7.0},{"damage":21.0,"enemies":"Maw","floor":47.0,"turns":5.0},{"damage":59,"enemies":"Time Eater","floor":50,"turns":8}],"seed_played":"-6952548457489808023","potions_obtained":[{"floor":1.0,"key":"Energy Potion"},{"floor":4.0,"key":"SmokeBomb"},{"floor":11.0,"key":"Weak Potion"},{"floor":14.0,"key":"LiquidBronze"},{"floor":18.0,"key":"Poison Potion"},{"floor":25.0,"key":"Swift Potion"},{"floor":33.0,"key":"Explosive Potion"},{"floor":35.0,"key":"FearPotion"},{"floor":38.0,"key":"EssenceOfSteel"},{"floor":42.0,"key":"Energy Potion"},{"floor":47.0,"key":"Strength Potion"}],"is_trial":false,"path_per_floor":["M","M","$","M","$","R","?","R","T","R","M","?","M","M","R","B",null,"M","$","?","M","$","R","M","M","T","?","M","R","M","$","R","B",null,"M","?","M","M","M","R","M","E","T","?","?","?","M","?","R","B"],"character_chosen":"THE_SILENT","items_purchased":["Acrobatics","Tactician","Blur"],"campfire_rested":3,"item_purchase_floors":[3,19,31],"current_hp_per_floor":[63,55,55,53,53,53,46,67,67,67,63,63,63,62,62,37,62,55,55,55,48,48,69,60,45,45,45,44,44,49,49,49,23,43,40,40,45,32,24,49,42,18,18,43,41,41,28,28,41,0],"gold":18,"neow_bonus":"BOSS_RELIC","is_prod":false,"is_daily":false,"chose_seed":false,"campfire_upgraded":6,"win_rate":0,"timestamp":1557560189,"path_taken":["M","M","$","M","$","R","?","R","T","R","M","?","M","M","R","BOSS","M","$","?","M","$","R","M","M","T","?","M","R","M","?","R","BOSS","M","?","M","M","M","R","M","E","T","?","?","?","M","?","R","BOSS"],"build_version":"2019-01-23","purchased_purges":2,"victory":false,"max_hp_per_floor":[70,70,70,70,70,70,70,70,70,70,70,70,70,70,70,70,70,70,70,70,70,70,70,70,70,70,49,49,49,49,49,49,49,49,49,49,49,49,49,49,49,49,49,43,41,41,41,41,41,41],"card_choices":[{"not_picked":["Choke","Prepared"],"picked":"Noxious Fumes","floor":1.0},{"not_picked":["Dagger Spray","Dodge and Roll"],"picked":"Expertise","floor":2.0},{"not_picked":["Dagger Throw","Blade Dance"],"picked":"Backflip","floor":4.0},{"not_picked":["Blade Dance","Dodge and Roll"],"picked":"Deadly Poison","floor":11.0},{"not_picked":["Dodge and Roll","Bane","Dagger Throw"],"picked":"SKIP","floor":13.0},{"not_picked":["Dodge and Roll","Dagger Spray"],"picked":"Noxious Fumes","floor":14.0},{"not_picked":["Phantasmal Killer","Wraith Form v2"],"picked":"Tools of the Trade","floor":16.0},{"not_picked":["Dagger Spray","Poisoned Stab","Riddle With Holes"],"picked":"SKIP","floor":18.0},{"not_picked":["Flying Knee","Distraction"],"picked":"Outmaneuver+1","floor":21.0},{"not_picked":["Flechettes","Tactician"],"picked":"Backflip","floor":24.0},{"not_picked":["Blade Dance+1","Concentrate","Masterful Stab+1"],"picked":"SKIP","floor":25.0},{"not_picked":["Dagger Spray","Acrobatics"],"picked":"Leg Sweep+1","floor":28.0},{"not_picked":["Dodge and Roll","Flying Knee","Cloak And Dagger"],"picked":"SKIP","floor":30.0},{"not_picked":["Poisoned Stab","Underhanded Strike+1"],"picked":"Bouncing Flask+1","floor":35.0},{"not_picked":["Heel Hook+1","Deadly Poison+1"],"picked":"Backflip+1","floor":37.0},{"not_picked":["Acrobatics","Distraction+1","Blade Dance+1"],"picked":"SKIP","floor":38.0},{"not_picked":["Dodge and Roll","Tools of the Trade+1"],"picked":"Catalyst+1","floor":39.0},{"not_picked":["Outmaneuver+1","Noxious Fumes+1"],"picked":"Predator+1","floor":41.0},{"not_picked":["Outmaneuver+1","Leg Sweep","All Out Attack+1"],"picked":"SKIP","floor":42.0},{"not_picked":["Skewer+1","Concentrate"],"picked":"Reflex+1","floor":47.0},{"not_picked":["Mind Blast","Violence"],"picked":"Panacea","floor":48.0}],"player_experience":954859,"relics_obtained":[{"floor":9.0,"key":"Letter Opener"},{"floor":26.0,"key":"Frozen Egg 2"},{"floor":42.0,"key":"Juzu Bracelet"},{"floor":43.0,"key":"Orichalcum"}],"event_choices":[{"cards_removed":["Strike_G"],"damage_healed":0.0,"max_hp_gain":0.0,"max_hp_loss":0.0,"gold_gain":0.0,"event_name":"Golden Wing","player_choice":"Card Removal","floor":7.0,"gold_loss":0.0,"damage_taken":7.0},{"cards_removed":["Defend_G"],"damage_healed":0.0,"max_hp_gain":0.0,"max_hp_loss":0.0,"gold_gain":0.0,"event_name":"Living Wall","player_choice":"Forget","floor":12.0,"gold_loss":0.0,"damage_taken":0.0},{"damage_healed":0.0,"max_hp_gain":0.0,"max_hp_loss":0.0,"gold_gain":0.0,"event_name":"Colosseum","player_choice":"Fight","floor":20.0,"gold_loss":0.0,"damage_taken":0.0},{"damage_healed":0.0,"max_hp_gain":0.0,"max_hp_loss":0.0,"gold_gain":0.0,"event_name":"Colosseum","player_choice":"Fled From Nobs","floor":20.0,"gold_loss":0.0,"damage_taken":0.0},{"damage_healed":0.0,"max_hp_gain":0.0,"max_hp_loss":21.0,"gold_gain":0.0,"event_name":"Vampires","player_choice":"Became a vampire","floor":27.0,"gold_loss":0.0,"damage_taken":0.0,"cards_obtained":["Bite","Bite","Bite","Bite","Bite"]},{"damage_healed":0.0,"max_hp_gain":0.0,"max_hp_loss":0.0,"gold_gain":0.0,"event_name":"Duplicator","player_choice":"Copied","floor":36.0,"gold_loss":0.0,"damage_taken":0.0,"cards_obtained":["Noxious Fumes"]},{"damage_healed":43.0,"max_hp_gain":0.0,"max_hp_loss":6.0,"gold_gain":0.0,"event_name":"The Moai Head","player_choice":"Heal","floor":44.0,"gold_loss":0.0,"damage_taken":0.0},{"damage_healed":0.0,"max_hp_gain":0.0,"max_hp_loss":2.0,"gold_gain":0.0,"event_name":"Winding Halls","player_choice":"Max HP","floor":45.0,"gold_loss":0.0,"damage_taken":0.0},{"damage_healed":0.0,"max_hp_gain":0.0,"max_hp_loss":0.0,"gold_gain":0.0,"event_name":"Tomb of Lord Red Mask","player_choice":"Paid","floor":46.0,"gold_loss":256.0,"damage_taken":0.0,"relics_obtained":["Red Mask"]},{"damage_healed":0.0,"max_hp_gain":0.0,"max_hp_loss":0.0,"gold_gain":0.0,"event_name":"SensoryStone","player_choice":"Memory 1","floor":48.0,"gold_loss":0.0,"damage_taken":0.0}],"is_beta":false,"boss_relics":[{"not_picked":["Tiny House","Ectoplasm"],"picked":"Lizard Tail"},{"not_picked":["Coffee Dripper","Runic Dome"],"picked":"Eternal Feather"}],"items_purged_floors":[3,19],"is_endless":false,"potions_floor_spawned":[1,4,11,14,18,20,25,33,35,38,42,47],"killed_by":"Time Eater","ascension_level":9}