{"gold_per_floor":[116,135,60,79,4,4,66,66,89,89,104,104,119,146,146,220,220,237,187,202,18,31,62,62,94,121,121,139,155,155,167,167,243,243,254,86,102,102,102,128,128,155,178,190,215,227,239,81,81,81],"floor_reached":51,"playtime":5344,"items_purged":["Strike_R","Strike_R","Defend_R"],"score":1371,"play_id":"961c6e8a-4e43-48c4-afd4-5d4f0e09fa78","local_time":"20190211230145","is_ascension_mode":true,"campfire_choices":[{"data":"Armaments","floor":6.0,"key":"SMITH"},{"floor":8.0,"key":"REST"},{"floor":10.0,"key":"REST"},{"floor":12.0,"key":"REST"},{"floor":15.0,"key":"REST"},{"floor":24.0,"key":"REST"},{"data":"Flame Barrier","floor":27.0,"key":"SMITH"},{"data":"Bash","floor":32.0,"key":"SMITH"},{"floor":41,"key":"REST"},{"floor":47,"key":"REST"},{"floor":49,"key":"REST"}],"neow_cost":"NONE","seed_source_timestamp":0,"circlet_count":0,"master_deck":["AscendersBane","Strike_R","Strike_R","Defend_R","Defend_R","Defend_R","Bash+1","Pommel Strike","Armaments+1","Twin Strike","Flame Barrier+1","Headbutt","Bludgeon","Reaper","Clothesline","Sever Soul","Clothesline","Flame Barrier+1","Perfected Strike+1","Juggernaut","Perfected Strike","Shockwave","Perfected Strike","Demon Form"],"special_seed":0,"relics":["White Beast Statue","Tiny Chest","Vajra","Letter Opener","Snecko Eye","Charon\u0027s Ashes","Ancient Tea Set","Anchor","Mark of Pain","The Courier","Strawberry","MawBank","ClockworkSouvenir"],"potions_floor_usage":[42,45,50,50],"damage_taken":[{"damage":7.0,"enemies":"Cultist","floor":1.0,"turns":4.0},{"damage":9.0,"enemies":"2 Louse","floor":2.0,"turns":3.0},{"damage":0.0,"enemies":"Small Slimes","floor":4.0,"turns":3.0},{"damage":35.0,"enemies":"Lagavulin","floor":7.0,"turns":8.0},{"damage":5.0,"enemies":"Gremlin Gang","floor":11.0,"turns":5.0},{"damage":12.0,"enemies":"Lots of Slimes","floor":13.0,"turns":6.0},{"damage":28.0,"enemies":"Gremlin Nob","floor":14.0,"turns":4.0},{"damage":33.0,"enemies":"The Guardian","floor":16.0,"turns":10.0},{"damage":0.0,"enemies":"3 Byrds","floor":18.0,"turns":3.0},{"damage":4.0,"enemies":"Shell Parasite","floor":20.0,"turns":3.0},{"damage":0.0,"enemies":"Centurion and Healer","floor":22.0,"turns":3.0},{"damage":25.0,"enemies":"Book of Stabbing","floor":23.0,"turns":6.0},{"damage":1.0,"enemies":"Slavers","floor":25.0,"turns":4.0},{"damage":0.0,"enemies":"Snecko","floor":28.0,"turns":2.0},{"damage":2.0,"enemies":"Shelled Parasite and Fungi","floor":29.0,"turns":2.0},{"damage":8.0,"enemies":"Centurion and Healer","floor":31.0,"turns":4.0},{"damage":63.0,"enemies":"Automaton","floor":33.0,"turns":8.0},{"damage":0.0,"enemies":"3 Shapes","floor":35.0,"turns":3.0},{"damage":0.0,"enemies":"Orb Walker","floor":37.0,"turns":2.0},{"damage":17.0,"enemies":"Nemesis","floor":40.0,"turns":7.0},{"damage":28,"enemies":"Reptomancer","floor":42,"turns":6},{"damage":15,"enemies":"Sphere and 2 Shapes","floor":45,"turns":5},{"damage":71,"enemies":"Awakened One","floor":50,"turns":10}],"seed_played":"4138199352373694030","potions_obtained":[{"floor":1.0,"key":"EssenceOfSteel"},{"floor":2.0,"key":"Ancient Potion"},{"floor":4.0,"key":"Dexterity Potion"},{"floor":7.0,"key":"Strength Potion"},{"floor":11.0,"key":"SkillPotion"},{"floor":13.0,"key":"SneckoOil"},{"floor":14.0,"key":"Energy Potion"},{"floor":16.0,"key":"EntropicBrew"},{"floor":18.0,"key":"Ancient Potion"},{"floor":20.0,"key":"Block Potion"},{"floor":22.0,"key":"Block Potion"},{"floor":23.0,"key":"SpeedPotion"},{"floor":25.0,"key":"Poison Potion"},{"floor":28.0,"key":"Dexterity Potion"},{"floor":29.0,"key":"Explosive Potion"},{"floor":31.0,"key":"Regen Potion"},{"floor":33.0,"key":"Weak Potion"},{"floor":35.0,"key":"Energy Potion"},{"floor":40,"key":"Dexterity Potion"},{"floor":42,"key":"EssenceOfSteel"},{"floor":45,"key":"Energy Potion"}],"is_trial":false,"path_per_floor":["M","M","$","M","?","R","E","R","T","R","M","R","M","E","R","B",null,"M","?","M","$","M","E","R","E","T","R","M","M","?","M","R","B",null,"M","$","M","$","$","E","R","E","T","?","M","?","R","$","R","B",null],"character_chosen":"IRONCLAD","items_purchased":["Sever Soul","Shockwave","ClockworkSouvenir"],"campfire_rested":8,"item_purchase_floors":[21,36,48],"current_hp_per_floor":[61,52,52,52,52,52,17,39,39,61,56,75,63,35,57,24,62,62,62,63,63,71,46,68,74,74,74,75,73,73,70,70,21,62,62,62,69,69,69,57,75,54,54,54,39,39,63,63,82,11],"gold":81,"neow_bonus":"BOSS_RELIC","is_prod":false,"is_daily":false,"chose_seed":false,"campfire_upgraded":3,"win_rate":0,"timestamp":1549918905,"path_taken":["M","M","$","?","?","R","E","R","T","R","M","R","M","E","R","BOSS","M","?","?","$","?","E","R","E","T","R","M","M","?","?","R","BOSS","M","$","M","?","$","E","R","E","T","?","M","?","R","$","R","BOSS"],"build_version":"2019-01-23","purchased_purges":3,"victory":true,"max_hp_per_floor":[75,75,75,75,75,75,75,75,75,75,75,75,75,75,75,75,75,75,75,75,75,75,75,75,75,75,75,75,75,75,75,75,75,75,75,75,75,75,75,75,75,82,82,82,82,82,82,82,82,82],"card_choices":[{"not_picked":["Havoc","Seeing Red"],"picked":"Pommel Strike","floor":1.0},{"not_picked":["Body Slam","Corruption"],"picked":"Armaments","floor":2.0},{"not_picked":["Havoc","Reckless Charge"],"picked":"Twin Strike","floor":4.0},{"not_picked":["Havoc","Heavy Blade","Clash"],"picked":"SKIP","floor":7.0},{"not_picked":["Clothesline","Shrug It Off"],"picked":"Flame Barrier","floor":11.0},{"not_picked":["Burning Pact","Armaments"],"picked":"Headbutt","floor":13.0},{"not_picked":["Searing Blow","Headbutt"],"picked":"Bludgeon","floor":14.0},{"not_picked":["Offering","Bludgeon"],"picked":"Reaper","floor":16.0},{"not_picked":["Flex","Fire Breathing"],"picked":"Clothesline","floor":18.0},{"not_picked":["Armaments+1","Wild Strike","Blood for Blood"],"picked":"SKIP","floor":20.0},{"not_picked":["Perfected Strike","True Grit+1"],"picked":"Clothesline","floor":22.0},{"not_picked":["Dual Wield","Pummel+1"],"picked":"Flame Barrier","floor":23.0},{"not_picked":["Wild Strike","Feel No Pain","Battle Trance+1"],"picked":"SKIP","floor":25.0},{"not_picked":["Headbutt","Armaments","Flex"],"picked":"SKIP","floor":28.0},{"not_picked":["Flex","Headbutt+1","Rampage"],"picked":"SKIP","floor":29.0},{"not_picked":["Berserk","Anger"],"picked":"Perfected Strike+1","floor":31.0},{"not_picked":["Limit Break","Exhume"],"picked":"Juggernaut","floor":33.0},{"not_picked":["Havoc","Armaments"],"picked":"Perfected Strike","floor":35.0},{"not_picked":["Clash","Cleave+1","Second Wind"],"picked":"SKIP","floor":37.0},{"not_picked":["Body Slam+1","Twin Strike"],"picked":"Perfected Strike","floor":40},{"not_picked":["Dropkick","Wild Strike+1"],"picked":"Demon Form","floor":42},{"not_picked":["Rupture","Clothesline","Second Wind+1"],"picked":"SKIP","floor":45}],"player_experience":588936,"relics_obtained":[{"floor":7.0,"key":"Tiny Chest"},{"floor":9.0,"key":"Vajra"},{"floor":14.0,"key":"Letter Opener"},{"floor":23.0,"key":"Charon\u0027s Ashes"},{"floor":25.0,"key":"Ancient Tea Set"},{"floor":26.0,"key":"Anchor"},{"floor":40,"key":"The Courier"},{"floor":42,"key":"Strawberry"},{"floor":43,"key":"MawBank"}],"event_choices":[{"cards_removed":["Strike_R"],"damage_healed":0.0,"max_hp_gain":0.0,"max_hp_loss":0.0,"gold_gain":0.0,"event_name":"The Cleric","player_choice":"Card Removal","floor":5.0,"gold_loss":75.0,"damage_taken":0.0},{"damage_healed":0.0,"max_hp_gain":0.0,"max_hp_loss":0.0,"gold_gain":0.0,"event_name":"The Joust","player_choice":"Bet on Murderer","floor":19.0,"gold_loss":50.0,"damage_taken":0.0},{"damage_healed":0.0,"max_hp_gain":0.0,"max_hp_loss":0.0,"gold_gain":0.0,"event_name":"Accursed Blacksmith","player_choice":"Forge","floor":30.0,"gold_loss":0.0,"damage_taken":0.0,"cards_upgraded":["Flame Barrier"]},{"damage_healed":0,"gold_gain":0,"player_choice":"Memory 1","damage_taken":0,"max_hp_gain":0,"max_hp_loss":0,"event_name":"SensoryStone","floor":44,"gold_loss":0},{"damage_healed":0,"gold_gain":0,"player_choice":"Ignored","damage_taken":0,"max_hp_gain":0,"max_hp_loss":0,"event_name":"Mysterious Sphere","floor":46,"gold_loss":0}],"is_beta":false,"boss_relics":[{"not_picked":["Lizard Tail","Sozu"],"picked":"Snecko Eye"},{"not_picked":["Empty Cage","Pandora\u0027s Box"],"picked":"Mark of Pain"}],"items_purged_floors":[3,21,36],"is_endless":false,"potions_floor_spawned":[1,2,4,7,11,13,14,16,18,20,22,23,25,28,29,31,33,35,37,40,42,45],"ascension_level":19}