{"gold_per_floor":[118,128,16,16,29,29,44,44,44,70,70,101,101],"floor_reached":13,"playtime":311,"items_purged":[],"score":181,"play_id":"a119f4fe-7e3a-412d-a08a-fd0fb842e263","local_time":"20190325183429","is_ascension_mode":true,"campfire_choices":[{"data":"Carnage","floor":6.0,"key":"SMITH"},{"floor":8.0,"key":"REST"}],"neow_cost":"NONE","seed_source_timestamp":0,"circlet_count":0,"master_deck":["AscendersBane","Strike_R","Strike_R","Strike_R","Strike_R+1","Strike_R","Defend_R","Defend_R","Defend_R","Defend_R","Bash+1","Carnage+1","Twin Strike","Corruption","Carnage+1","Sword Boomerang+1","Shockwave","Flame Barrier"],"special_seed":0,"relics":["Burning Blood","Potion Belt","Matryoshka","Whetstone"],"potions_floor_usage":[13],"damage_taken":[{"damage":23.0,"enemies":"Cultist","floor":1.0,"turns":5.0},{"damage":7.0,"enemies":"Jaw Worm","floor":2.0,"turns":3.0},{"damage":1.0,"enemies":"2 Louse","floor":5.0,"turns":2.0},{"damage":27.0,"enemies":"Gremlin Gang","floor":7.0,"turns":4.0},{"damage":40.0,"enemies":"Lagavulin","floor":10.0,"turns":6.0},{"damage":30.0,"enemies":"3 Sentries","floor":12.0,"turns":6.0},{"damage":8,"enemies":"Blue Slaver","floor":13,"turns":1}],"seed_played":"-2668738395799102170","potions_obtained":[{"floor":1.0,"key":"AttackPotion"},{"floor":10.0,"key":"FearPotion"}],"is_trial":false,"path_per_floor":["M","M","$","?","M","R","M","R","T","E","?","E","M"],"character_chosen":"IRONCLAD","items_purchased":["Corruption","Carnage"],"campfire_rested":1,"item_purchase_floors":[3,3],"current_hp_per_floor":[58,57,57,57,62,62,41,65,65,31,31,7,0],"gold":101,"neow_bonus":"TEN_PERCENT_HP_BONUS","is_prod":false,"is_daily":false,"chose_seed":false,"campfire_upgraded":1,"win_rate":0,"timestamp":1553553269,"path_taken":["M","?","?","?","M","R","M","R","T","E","?","E","M"],"build_version":"2019-01-23","purchased_purges":0,"victory":false,"max_hp_per_floor":[82,82,82,82,82,82,82,82,82,82,82,82,82],"card_choices":[{"not_picked":["Whirlwind","Perfected Strike"],"picked":"Carnage","floor":1.0},{"not_picked":["Sentinel","True Grit"],"picked":"Twin Strike","floor":2.0},{"not_picked":["Sever Soul","Wild Strike"],"picked":"Sword Boomerang","floor":5.0},{"not_picked":["Warcry","Pummel"],"picked":"Shockwave","floor":7.0},{"not_picked":["Armaments","Shockwave","Perfected Strike"],"picked":"SKIP","floor":10.0},{"not_picked":["Blood for Blood","Dual Wield"],"picked":"Flame Barrier","floor":12.0}],"player_experience":517526,"relics_obtained":[{"floor":9.0,"key":"Potion Belt"},{"floor":10.0,"key":"Matryoshka"},{"floor":12.0,"key":"Whetstone"}],"event_choices":[{"damage_healed":0.0,"max_hp_gain":0.0,"max_hp_loss":0.0,"gold_gain":0.0,"event_name":"Living Wall","player_choice":"Grow","floor":4.0,"gold_loss":0.0,"damage_taken":0.0,"cards_upgraded":["Bash"]},{"damage_healed":0.0,"max_hp_gain":0.0,"max_hp_loss":0.0,"gold_gain":0.0,"event_name":"Accursed Blacksmith","player_choice":"Forge","floor":11.0,"gold_loss":0.0,"damage_taken":0.0,"cards_upgraded":["Carnage"]}],"is_beta":false,"boss_relics":[],"items_purged_floors":[],"is_endless":false,"potions_floor_spawned":[1,10],"killed_by":"Blue Slaver","ascension_level":19}