{"gold_per_floor":[20,38,51,1,1,1,31,31,31,50,50,67,67,85,85,185,185,204,26,42,42,55,84,84,111,111,111,124,124,135,135,135,239,239,254,274,17,17,36,94,94,0,0,0,11,31,56,66,66,66],"floor_reached":51,"playtime":2765,"items_purged":["Strike_R","Strike_R"],"score":1160,"play_id":"2541c7da-2044-45d5-a053-eb3ca0801b6e","local_time":"20190509210637","is_ascension_mode":true,"campfire_choices":[{"data":"Juggernaut","floor":6,"key":"SMITH"},{"floor":11,"key":"REST"},{"data":"Iron Wave","floor":13,"key":"SMITH"},{"data":"Iron Wave","floor":15,"key":"SMITH"},{"data":"Barricade","floor":24,"key":"SMITH"},{"data":"Body Slam","floor":29,"key":"SMITH"},{"data":"Juggernaut","floor":32,"key":"SMITH"},{"data":"Offering","floor":41,"key":"SMITH"},{"data":"Ghostly Armor","floor":44,"key":"SMITH"},{"data":"Iron Wave","floor":49,"key":"SMITH"}],"neow_cost":"NO_GOLD","seed_source_timestamp":2182480551021495,"circlet_count":0,"master_deck":["Strike_R","Strike_R","Defend_R","Defend_R","Defend_R","Defend_R","Bash","Juggernaut+1","Iron Wave+1","Shrug It Off","Iron Wave+1","Offering+1","Iron Wave+1","Barricade+1","Body Slam+1","Metallicize","Metallicize","Ghostly Armor+1","Body Slam+1","Shrug It Off","Ghostly Armor+1","Juggernaut+1","Ghostly","Ghostly","Ghostly","Ghostly","Ghostly"],"relics":["Burning Blood","The Courier","Bronze Scales","Bag of Preparation","Sozu","Darkstone Periapt","Smiling Mask","Calipers","Busted Crown","Singing Bowl","Tiny Chest","Red Mask","Pen Nib","Shuriken"],"potions_floor_usage":[10,14],"damage_taken":[{"damage":4,"enemies":"Jaw Worm","floor":1,"turns":5},{"damage":0,"enemies":"Small Slimes","floor":2,"turns":3},{"damage":1,"enemies":"Cultist","floor":3,"turns":4},{"damage":30,"enemies":"3 Sentries","floor":7,"turns":8},{"damage":4,"enemies":"Exordium Thugs","floor":10,"turns":4},{"damage":7,"enemies":"Looter","floor":12,"turns":3},{"damage":6,"enemies":"Gremlin Gang","floor":14,"turns":3},{"damage":12,"enemies":"Hexaghost","floor":16,"turns":8},{"damage":6,"enemies":"Chosen","floor":18,"turns":3},{"damage":16,"enemies":"2 Thieves","floor":20,"turns":3},{"damage":12,"enemies":"Colosseum Slavers","floor":21,"turns":4},{"damage":6,"enemies":"Snake Plant","floor":22,"turns":3},{"damage":10,"enemies":"Book of Stabbing","floor":23,"turns":4},{"damage":0,"enemies":"Chosen and Byrds","floor":28,"turns":6},{"damage":6,"enemies":"Snecko","floor":30,"turns":4},{"damage":0,"enemies":"Collector","floor":33,"turns":8},{"damage":1,"enemies":"Orb Walker","floor":35,"turns":3},{"damage":0,"enemies":"3 Shapes","floor":36,"turns":5},{"damage":1,"enemies":"Maw","floor":39,"turns":5},{"damage":1,"enemies":"Reptomancer","floor":40,"turns":6},{"damage":1,"enemies":"Jaw Worm Horde","floor":45,"turns":4},{"damage":6,"enemies":"Spire Growth","floor":46,"turns":4},{"damage":1,"enemies":"Giant Head","floor":47,"turns":6},{"damage":3,"enemies":"Sphere and 2 Shapes","floor":48,"turns":6},{"damage":1,"enemies":"Awakened One","floor":50,"turns":9}],"seed_played":"-1811934334234959900","potions_obtained":[{"floor":2,"key":"SteroidPotion"},{"floor":3,"key":"Energy Potion"},{"floor":12,"key":"Explosive Potion"},{"floor":14,"key":"FearPotion"}],"is_trial":false,"path_per_floor":["M","M","M","?","?","R","E","?","T","M","R","M","R","M","R","B",null,"M","$","M","?","M","E","R","T","T","?","M","R","M","?","R","B",null,"M","M","$","?","M","E","R","?","T","R","M","M","E","M","R","B",null],"character_chosen":"IRONCLAD","items_purchased":["Metallicize","Metallicize","Singing Bowl"],"campfire_rested":1,"item_purchase_floors":[19,19,37],"current_hp_per_floor":[74,80,80,80,85,85,61,36,36,38,63,62,62,62,62,56,78,78,78,68,62,62,58,58,58,58,50,56,56,56,42,42,42,42,42,42,42,40,42,44,44,44,44,44,46,48,50,52,52,52],"gold":66,"neow_bonus":"THREE_RARE_CARDS","is_prod":false,"is_daily":false,"chose_seed":false,"campfire_upgraded":9,"win_rate":0,"timestamp":1557450397,"path_taken":["M","M","M","?","?","R","E","?","T","M","R","?","R","M","R","BOSS","M","$","M","?","M","E","R","?","T","?","M","R","?","?","R","BOSS","M","M","$","?","M","E","R","?","T","R","M","M","E","M","R","BOSS"],"build_version":"2019-01-23","purchased_purges":2,"victory":true,"max_hp_per_floor":[80,80,80,80,85,85,85,85,85,85,85,85,85,85,85,85,85,85,85,85,85,85,85,85,85,85,85,85,85,85,42,42,42,42,42,42,42,40,42,44,44,44,44,44,46,48,50,52,52,52],"card_choices":[{"not_picked":["Fiend Fire","Double Tap"],"picked":"Juggernaut","floor":0},{"not_picked":["Clash","Heavy Blade"],"picked":"Iron Wave","floor":1},{"not_picked":["Twin Strike","Spot Weakness","Shockwave"],"picked":"SKIP","floor":2},{"not_picked":["Warcry","Power Through"],"picked":"Shrug It Off","floor":3},{"not_picked":["Power Through","Heavy Blade"],"picked":"Iron Wave","floor":7},{"not_picked":["Clothesline","Sword Boomerang"],"picked":"Offering","floor":10},{"not_picked":["Pommel Strike","Corruption","Havoc"],"picked":"SKIP","floor":12},{"not_picked":["Havoc","Dropkick"],"picked":"Iron Wave","floor":14},{"not_picked":["Dark Embrace","Feed"],"picked":"Barricade","floor":16},{"not_picked":["Thunderclap","Inflame"],"picked":"Body Slam","floor":18},{"not_picked":["Headbutt","Entrench"],"picked":"Ghostly Armor+1","floor":20},{"not_picked":["Reckless Charge","Evolve"],"picked":"Body Slam+1","floor":22},{"not_picked":["Inflame","Burning Pact"],"picked":"Shrug It Off","floor":23},{"not_picked":["Sword Boomerang","Bloodletting+1"],"picked":"Ghostly Armor","floor":28},{"not_picked":["Rage","Armaments"],"picked":"Juggernaut","floor":30},{"not_picked":["Thunderclap+1"],"picked":"SKIP","floor":35},{"not_picked":["Shockwave"],"picked":"SKIP","floor":36},{"not_picked":["Body Slam"],"picked":"Singing Bowl","floor":39},{"not_picked":["Perfected Strike+1"],"picked":"Singing Bowl","floor":40},{"not_picked":["Wild Strike+1"],"picked":"Singing Bowl","floor":45},{"not_picked":["Rampage+1"],"picked":"Singing Bowl","floor":46},{"not_picked":["Combust"],"picked":"Singing Bowl","floor":47},{"not_picked":["Clothesline"],"picked":"Singing Bowl","floor":48}],"player_experience":211351,"relics_obtained":[{"floor":7,"key":"The Courier"},{"floor":9,"key":"Bag of Preparation"},{"floor":23,"key":"Darkstone Periapt"},{"floor":25,"key":"Smiling Mask"},{"floor":26,"key":"Calipers"},{"floor":40,"key":"Tiny Chest"},{"floor":43,"key":"Pen Nib"},{"floor":47,"key":"Shuriken"}],"event_choices":[{"cards_removed":["Strike_R"],"damage_healed":0,"gold_gain":0,"player_choice":"Card Removal","damage_taken":0,"max_hp_gain":0,"max_hp_loss":0,"event_name":"The Cleric","floor":4,"gold_loss":50},{"damage_healed":0,"gold_gain":0,"player_choice":"Donut","damage_taken":0,"max_hp_gain":5,"max_hp_loss":0,"event_name":"Big Fish","floor":5,"gold_loss":0},{"damage_healed":0,"gold_gain":0,"player_choice":"Success","damage_taken":25,"relics_obtained":["Bronze Scales"],"max_hp_gain":0,"max_hp_loss":0,"event_name":"Scrap Ooze","floor":8,"gold_loss":0},{"damage_healed":0,"gold_gain":0,"player_choice":"Fight","damage_taken":0,"max_hp_gain":0,"max_hp_loss":0,"event_name":"Colosseum","floor":21,"gold_loss":0},{"damage_healed":0,"gold_gain":0,"player_choice":"Fled From Nobs","damage_taken":0,"max_hp_gain":0,"max_hp_loss":0,"event_name":"Colosseum","floor":21,"gold_loss":0},{"damage_healed":0,"gold_gain":0,"player_choice":"Damaged","damage_taken":8,"max_hp_gain":0,"max_hp_loss":0,"event_name":"Wheel of Change","floor":27,"gold_loss":0},{"damage_healed":0,"gold_gain":0,"player_choice":"Became a Ghost","damage_taken":0,"max_hp_gain":0,"max_hp_loss":43,"event_name":"Ghosts","floor":31,"gold_loss":0,"cards_obtained":["Ghostly","Ghostly","Ghostly","Ghostly","Ghostly"]},{"damage_healed":0,"gold_gain":0,"player_choice":"Max HP","damage_taken":0,"max_hp_gain":0,"max_hp_loss":2,"event_name":"Winding Halls","floor":38,"gold_loss":0},{"damage_healed":0,"gold_gain":0,"player_choice":"Paid","damage_taken":0,"relics_obtained":["Red Mask"],"max_hp_gain":0,"max_hp_loss":0,"event_name":"Tomb of Lord Red Mask","floor":42,"gold_loss":94}],"is_beta":false,"boss_relics":[{"not_picked":["Cursed Key","Runic Dome"],"picked":"Sozu"},{"not_picked":["Lizard Tail","Eternal Feather"],"picked":"Busted Crown"}],"items_purged_floors":[19,37],"is_endless":false,"potions_floor_spawned":[2,3,12,14,22,23,28,36,40,46,48],"ascension_level":6}