{"gold_per_floor":[112,112,127,52,52,77,77,102,127,127,138,148,148,48,48,119,119,134,134,134,9,26,26,43,43,43,43,60,60,78,93,93,93],"floor_reached":33,"playtime":2574,"items_purged":["Strike_B","Strike_B","Go for the Eyes"],"score":560,"play_id":"2cba6427-03cd-4111-b4ac-42b9d92c4884","local_time":"20190428221801","is_ascension_mode":true,"campfire_choices":[{"data":"Fission","floor":7.0,"key":"SMITH"},{"floor":10.0,"key":"REST"},{"floor":13.0,"key":"REST"},{"data":"Fusion","floor":15.0,"key":"SMITH"},{"data":"Defragment","floor":23.0,"key":"SMITH"},{"data":"Reinforced Body","floor":29.0,"key":"SMITH"},{"floor":32.0,"key":"REST"}],"neow_cost":"NONE","seed_source_timestamp":0,"circlet_count":0,"master_deck":["AscendersBane","Defend_B","Defend_B","Defend_B","Defend_B","Zap","Dualcast","Fusion+1","Fission+1","Ball Lightning","Defragment+1","Undo","Ball Lightning","Reinforced Body+1","Thunder Strike","Ball Lightning","Normality","Conserve Battery"],"special_seed":0,"relics":["Cracked Core","NeowsBlessing","Strawberry","Gremlin Horn","Bag of Preparation","Cursed Key","Calipers"],"potions_floor_usage":[33],"damage_taken":[{"damage":0.0,"enemies":"Jaw Worm","floor":1.0,"turns":1.0},{"damage":0.0,"enemies":"Cultist","floor":3.0,"turns":1.0},{"damage":0.0,"enemies":"Gremlin Nob","floor":6.0,"turns":1.0},{"damage":55.0,"enemies":"3 Sentries","floor":8.0,"turns":12.0},{"damage":0.0,"enemies":"Small Slimes","floor":11.0,"turns":1.0},{"damage":0.0,"enemies":"Blue Slaver","floor":12.0,"turns":2.0},{"damage":25.0,"enemies":"Slime Boss","floor":16.0,"turns":10.0},{"damage":0.0,"enemies":"Spheric Guardian","floor":18.0,"turns":3.0},{"damage":6.0,"enemies":"3 Byrds","floor":22.0,"turns":4.0},{"damage":14.0,"enemies":"Shelled Parasite and Fungi","floor":24.0,"turns":4.0},{"damage":3.0,"enemies":"Centurion and Healer","floor":28.0,"turns":7.0},{"damage":19.0,"enemies":"Sentry and Sphere","floor":30.0,"turns":4.0},{"damage":0.0,"enemies":"Snecko","floor":31.0,"turns":4.0},{"damage":81,"enemies":"Champ","floor":33,"turns":13}],"seed_played":"306397109399781299","potions_obtained":[{"floor":3.0,"key":"SkillPotion"},{"floor":11.0,"key":"Block Potion"},{"floor":18.0,"key":"Explosive Potion"},{"floor":24.0,"key":"Dexterity Potion"},{"floor":31.0,"key":"SpeedPotion"}],"is_trial":false,"path_per_floor":["M","?","M","$","?","E","R","E","T","R","M","M","R","$","R","B",null,"M","?","?","$","M","R","M","?","T","T","M","R","M","M","R","B"],"character_chosen":"DEFECT","items_purchased":[],"campfire_rested":3,"item_purchase_floors":[],"current_hp_per_floor":[64,64,64,64,64,71,71,16,16,39,39,39,62,62,62,37,68,68,68,68,68,62,62,48,64,64,64,61,61,42,42,65,0],"gold":93,"neow_bonus":"THREE_ENEMY_KILL","is_prod":false,"is_daily":false,"chose_seed":false,"campfire_upgraded":4,"win_rate":0,"timestamp":1556479081,"path_taken":["M","?","?","$","?","E","R","E","T","R","M","M","R","$","R","BOSS","M","?","?","$","?","R","M","?","T","?","M","R","M","M","R","BOSS"],"build_version":"2019-01-23","purchased_purges":3,"victory":false,"max_hp_per_floor":[71,71,71,71,71,78,78,78,78,78,78,78,78,78,78,78,78,78,78,78,78,78,78,78,78,78,78,78,78,78,78,78,78],"card_choices":[{"not_picked":["Coolheaded","Turbo"],"picked":"Fusion","floor":1.0},{"not_picked":["Stack","Capacitor"],"picked":"Ball Lightning","floor":3.0},{"not_picked":["Cold Snap","Auto Shields"],"picked":"Defragment","floor":6.0},{"not_picked":["Rebound","White Noise"],"picked":"Undo","floor":8.0},{"not_picked":["Static Discharge","Scrape"],"picked":"Ball Lightning","floor":11.0},{"not_picked":["Auto Shields","Biased Cognition"],"picked":"Reinforced Body","floor":12.0},{"not_picked":["Seek","Core Surge"],"picked":"Thunder Strike","floor":16.0},{"not_picked":["Gash+1","Genetic Algorithm"],"picked":"Ball Lightning","floor":18.0},{"not_picked":["Streamline","Rebound","Gash"],"picked":"SKIP","floor":22.0},{"not_picked":["Cold Snap","Rebound","Streamline"],"picked":"SKIP","floor":24.0},{"not_picked":["Stack","Reprogram","Beam Cell"],"picked":"SKIP","floor":28.0},{"not_picked":["Compile Driver+1","Barrage"],"picked":"Conserve Battery","floor":30.0},{"not_picked":["All For One","Chaos","Fusion"],"picked":"SKIP","floor":31.0}],"player_experience":856870,"relics_obtained":[{"floor":6.0,"key":"Strawberry"},{"floor":8.0,"key":"Gremlin Horn"},{"floor":9.0,"key":"Bag of Preparation"},{"floor":27.0,"key":"Calipers"}],"event_choices":[{"damage_healed":0.0,"max_hp_gain":0.0,"max_hp_loss":0.0,"gold_gain":0.0,"cards_transformed":["Strike_B"],"event_name":"Transmorgrifier","player_choice":"Transformed","floor":2.0,"gold_loss":0.0,"damage_taken":0.0,"cards_obtained":["Fission"]},{"damage_healed":0.0,"max_hp_gain":0.0,"max_hp_loss":0.0,"gold_gain":0.0,"event_name":"Scrap Ooze","player_choice":"Fled","floor":5.0,"gold_loss":0.0,"damage_taken":0.0},{"damage_healed":0.0,"max_hp_gain":0.0,"max_hp_loss":0.0,"gold_gain":0.0,"event_name":"Cursed Tome","player_choice":"Ignored","floor":19.0,"gold_loss":0.0,"damage_taken":0.0},{"damage_healed":0.0,"max_hp_gain":0.0,"max_hp_loss":0.0,"gold_gain":0.0,"cards_transformed":["Strike_B"],"event_name":"Transmorgrifier","player_choice":"Transformed","floor":20.0,"gold_loss":0.0,"damage_taken":0.0,"cards_obtained":["Go for the Eyes"]},{"damage_healed":16.0,"max_hp_gain":0.0,"max_hp_loss":0.0,"gold_gain":0.0,"event_name":"The Library","player_choice":"Heal","floor":25.0,"gold_loss":0.0,"damage_taken":0.0}],"is_beta":false,"boss_relics":[{"not_picked":["Philosopher\u0027s Stone","Eternal Feather"],"picked":"Cursed Key"}],"items_purged_floors":[4,14,21],"is_endless":false,"potions_floor_spawned":[3,11,18,24,31],"killed_by":"Champ","ascension_level":20}