{"gold_per_floor":[111,111,127,16,36,36,65,65,65,65,65,81,9,44,44,164,164,144,144,21,36,0,71,71,86,133,133],"floor_reached":27,"playtime":1051,"items_purged":["Strike_R"],"score":251,"play_id":"6de76ccb-9e2d-41d7-b34a-3b157053dc9f","local_time":"20181228191115","is_ascension_mode":true,"campfire_choices":[{"data":"Demon Form","floor":6,"key":"SMITH"},{"data":"Armaments","floor":8,"key":"SMITH"},{"data":"Shrug It Off","floor":10,"key":"SMITH"},{"data":"Whirlwind","floor":15,"key":"SMITH"}],"neow_cost":"PERCENT_DAMAGE","seed_source_timestamp":609275434458367,"circlet_count":0,"master_deck":["Strike_R","Strike_R","Strike_R","Strike_R","Defend_R","Defend_R","Defend_R","Defend_R","Bash+1","Demon Form+1","Shrug It Off+1","Ghostly Armor","Hemokinesis","Feel No Pain","Rampage","Armaments+1","Whirlwind+1","Sword Boomerang","Impervious","Shrug It Off","Iron Wave","Limit Break"],"relics":["Burning Blood","Singing Bowl","Mummified Hand","Golden Idol","Unceasing Top","Orrery","Tiny Chest","Oddly Smooth Stone"],"potions_floor_usage":[27],"damage_taken":[{"damage":1,"enemies":"Cultist","floor":1,"turns":4},{"damage":5,"enemies":"Small Slimes","floor":3,"turns":4},{"damage":0,"enemies":"2 Louse","floor":5,"turns":3},{"damage":29,"enemies":"Lagavulin","floor":7,"turns":7},{"damage":10,"enemies":"Looter","floor":12,"turns":4},{"damage":15,"enemies":"3 Sentries","floor":14,"turns":11},{"damage":32,"enemies":"The Guardian","floor":16,"turns":8},{"damage":20,"enemies":"2 Thieves","floor":18,"turns":5},{"damage":11,"enemies":"Chosen","floor":21,"turns":8},{"damage":44,"enemies":"Gremlin Leader","floor":23,"turns":8},{"damage":9,"enemies":"Centurion and Healer","floor":25,"turns":7},{"damage":28,"enemies":"Cultist and Chosen","floor":27,"turns":5}],"seed_played":"1085512044107055573","potions_obtained":[{"floor":5,"key":"LiquidBronze"},{"floor":12,"key":"EssenceOfSteel"},{"floor":16,"key":"Strength Potion"}],"is_trial":false,"path_per_floor":["M","?","M","$","M","R","E","R","T","R","?","M","$","E","R","B",null,"M","?","$","M","?","E","?","M","T","M"],"character_chosen":"IRONCLAD","items_purchased":["Hemokinesis","Feel No Pain","Whirlwind","Energy Potion"],"campfire_rested":0,"item_purchase_floors":[4,4,13,20],"current_hp_per_floor":[61,61,62,62,68,68,45,45,45,45,45,43,43,34,34,8,82,70,70,70,67,67,29,29,28,28,0],"gold":133,"neow_bonus":"THREE_RARE_CARDS","is_prod":false,"is_daily":false,"chose_seed":false,"campfire_upgraded":4,"win_rate":0,"timestamp":1546042275,"path_taken":["M","?","M","$","M","R","E","R","T","R","?","M","$","E","R","BOSS","M","?","$","M","?","E","?","M","T","M"],"build_version":"2018-12-20","purchased_purges":1,"victory":false,"max_hp_per_floor":[80,80,80,80,80,80,80,80,80,80,74,76,76,76,76,76,82,84,84,84,86,86,86,86,88,88,88],"card_choices":[{"not_picked":["Exhume","Juggernaut"],"picked":"Demon Form","floor":0},{"not_picked":["True Grit","Armaments"],"picked":"Shrug It Off","floor":1},{"not_picked":["Blood for Blood","Bloodletting"],"picked":"Ghostly Armor","floor":3},{"not_picked":["Evolve","Blood for Blood"],"picked":"Rampage","floor":5},{"not_picked":["Dark Embrace","Iron Wave"],"picked":"Armaments","floor":7},{"not_picked":["Rampage","Dual Wield","Wild Strike"],"picked":"Singing Bowl","floor":12},{"not_picked":["Heavy Blade","Second Wind"],"picked":"Sword Boomerang","floor":14},{"not_picked":["Juggernaut","Reaper"],"picked":"Impervious","floor":16},{"not_picked":["Havoc","Perfected Strike"],"picked":"Shrug It Off","floor":17},{"not_picked":["Anger","Thunderclap"],"picked":"Iron Wave","floor":17},{"not_picked":["Dual Wield","Spot Weakness","Whirlwind"],"picked":"Singing Bowl","floor":17},{"not_picked":["Cleave","Wild Strike","Blood for Blood"],"picked":"Singing Bowl","floor":17},{"not_picked":["Rampage","Blood for Blood","Dropkick"],"picked":"Singing Bowl","floor":17},{"not_picked":["Sentinel+1","Heavy Blade+1","Pommel Strike"],"picked":"Singing Bowl","floor":18},{"not_picked":["Rage+1","Body Slam+1","Rupture"],"picked":"Singing Bowl","floor":21},{"not_picked":["Pummel+1","Wild Strike"],"picked":"Limit Break","floor":23},{"not_picked":["Sword Boomerang","Warcry","Headbutt"],"picked":"Singing Bowl","floor":25}],"player_experience":357602,"relics_obtained":[{"floor":7,"key":"Singing Bowl"},{"floor":9,"key":"Mummified Hand"},{"floor":14,"key":"Unceasing Top"},{"floor":23,"key":"Tiny Chest"},{"floor":26,"key":"Oddly Smooth Stone"}],"event_choices":[{"damage_healed":0,"gold_gain":0,"player_choice":"Grow","damage_taken":0,"max_hp_gain":0,"max_hp_loss":0,"event_name":"Living Wall","floor":2,"gold_loss":0,"cards_upgraded":["Bash"]},{"damage_healed":0,"gold_gain":0,"player_choice":"Lose Max HP","damage_taken":0,"relics_obtained":["Golden Idol"],"max_hp_gain":0,"max_hp_loss":6,"event_name":"Golden Idol","floor":11,"gold_loss":0},{"damage_healed":0,"gold_gain":0,"player_choice":"Paid Fearfully","damage_taken":0,"max_hp_gain":0,"max_hp_loss":0,"event_name":"Masked Bandits","floor":22,"gold_loss":36},{"damage_healed":0,"gold_gain":0,"player_choice":"Ignored","damage_taken":0,"max_hp_gain":0,"max_hp_loss":0,"event_name":"Cursed Tome","floor":24,"gold_loss":0}],"is_beta":false,"boss_relics":[{"not_picked":["Runic Cube","Astrolabe"],"picked":"Orrery"}],"items_purged_floors":[20],"is_endless":false,"potions_floor_spawned":[5,12,16,21,23,25],"killed_by":"Cultist and Chosen","ascension_level":1}