{"gold_per_floor":[113,132,55,74,90,125,137,178,220,263,275,298,310,322,334,441,453,478,590,431,431,444,444,222,241,265,296,323,343,362,379,379,479,479,490,490,506,238,238,238,167,167,219,249,265,265,265,290,290,290],"floor_reached":51,"playtime":2231,"items_purged":["Strike_R"],"score":893,"play_id":"f68b88b1-0279-4c59-bc76-23a558d5de5d","local_time":"20190423155331","is_ascension_mode":false,"campfire_choices":[{"data":"Armaments","floor":7.0,"key":"SMITH"},{"data":"Entrench","floor":15.0,"key":"SMITH"},{"data":"Uppercut","floor":23,"key":"SMITH"},{"data":"Juggernaut","floor":32,"key":"SMITH"},{"data":"Feel No Pain","floor":40,"key":"SMITH"},{"data":"Corruption","floor":42,"key":"SMITH"},{"data":"Armaments","floor":49,"key":"SMITH"}],"neow_cost":"NONE","seed_source_timestamp":171666149466912,"circlet_count":0,"master_deck":["Bash","Shrug It Off","Evolve","Uppercut+1","Armaments+1","Reckless Charge","Impervious","Body Slam+1","Power Through","Entrench+1","Juggernaut+1","Reckless Charge+1","True Grit+1","Shrug It Off","Sever Soul","Wild Strike","Feel No Pain+1","Ghostly Armor","Reckless Charge","Warcry","Armaments+1","Pommel Strike","Warcry","Exhume","Fire Breathing+1","Discovery","Discovery","Discovery","Corruption+1","Sentinel","Master of Strategy","Metallicize","Fire Breathing+1","Iron Wave+1","Madness","Madness","Doubt"],"special_seed":0,"relics":["Burning Blood","Anchor","MawBank","Bronze Scales","Tiny Chest","Bottled Lightning","Letter Opener","Mark of Pain","Torii","Sundial","War Paint","Centennial Puzzle","PreservedInsect","Unceasing Top","Art of War","Pandora\u0027s Box","Mummified Hand","Orichalcum","Potion Belt","Lantern"],"potions_floor_usage":[17,19,30,37,50,50],"damage_taken":[{"damage":5.0,"enemies":"Small Slimes","floor":1.0,"turns":4.0},{"damage":0.0,"enemies":"2 Louse","floor":2.0,"turns":3.0},{"damage":1.0,"enemies":"Jaw Worm","floor":4.0,"turns":2.0},{"damage":12.0,"enemies":"Gremlin Gang","floor":5.0,"turns":6.0},{"damage":16.0,"enemies":"Lagavulin","floor":6.0,"turns":6.0},{"damage":28.0,"enemies":"3 Sentries","floor":8.0,"turns":8.0},{"damage":5.0,"enemies":"Lagavulin","floor":10.0,"turns":5.0},{"damage":2.0,"enemies":"Looter","floor":12.0,"turns":3.0},{"damage":40,"enemies":"Hexaghost","floor":16,"turns":10},{"damage":5,"enemies":"3 Byrds","floor":18,"turns":3},{"damage":8,"enemies":"Colosseum Slavers","floor":19,"turns":4},{"damage":34,"enemies":"Colosseum Nobs","floor":19,"turns":5},{"damage":0,"enemies":"Chosen","floor":22,"turns":4},{"damage":1,"enemies":"Snake Plant","floor":25,"turns":4},{"damage":0,"enemies":"Book of Stabbing","floor":27,"turns":5},{"damage":1,"enemies":"Chosen and Byrds","floor":29,"turns":5},{"damage":20,"enemies":"Centurion and Healer","floor":30,"turns":4},{"damage":0,"enemies":"Snake Plant","floor":31,"turns":4},{"damage":20,"enemies":"Champ","floor":33,"turns":11},{"damage":0,"enemies":"Orb Walker","floor":35,"turns":2},{"damage":26,"enemies":"3 Darklings","floor":37,"turns":6},{"damage":50,"enemies":"Reptomancer","floor":44,"turns":3},{"damage":0,"enemies":"Sphere and 2 Shapes","floor":45,"turns":3},{"damage":3,"enemies":"Nemesis","floor":48,"turns":5},{"damage":88,"enemies":"Awakened One","floor":50,"turns":17}],"seed_played":"-3843540079647246613","potions_obtained":[{"floor":2.0,"key":"Fire Potion"},{"floor":5.0,"key":"SteroidPotion"},{"floor":8.0,"key":"Poison Potion"},{"floor":16,"key":"Fruit Juice"},{"floor":18,"key":"Fire Potion"},{"floor":22,"key":"SkillPotion"},{"floor":27,"key":"SpeedPotion"},{"floor":29,"key":"SneckoOil"},{"floor":35,"key":"Fire Potion"},{"floor":45,"key":"Weak Potion"},{"floor":48,"key":"EssenceOfSteel"}],"is_trial":false,"path_per_floor":["M","M","$","M","M","E","R","E","T","E","?","M","?","?","R","B",null,"M","?","$","?","M","R","$","M","T","E","T","M","M","M","R","B",null,"M","?","M","$","?","R","$","R","T","E","M","?","?","E","R","B",null],"character_chosen":"IRONCLAD","items_purchased":["Uppercut","True Grit","War Paint","Centennial Puzzle","Sentinel","Master of Strategy","Metallicize"],"campfire_rested":0,"item_purchase_floors":[3,20,20,24,38,38,41],"current_hp_per_floor":[80,80,80,80,74,64,64,42,42,43,36,40,40,45,45,11,90,90,60,60,42,48,48,48,53,53,59,59,64,50,56,56,42,95,95,85,65,65,65,65,65,65,65,21,27,15,95,95,95,13],"gold":290,"neow_bonus":"RANDOM_COMMON_RELIC","is_prod":false,"is_daily":false,"chose_seed":false,"campfire_upgraded":7,"win_rate":0,"timestamp":1556002411,"path_taken":["M","M","$","M","M","E","R","E","T","E","?","M","?","?","R","BOSS","M","?","$","?","M","R","$","M","T","E","?","M","?","M","R","BOSS","M","?","M","$","?","R","$","R","T","E","?","?","?","E","R","BOSS"],"build_version":"2019-01-23","purchased_purges":1,"victory":true,"max_hp_per_floor":[80,80,80,80,80,80,80,80,80,80,80,80,80,85,85,85,90,90,90,90,95,95,95,95,95,95,95,95,95,95,95,95,95,95,95,95,95,95,95,95,95,95,95,95,95,95,95,95,95,95],"card_choices":[{"not_picked":["True Grit","Dropkick"],"picked":"Shrug It Off","floor":1.0},{"not_picked":["Pommel Strike","Clash"],"picked":"Evolve","floor":2.0},{"not_picked":["Sentinel","Headbutt"],"picked":"Armaments","floor":4.0},{"not_picked":["Sword Boomerang","True Grit"],"picked":"Reckless Charge","floor":5.0},{"not_picked":["Exhume","Burning Pact"],"picked":"Impervious","floor":6.0},{"not_picked":["True Grit","Thunderclap"],"picked":"Body Slam","floor":8.0},{"not_picked":["Thunderclap","Hemokinesis"],"picked":"Power Through","floor":10.0},{"not_picked":["Perfected Strike","Havoc"],"picked":"Entrench","floor":12.0},{"not_picked":["Impervious","Reaper"],"picked":"Juggernaut","floor":16},{"not_picked":["Cleave+1","Armaments","Clash+1"],"picked":"SKIP","floor":18},{"not_picked":["Clash","Armaments"],"picked":"Reckless Charge+1","floor":19},{"not_picked":["Headbutt","Inflame"],"picked":"Shrug It Off","floor":22},{"not_picked":["Clash","Bloodletting"],"picked":"Sever Soul","floor":25},{"not_picked":["Rampage","Rupture","Sword Boomerang"],"picked":"SKIP","floor":27},{"not_picked":["Thunderclap","Flex+1"],"picked":"Wild Strike","floor":29},{"not_picked":["Carnage","Headbutt","Exhume"],"picked":"SKIP","floor":30},{"not_picked":["Searing Blow","Iron Wave","Rage"],"picked":"SKIP","floor":31},{"not_picked":["Uppercut","Cleave"],"picked":"Fire Breathing+1","floor":35},{"not_picked":["Panacea","Forethought"],"picked":"Discovery","floor":36},{"not_picked":["HandOfGreed","Mind Blast"],"picked":"Discovery","floor":36},{"not_picked":["Flash of Steel","HandOfGreed"],"picked":"Discovery","floor":36},{"not_picked":["Armaments","Whirlwind+1"],"picked":"Corruption","floor":37},{"not_picked":["Flex","Body Slam"],"picked":"Fire Breathing+1","floor":44},{"not_picked":["Sword Boomerang","Pommel Strike"],"picked":"Iron Wave+1","floor":45},{"not_picked":["Anger","Bloodletting+1","Rampage"],"picked":"SKIP","floor":48}],"player_experience":351412,"relics_obtained":[{"floor":6.0,"key":"MawBank"},{"floor":8.0,"key":"Bronze Scales"},{"floor":9.0,"key":"Tiny Chest"},{"floor":10.0,"key":"Bottled Lightning"},{"floor":19,"key":"Torii"},{"floor":19,"key":"Sundial"},{"floor":26,"key":"PreservedInsect"},{"floor":27,"key":"Unceasing Top"},{"floor":28,"key":"Art of War"},{"floor":43,"key":"Orichalcum"},{"floor":44,"key":"Potion Belt"},{"floor":48,"key":"Lantern"}],"event_choices":[{"damage_healed":0.0,"max_hp_gain":0.0,"max_hp_loss":0.0,"gold_gain":0.0,"event_name":"Scrap Ooze","player_choice":"Success","floor":11.0,"gold_loss":0.0,"damage_taken":7.0,"relics_obtained":["Letter Opener"]},{"damage_healed":0.0,"max_hp_gain":0.0,"max_hp_loss":0.0,"gold_gain":0.0,"event_name":"Living Wall","player_choice":"Grow","floor":13.0,"gold_loss":0.0,"damage_taken":0.0,"cards_upgraded":["Body Slam"]},{"damage_healed":0.0,"max_hp_gain":5.0,"max_hp_loss":0.0,"gold_gain":0.0,"event_name":"Big Fish","player_choice":"Donut","floor":14.0,"gold_loss":0.0,"damage_taken":0.0},{"damage_healed":0,"gold_gain":0,"player_choice":"Fight","damage_taken":0,"max_hp_gain":0,"max_hp_loss":0,"event_name":"Colosseum","floor":19,"gold_loss":0},{"damage_healed":0,"gold_gain":0,"player_choice":"Fought Nobs","damage_taken":0,"max_hp_gain":0,"max_hp_loss":0,"event_name":"Colosseum","floor":19,"gold_loss":0},{"damage_healed":0,"gold_gain":0,"player_choice":"Shed Blood","damage_taken":23,"max_hp_gain":5,"max_hp_loss":0,"event_name":"Forgotten Altar","floor":21,"gold_loss":0},{"damage_healed":0,"gold_gain":0,"player_choice":"Memory 3","damage_taken":10,"max_hp_gain":0,"max_hp_loss":0,"event_name":"SensoryStone","floor":36,"gold_loss":0},{"damage_healed":0,"gold_gain":0,"player_choice":"Gave Potion","damage_taken":0,"relics_obtained":["Mummified Hand"],"max_hp_gain":0,"max_hp_loss":0,"event_name":"WeMeetAgain","floor":39,"gold_loss":0},{"damage_healed":0,"gold_gain":0,"player_choice":"Embrace Madness","damage_taken":12,"max_hp_gain":0,"max_hp_loss":0,"event_name":"Winding Halls","floor":46,"gold_loss":0,"cards_obtained":["Madness","Madness"]},{"damage_healed":80,"gold_gain":0,"player_choice":"Heal","damage_taken":0,"max_hp_gain":0,"max_hp_loss":0,"event_name":"MindBloom","floor":47,"gold_loss":0,"cards_obtained":["Doubt"]}],"is_beta":false,"boss_relics":[{"not_picked":["Cursed Key","White Beast Statue"],"picked":"Mark of Pain"},{"not_picked":["Orrery","Runic Cube"],"picked":"Pandora\u0027s Box"}],"items_purged_floors":[24],"is_endless":false,"potions_floor_spawned":[2,5,8,16,18,19,22,27,29,35,45,48],"ascension_level":0}