{"gold_per_floor":[115,125,143,143,143,143,243,243,266,303,341,416,469,127,127,257,257,299,259,298,357,401,401,426,426,473,483,513,513,548,599,599,701,701,740,840,245,245,258,283,283,293,365,380,391,62,97,113,113,113],"floor_reached":51,"playtime":7300,"items_purged":[],"score":1029,"play_id":"5a8f02df-a256-4197-a8b1-ab2c830c7de0","local_time":"20190519040947","is_ascension_mode":false,"campfire_choices":[{"data":"Armaments","floor":6,"key":"SMITH"},{"data":"Magnetism","floor":8,"key":"SMITH"},{"data":"Disarm","floor":15,"key":"SMITH"},{"data":"Shockwave","floor":23,"key":"SMITH"},{"data":"Bash","floor":25,"key":"SMITH"},{"data":"Intimidate","floor":29,"key":"SMITH"},{"data":"True Grit","floor":32,"key":"SMITH"},{"data":"Dark Embrace","floor":41,"key":"SMITH"},{"data":"Limit Break","floor":49,"key":"SMITH"}],"neow_cost":"PERCENT_DAMAGE","seed_source_timestamp":165927299345600,"circlet_count":0,"master_deck":["Strike_R","Strike_R+1","Strike_R","Strike_R+1","Strike_R","Defend_R","Defend_R","Defend_R","Defend_R","Bash+1","Magnetism+1","Magnetism+1","Feel No Pain","Armaments+1","Disarm+1","Impervious","Intimidate+1","Second Wind","Feel No Pain","Shrug It Off","Impervious","Feel No Pain","Pommel Strike+1","Shockwave+1","Limit Break+1","Cleave","True Grit+1","Clothesline","Battle Trance","Dark Embrace+1","Dual Wield","Spot Weakness","Feed","Disarm","Headbutt","Clumsy","Burning Pact+1","Exhume","Exhume"],"relics":["Burning Blood","Bag of Preparation","Potion Belt","Blood Vial","ClockworkSouvenir","Cursed Key","Darkstone Periapt","Pen Nib","Self Forming Clay","Bottled Tornado","Coffee Dripper","Charon\u0027s Ashes","PreservedInsect","Meat on the Bone","Lantern","Paper Frog","Regal Pillow","Mummified Hand"],"potions_floor_usage":[7,10,16,24,28,28,28,28,36,50,50,50],"damage_taken":[{"damage":1,"enemies":"Cultist","floor":1,"turns":3},{"damage":11,"enemies":"Small Slimes","floor":2,"turns":6},{"damage":6,"enemies":"Jaw Worm","floor":3,"turns":5},{"damage":6,"enemies":"3 Sentries","floor":7,"turns":23},{"damage":12,"enemies":"Exordium Thugs","floor":10,"turns":7},{"damage":11,"enemies":"3 Louse","floor":11,"turns":31},{"damage":0,"enemies":"Lagavulin","floor":13,"turns":9},{"damage":0,"enemies":"Hexaghost","floor":16,"turns":12},{"damage":2,"enemies":"Spheric Guardian","floor":18,"turns":8},{"damage":6,"enemies":"Shell Parasite","floor":20,"turns":20},{"damage":0,"enemies":"Centurion and Healer","floor":21,"turns":18},{"damage":0,"enemies":"Snake Plant","floor":22,"turns":10},{"damage":1,"enemies":"Book of Stabbing","floor":24,"turns":11},{"damage":2,"enemies":"Snecko","floor":27,"turns":16},{"damage":0,"enemies":"Slavers","floor":28,"turns":5},{"damage":0,"enemies":"Cultist and Chosen","floor":30,"turns":12},{"damage":8,"enemies":"Book of Stabbing","floor":31,"turns":18},{"damage":0,"enemies":"Automaton","floor":33,"turns":16},{"damage":0,"enemies":"3 Darklings","floor":35,"turns":13},{"damage":0,"enemies":"Mind Bloom Boss Battle","floor":36,"turns":7},{"damage":0,"enemies":"Orb Walker","floor":39,"turns":3},{"damage":0,"enemies":"Giant Head","floor":40,"turns":7},{"damage":0,"enemies":"Jaw Worm Horde","floor":42,"turns":6},{"damage":0,"enemies":"4 Shapes","floor":44,"turns":4},{"damage":2,"enemies":"Writhing Mass","floor":45,"turns":7},{"damage":0,"enemies":"Reptomancer","floor":47,"turns":6},{"damage":2,"enemies":"3 Darklings","floor":48,"turns":7},{"damage":7,"enemies":"Awakened One","floor":50,"turns":13}],"seed_played":"418045243083046819","potions_obtained":[{"floor":3,"key":"Dexterity Potion"},{"floor":7,"key":"Poison Potion"},{"floor":13,"key":"SteroidPotion"},{"floor":16,"key":"EssenceOfSteel"},{"floor":20,"key":"SkillPotion"},{"floor":21,"key":"Swift Potion"},{"floor":22,"key":"Fire Potion"},{"floor":27,"key":"SmokeBomb"},{"floor":33,"key":"GamblersBrew"},{"floor":40,"key":"Poison Potion"},{"floor":44,"key":"Energy Potion"},{"floor":47,"key":"Dexterity Potion"},{"floor":48,"key":"Fire Potion"}],"is_trial":false,"path_per_floor":["M","M","M","?","?","R","E","R","T","M","M","?","E","$","R","B",null,"M","?","M","M","M","R","E","R","T","M","E","R","M","E","R","B",null,"M","?","$","?","M","E","R","M","T","M","M","$","E","M","R","B",null],"character_chosen":"IRONCLAD","items_purchased":["Feel No Pain","Shrug It Off","ClockworkSouvenir","PowerPotion","PreservedInsect","Feed","SpeedPotion","Meat on the Bone","Exhume","FearPotion","SpeedPotion","Regal Pillow"],"campfire_rested":0,"item_purchase_floors":[14,14,14,14,37,37,37,37,46,46,46,46],"current_hp_per_floor":[61,56,56,80,80,80,80,80,80,74,69,61,67,67,67,75,80,80,80,80,80,80,80,80,80,86,86,86,86,86,84,84,86,86,86,86,86,86,86,90,90,97,103,106,109,109,113,117,117,120],"gold":113,"neow_bonus":"RANDOM_COLORLESS_2","is_prod":false,"is_daily":false,"chose_seed":false,"campfire_upgraded":9,"win_rate":1,"timestamp":1558264187,"path_taken":["M","M","M","?","?","R","E","R","T","M","?","?","E","?","R","BOSS","M","?","M","M","?","R","E","R","T","M","E","R","M","E","R","BOSS","M","?","$","?","?","E","R","M","T","M","M","$","E","M","R","BOSS"],"build_version":"2019-01-23","purchased_purges":0,"victory":true,"max_hp_per_floor":[80,80,80,80,80,80,80,80,80,80,80,80,80,80,80,80,80,80,80,80,80,80,80,80,80,86,86,86,86,86,86,86,86,86,86,86,86,86,86,90,90,97,103,106,109,109,113,117,117,121],"card_choices":[{"not_picked":["Flex","Sword Boomerang"],"picked":"Feel No Pain","floor":1},{"not_picked":["True Grit","Pommel Strike"],"picked":"Armaments","floor":2},{"not_picked":["Sword Boomerang","Bloodletting","Havoc"],"picked":"SKIP","floor":3},{"not_picked":["Anger","Second Wind"],"picked":"Disarm","floor":7},{"not_picked":["Inflame","Searing Blow"],"picked":"Impervious","floor":10},{"not_picked":["Flex","True Grit"],"picked":"Intimidate","floor":11},{"not_picked":["Anger","Cleave"],"picked":"Second Wind","floor":13},{"not_picked":["Barricade","Demon Form"],"picked":"Impervious","floor":16},{"not_picked":["Body Slam","Clash+1"],"picked":"Feel No Pain","floor":18},{"not_picked":["Sword Boomerang+1","Anger","Armaments"],"picked":"SKIP","floor":20},{"not_picked":["Sentinel","Body Slam"],"picked":"Pommel Strike+1","floor":21},{"not_picked":["Flame Barrier","Heavy Blade"],"picked":"Shockwave","floor":22},{"not_picked":["Armaments+1","Clothesline"],"picked":"Limit Break","floor":24},{"not_picked":["Armaments","Bloodletting","Cleave"],"picked":"SKIP","floor":27},{"not_picked":["Armaments","Bloodletting"],"picked":"Cleave","floor":27},{"not_picked":["Clash","Clothesline"],"picked":"True Grit","floor":28},{"not_picked":["Sword Boomerang","Body Slam"],"picked":"Clothesline","floor":30},{"not_picked":["Carnage+1","Metallicize+1"],"picked":"Battle Trance","floor":31},{"not_picked":["Brutality","Limit Break"],"picked":"Dark Embrace","floor":33},{"not_picked":["Warcry","Power Through+1"],"picked":"Dual Wield","floor":35},{"not_picked":["Perfected Strike+1","True Grit+1"],"picked":"Spot Weakness","floor":36},{"not_picked":["Carnage","Wild Strike+1","Thunderclap"],"picked":"SKIP","floor":39},{"not_picked":["Iron Wave+1","Body Slam"],"picked":"Disarm","floor":40},{"not_picked":["Warcry","Body Slam+1"],"picked":"Headbutt","floor":42},{"not_picked":["Carnage","Infernal Blade+1","Sword Boomerang+1"],"picked":"SKIP","floor":44},{"not_picked":["Rupture","Flex"],"picked":"Burning Pact+1","floor":45},{"not_picked":["Sword Boomerang","Shrug It Off+1"],"picked":"Exhume","floor":47},{"not_picked":["Thunderclap","Havoc+1","Clothesline"],"picked":"SKIP","floor":48}],"player_experience":824090,"relics_obtained":[{"floor":7,"key":"Bag of Preparation"},{"floor":9,"key":"Potion Belt"},{"floor":13,"key":"Blood Vial"},{"floor":24,"key":"Darkstone Periapt"},{"floor":26,"key":"Pen Nib"},{"floor":28,"key":"Self Forming Clay"},{"floor":31,"key":"Bottled Tornado"},{"floor":36,"key":"Charon\u0027s Ashes"},{"floor":40,"key":"Lantern"},{"floor":43,"key":"Paper Frog"},{"floor":47,"key":"Mummified Hand"}],"event_choices":[{"damage_healed":26,"gold_gain":0,"player_choice":"Banana","damage_taken":0,"max_hp_gain":0,"max_hp_loss":0,"event_name":"Big Fish","floor":4,"gold_loss":0},{"damage_healed":0,"gold_gain":0,"player_choice":"Upgraded","damage_taken":0,"max_hp_gain":0,"max_hp_loss":0,"event_name":"Upgrade Shrine","floor":5,"gold_loss":0,"cards_upgraded":["Magnetism"]},{"damage_healed":0,"gold_gain":75,"player_choice":"Touch","damage_taken":8,"max_hp_gain":0,"max_hp_loss":0,"event_name":"FaceTrader","floor":12,"gold_loss":0},{"damage_healed":0,"gold_gain":0,"player_choice":"Upgraded Two","damage_taken":0,"max_hp_gain":0,"max_hp_loss":0,"event_name":"Designer","floor":19,"gold_loss":40,"cards_upgraded":["Strike_R","Strike_R"]},{"damage_healed":0,"gold_gain":0,"player_choice":"Fight","damage_taken":0,"max_hp_gain":0,"max_hp_loss":0,"event_name":"MindBloom","floor":36,"gold_loss":0},{"cards_removed":["Writhe"],"damage_healed":0,"gold_gain":0,"player_choice":"Purged","damage_taken":0,"max_hp_gain":0,"max_hp_loss":0,"event_name":"Purifier","floor":38,"gold_loss":0}],"is_beta":false,"boss_relics":[{"not_picked":["Fusion Hammer","Busted Crown"],"picked":"Cursed Key"},{"not_picked":["Orrery","Astrolabe"],"picked":"Coffee Dripper"}],"items_purged_floors":[],"is_endless":false,"potions_floor_spawned":[3,7,13,16,20,21,22,27,33,40,44,47,48],"ascension_level":0}