{"gold_per_floor":[111,111,125,144,23,50,60,60,60,87,87,112,112,112,112,112],"floor_reached":16,"playtime":637,"items_purged":[],"score":236,"play_id":"a609c60d-44d0-42cb-a195-f4db6e37807f","local_time":"20190112041843","is_ascension_mode":true,"campfire_choices":[{"data":"Hemokinesis","floor":8,"key":"SMITH"},{"data":"Clothesline","floor":11,"key":"SMITH"},{"data":"Clothesline","floor":13,"key":"SMITH"},{"data":"Shrug It Off","floor":15,"key":"SMITH"}],"neow_cost":"NONE","seed_source_timestamp":112023402995314,"circlet_count":0,"master_deck":["AscendersBane","Strike_R","Strike_R","Strike_R","Strike_R","Strike_R+1","Defend_R","Defend_R","Defend_R","Defend_R","Bash+1","Hemokinesis+1","Clothesline+1","Cleave","Shrug It Off+1","Clothesline+1","Shrug It Off+1"],"relics":["Burning Blood","Dodecahedron","Ice Cream","Gambling Chip","Shuriken"],"potions_floor_usage":[10,16],"damage_taken":[{"damage":10,"enemies":"Small Slimes","floor":1,"turns":5},{"damage":5,"enemies":"Jaw Worm","floor":3,"turns":5},{"damage":5,"enemies":"2 Louse","floor":4,"turns":2},{"damage":27,"enemies":"Gremlin Nob","floor":6,"turns":4},{"damage":3,"enemies":"2 Fungi Beasts","floor":7,"turns":4},{"damage":4,"enemies":"Lagavulin","floor":10,"turns":5},{"damage":18,"enemies":"Gremlin Nob","floor":12,"turns":4},{"damage":31,"enemies":"Hexaghost","floor":16,"turns":7}],"seed_played":"-6060959397520383135","potions_obtained":[{"floor":4,"key":"AttackPotion"},{"floor":10,"key":"LiquidBronze"}],"is_trial":false,"path_per_floor":["M","?","M","M","$","E","M","R","T","E","R","E","R","?","R","B"],"character_chosen":"IRONCLAD","items_purchased":["Shrug It Off","Clothesline","FearPotion"],"campfire_rested":0,"item_purchase_floors":[5,5,5],"current_hp_per_floor":[68,68,69,70,70,49,52,52,52,54,54,42,42,26,26,0],"gold":112,"neow_bonus":"UPGRADE_CARD","is_prod":false,"is_daily":false,"chose_seed":false,"campfire_upgraded":4,"win_rate":0,"timestamp":1547284723,"path_taken":["M","?","M","M","$","E","M","R","T","E","R","E","R","?","R","BOSS"],"build_version":"2019-01-10","purchased_purges":0,"victory":false,"max_hp_per_floor":[80,80,80,80,80,80,80,80,80,80,80,80,80,80,80,80],"card_choices":[{"not_picked":["Clash","Reckless Charge"],"picked":"Hemokinesis","floor":1},{"not_picked":["Shrug It Off","Havoc"],"picked":"Clothesline","floor":3},{"not_picked":["Dark Embrace","Iron Wave"],"picked":"Cleave","floor":4},{"not_picked":["Twin Strike","Havoc","Double Tap"],"picked":"SKIP","floor":6},{"not_picked":["Perfected Strike","Pummel"],"picked":"Shrug It Off","floor":7},{"not_picked":["Sword Boomerang","Perfected Strike","Pommel Strike"],"picked":"SKIP","floor":10},{"not_picked":["Pommel Strike","Iron Wave","Searing Blow"],"picked":"SKIP","floor":12}],"player_experience":366172,"relics_obtained":[{"floor":6,"key":"Dodecahedron"},{"floor":9,"key":"Ice Cream"},{"floor":10,"key":"Gambling Chip"},{"floor":12,"key":"Shuriken"}],"event_choices":[{"damage_healed":0,"gold_gain":0,"player_choice":"Leave","damage_taken":0,"max_hp_gain":0,"max_hp_loss":0,"event_name":"The Cleric","floor":2,"gold_loss":0},{"damage_healed":0,"gold_gain":0,"player_choice":"Entered Light","damage_taken":16,"max_hp_gain":0,"max_hp_loss":0,"event_name":"Shining Light","floor":14,"gold_loss":0,"cards_upgraded":["Strike_R","Shrug It Off"]}],"is_beta":false,"boss_relics":[],"items_purged_floors":[],"is_endless":false,"potions_floor_spawned":[4,10,12],"killed_by":"Hexaghost","ascension_level":13}