{"gold_per_floor":[114,127,2,15,15,15,47,47,47,12,31,31,51,65,65,166,166,183,183,200,250,261,261,278,278],"floor_reached":25,"playtime":1799,"items_purged":[],"score":230,"play_id":"521fdda8-8c8e-433e-8320-5dce70fa4ebf","local_time":"20190517160605","is_ascension_mode":false,"campfire_choices":[{"data":"Unload","floor":6,"key":"SMITH"},{"data":"All Out Attack","floor":12,"key":"SMITH"},{"data":"Crippling Poison","floor":15,"key":"SMITH"},{"data":"A Thousand Cuts","floor":23,"key":"SMITH"}],"neow_cost":"NONE","seed_source_timestamp":55417907607800,"circlet_count":0,"master_deck":["Defend_G","Defend_G","Defend_G","Defend_G","Defend_G","Strike_G","Strike_G","Strike_G","Strike_G","Strike_G","Survivor","Neutralize","Deflect","Flying Knee","Unload+1","Slice","Underhanded Strike","Regret","Choke","All Out Attack+1","Calculated Gamble","Crippling Poison+1","A Thousand Cuts+1","Crippling Poison","Dagger Throw","Blur+1","Endless Agony+1"],"relics":["Ring of the Snake","Meat on the Bone","Strawberry","Matryoshka","Velvet Choker"],"potions_floor_usage":[25],"damage_taken":[{"damage":0,"enemies":"Cultist","floor":1,"turns":4},{"damage":2,"enemies":"Small Slimes","floor":2,"turns":4},{"damage":0,"enemies":"Jaw Worm","floor":4,"turns":4},{"damage":32,"enemies":"Lagavulin","floor":7,"turns":8},{"damage":0,"enemies":"Looter","floor":11,"turns":2},{"damage":0,"enemies":"Gremlin Gang","floor":13,"turns":4},{"damage":11,"enemies":"Exordium Wildlife","floor":14,"turns":4},{"damage":58,"enemies":"The Guardian","floor":16,"turns":12},{"damage":17,"enemies":"2 Thieves","floor":18,"turns":4},{"damage":12,"enemies":"3 Byrds","floor":20,"turns":4},{"damage":34,"enemies":"Snake Plant","floor":22,"turns":5},{"damage":5,"enemies":"Centurion and Healer","floor":24,"turns":5},{"damage":45,"enemies":"Slavers","floor":25,"turns":4}],"seed_played":"8049362604413319379","potions_obtained":[{"floor":1,"key":"GamblersBrew"},{"floor":4,"key":"Strength Potion"},{"floor":14,"key":"Energy Potion"},{"floor":20,"key":"AttackPotion"},{"floor":24,"key":"PowerPotion"}],"is_trial":false,"path_per_floor":["M","M","$","M","?","R","E","$","T","?","M","R","M","M","R","B",null,"M","?","M","?","M","R","M","E"],"character_chosen":"THE_SILENT","items_purchased":["Unload","Slice"],"campfire_rested":0,"item_purchase_floors":[3,3],"current_hp_per_floor":[77,75,75,75,75,75,50,50,50,71,71,71,71,60,60,14,84,67,51,51,51,29,29,36,0],"gold":278,"neow_bonus":"TEN_PERCENT_HP_BONUS","is_prod":false,"is_daily":false,"chose_seed":false,"campfire_upgraded":4,"win_rate":0.0,"timestamp":1558123565,"path_taken":["M","?","$","M","?","R","E","$","T","?","M","R","M","M","R","BOSS","M","?","M","?","M","R","M","E"],"build_version":"2019-01-23","purchased_purges":0,"victory":false,"max_hp_per_floor":[77,77,77,77,77,77,84,84,84,84,84,84,84,84,84,84,84,84,89,89,89,89,89,89,89],"card_choices":[{"not_picked":["Reflex","Underhanded Strike"],"picked":"Deflect","floor":1},{"not_picked":["Backflip","Prepared"],"picked":"Flying Knee","floor":2},{"not_picked":["Eviscerate","PiercingWail"],"picked":"Underhanded Strike","floor":4},{"not_picked":["Blur","Backflip"],"picked":"Choke","floor":7},{"not_picked":["Reflex","Heel Hook"],"picked":"All Out Attack","floor":11},{"not_picked":["Prepared","Sucker Punch"],"picked":"Calculated Gamble","floor":13},{"not_picked":["Finisher","Bane"],"picked":"Crippling Poison","floor":14},{"not_picked":["Bullet Time","Die Die Die"],"picked":"A Thousand Cuts","floor":16},{"not_picked":["Flying Knee","Acrobatics"],"picked":"Crippling Poison","floor":18},{"not_picked":["Deflect","Dagger Spray"],"picked":"Dagger Throw","floor":20},{"not_picked":["PiercingWail","Bouncing Flask"],"picked":"Blur+1","floor":22},{"not_picked":["PiercingWail+1","Dagger Throw"],"picked":"Endless Agony+1","floor":24}],"player_experience":10139,"relics_obtained":[{"floor":7,"key":"Strawberry"},{"floor":9,"key":"Matryoshka"}],"event_choices":[{"damage_healed":0,"gold_gain":0,"player_choice":"Box","damage_taken":0,"relics_obtained":["Meat on the Bone"],"max_hp_gain":0,"max_hp_loss":0,"event_name":"Big Fish","floor":5,"gold_loss":0,"cards_obtained":["Regret"]},{"damage_healed":21,"gold_gain":0,"player_choice":"Healed","damage_taken":0,"max_hp_gain":0,"max_hp_loss":0,"event_name":"The Cleric","floor":10,"gold_loss":35},{"damage_healed":0,"gold_gain":0,"player_choice":"Shed Blood","damage_taken":21,"max_hp_gain":5,"max_hp_loss":0,"event_name":"Forgotten Altar","floor":19,"gold_loss":0},{"damage_healed":0,"gold_gain":100,"player_choice":"Bet on Murderer","damage_taken":0,"max_hp_gain":0,"max_hp_loss":0,"event_name":"The Joust","floor":21,"gold_loss":50}],"is_beta":false,"boss_relics":[{"not_picked":["Tiny House","Cursed Key"],"picked":"Velvet Choker"}],"items_purged_floors":[],"is_endless":false,"potions_floor_spawned":[1,4,14,20,24],"killed_by":"Slavers","ascension_level":0}