{"gold_per_floor":[114,28,28,43,43,75,75,95,119,69,87,52,64,76,76,150,150,103,103,117,117,67,67,67],"floor_reached":24,"playtime":1509,"items_purged":["Strike_B","Strike_B"],"score":392,"play_id":"78b7fed9-740e-4e67-8ff5-66ab4a9830ea","local_time":"20190501152453","is_ascension_mode":true,"campfire_choices":[{"floor":7.0,"key":"REST"},{"floor":15,"key":"REST"},{"floor":23,"key":"REST"}],"neow_cost":"NONE","seed_source_timestamp":1792337245088888,"circlet_count":0,"master_deck":["AscendersBane","Strike_B","Strike_B","Defend_B","Defend_B","Defend_B","Defend_B","Zap","Dualcast","Blind","Go for the Eyes","Conserve Battery","Beam Cell","Steam","Sweeping Beam","Skim","Leap","Leap","Echo Form","Streamline+1"],"special_seed":0,"relics":["Cracked Core","Smiling Mask","Bronze Scales","Cursed Key"],"potions_floor_usage":[16,16,24],"damage_taken":[{"damage":4.0,"enemies":"Small Slimes","floor":1.0,"turns":3.0},{"damage":11.0,"enemies":"Jaw Worm","floor":4.0,"turns":4.0},{"damage":45.0,"enemies":"3 Sentries","floor":6.0,"turns":11.0},{"damage":0,"enemies":"2 Louse","floor":8,"turns":3},{"damage":8,"enemies":"Gremlin Gang","floor":11,"turns":3},{"damage":5,"enemies":"Blue Slaver","floor":13,"turns":3},{"damage":2,"enemies":"Exordium Thugs","floor":14,"turns":5},{"damage":47,"enemies":"Hexaghost","floor":16,"turns":13},{"damage":21,"enemies":"2 Thieves","floor":18,"turns":5},{"damage":22,"enemies":"Spheric Guardian","floor":20,"turns":4},{"damage":46,"enemies":"Gremlin Leader","floor":24,"turns":3}],"seed_played":"-461581223486259699","potions_obtained":[{"floor":1.0,"key":"SteroidPotion"},{"floor":4.0,"key":"Regen Potion"},{"floor":13,"key":"PowerPotion"},{"floor":14,"key":"SkillPotion"},{"floor":18,"key":"EssenceOfSteel"},{"floor":21,"key":"LiquidBronze"}],"is_trial":false,"path_per_floor":["M","$","?","M","?","E","R","M","T","$","M","?","M","M","R","B",null,"M","?","M","?","$","R","E"],"character_chosen":"DEFECT","items_purchased":["Conserve Battery","Beam Cell"],"campfire_rested":3,"item_purchase_floors":[2,2],"current_hp_per_floor":[60,60,60,49,54,24,46,46,46,46,38,57,52,50,72,25,63,42,42,20,20,20,42,0],"gold":67,"neow_bonus":"RANDOM_COLORLESS","is_prod":false,"is_daily":false,"chose_seed":false,"campfire_upgraded":0,"win_rate":0,"timestamp":1556713493,"path_taken":["M","$","?","M","?","E","R","M","T","$","M","?","M","M","R","BOSS","M","?","?","?","$","R","E"],"build_version":"2019-01-23","purchased_purges":2,"victory":false,"max_hp_per_floor":[71,71,71,71,76,76,76,76,76,76,76,76,76,76,76,76,76,76,76,76,76,76,76,76],"card_choices":[{"not_picked":["Barrage","Lockon"],"picked":"Go for the Eyes","floor":1.0},{"not_picked":["Stack","Cold Snap","Barrage"],"picked":"SKIP","floor":4.0},{"not_picked":["Meteor Strike","Defragment"],"picked":"Steam","floor":6.0},{"not_picked":["Barrage","Compile Driver"],"picked":"Sweeping Beam","floor":8},{"not_picked":["BootSequence","Recycle"],"picked":"Skim","floor":11},{"not_picked":["Hologram","Stack"],"picked":"Leap","floor":13},{"not_picked":["Redo","Sweeping Beam"],"picked":"Leap","floor":14},{"not_picked":["Creative AI","Amplify"],"picked":"Echo Form","floor":16},{"not_picked":["Ball Lightning","Go for the Eyes"],"picked":"Streamline","floor":18},{"not_picked":["Steam Power","Go for the Eyes","Reprogram+1"],"picked":"SKIP","floor":20}],"player_experience":864563,"relics_obtained":[{"floor":6.0,"key":"Smiling Mask"},{"floor":9,"key":"Bronze Scales"}],"event_choices":[{"damage_healed":0.0,"max_hp_gain":0.0,"max_hp_loss":0.0,"gold_gain":0.0,"event_name":"Liars Game","player_choice":"Ignored","floor":3.0,"gold_loss":0.0,"damage_taken":0.0},{"damage_healed":0.0,"max_hp_gain":5.0,"max_hp_loss":0.0,"gold_gain":0.0,"event_name":"Big Fish","player_choice":"Donut","floor":5.0,"gold_loss":0.0,"damage_taken":0.0},{"damage_healed":19,"gold_gain":0,"player_choice":"Healed","damage_taken":0,"max_hp_gain":0,"max_hp_loss":0,"event_name":"The Cleric","floor":12,"gold_loss":35},{"damage_healed":0,"gold_gain":0,"player_choice":"Forge","damage_taken":0,"max_hp_gain":0,"max_hp_loss":0,"event_name":"Accursed Blacksmith","floor":19,"gold_loss":0,"cards_upgraded":["Streamline"]},{"damage_healed":0,"gold_gain":0,"player_choice":"Got Potions","damage_taken":0,"max_hp_gain":0,"max_hp_loss":0,"event_name":"Lab","floor":21,"gold_loss":0}],"is_beta":false,"boss_relics":[{"not_picked":["FrozenCore","Empty Cage"],"picked":"Cursed Key"}],"items_purged_floors":[10,22],"is_endless":false,"potions_floor_spawned":[1,4,13,14,18],"killed_by":"Gremlin Leader","ascension_level":20}