{"gold_per_floor":[114,114,132,148,35,35,62,62,118,151,151,151,193,23,23,102,102,117,128,78,91,6,6,6,33,56,56,76,76,96,96],"floor_reached":31,"playtime":1313,"items_purged":["Strike_R"],"score":592,"play_id":"e866e869-b970-4f84-a538-57d7494be93c","local_time":"20190509150110","is_ascension_mode":true,"campfire_choices":[{"data":"Inflame","floor":6,"key":"SMITH"},{"data":"Evolve","floor":8,"key":"SMITH"},{"floor":11,"key":"REST"},{"data":"Combust","floor":15,"key":"SMITH"},{"floor":23,"key":"REST"},{"floor":27,"key":"REST"}],"neow_cost":"NONE","seed_source_timestamp":265052397748286,"circlet_count":0,"master_deck":["AscendersBane","Strike_R","Strike_R","Strike_R","Strike_R","Defend_R","Defend_R","Defend_R","Defend_R","Bash+1","Headbutt","Inflame+1","Evolve+1","Wild Strike","Offering","Offering","Shrug It Off","Combust+1","Limit Break+1","Sword Boomerang+1","Anger","Reckless Charge+1"],"relics":["Burning Blood","Happy Flower","Tiny Chest","Shuriken","MawBank","Unceasing Top","Fusion Hammer","Orichalcum","Vajra","Omamori"],"potions_floor_usage":[16,21],"damage_taken":[{"damage":9,"enemies":"2 Louse","floor":1,"turns":3},{"damage":14,"enemies":"Small Slimes","floor":3,"turns":5},{"damage":4,"enemies":"Jaw Worm","floor":4,"turns":4},{"damage":30,"enemies":"Lagavulin","floor":7,"turns":6},{"damage":30,"enemies":"3 Sentries","floor":10,"turns":7},{"damage":26,"enemies":"Lagavulin","floor":13,"turns":6},{"damage":20,"enemies":"Hexaghost","floor":16,"turns":6},{"damage":25,"enemies":"3 Byrds","floor":18,"turns":4},{"damage":21,"enemies":"Chosen","floor":19,"turns":3},{"damage":17,"enemies":"Centurion and Healer","floor":21,"turns":6},{"damage":16,"enemies":"Gremlin Leader","floor":25,"turns":5},{"damage":27,"enemies":"3 Cultists","floor":28,"turns":4},{"damage":31,"enemies":"Snake Plant","floor":30,"turns":4},{"damage":12,"enemies":"Chosen and Byrds","floor":31,"turns":2}],"seed_played":"-3249136551915271230","potions_obtained":[{"floor":3,"key":"Explosive Potion"},{"floor":10,"key":"Energy Potion"},{"floor":16,"key":"Swift Potion"},{"floor":28,"key":"Dexterity Potion"}],"is_trial":false,"path_per_floor":["M","?","M","M","$","R","E","R","T","E","R","?","E","$","R","B",null,"M","M","?","M","?","R","?","E","T","R","M","?","M","M"],"character_chosen":"IRONCLAD","items_purchased":["Evolve","Wild Strike","Shrug It Off","Combust"],"campfire_rested":3,"item_purchase_floors":[5,5,14,14],"current_hp_per_floor":[72,72,64,66,66,66,42,42,42,18,42,42,22,22,22,8,64,45,30,30,19,19,43,43,33,33,57,36,36,11,0],"gold":96,"neow_bonus":"TEN_PERCENT_HP_BONUS","is_prod":false,"is_daily":false,"chose_seed":false,"campfire_upgraded":3,"win_rate":0,"timestamp":1557428470,"path_taken":["M","?","M","M","$","R","E","R","T","E","R","?","E","$","R","BOSS","M","M","?","?","?","R","?","E","T","R","M","?","M","?"],"build_version":"2019-01-23","purchased_purges":1,"victory":false,"max_hp_per_floor":[82,82,82,82,82,82,82,82,82,82,82,82,82,82,82,82,82,82,82,82,82,82,82,82,82,82,82,82,82,82,82],"card_choices":[{"not_picked":["Perfected Strike","Warcry"],"picked":"Headbutt","floor":1},{"not_picked":["Warcry","Pummel"],"picked":"Inflame","floor":3},{"not_picked":["Havoc","Thunderclap","Flex"],"picked":"SKIP","floor":4},{"not_picked":["Seeing Red","Warcry","Cleave"],"picked":"SKIP","floor":7},{"not_picked":["Thunderclap","Headbutt"],"picked":"Offering","floor":10},{"not_picked":["Second Wind","Sentinel"],"picked":"Offering","floor":13},{"not_picked":["Brutality","Dark Embrace"],"picked":"Limit Break","floor":16},{"not_picked":["Havoc","Thunderclap","Blood for Blood"],"picked":"SKIP","floor":18},{"not_picked":["Wild Strike","Ghostly Armor"],"picked":"Sword Boomerang","floor":19},{"not_picked":["Seeing Red","Sword Boomerang"],"picked":"Anger","floor":21},{"not_picked":["Iron Wave","Searing Blow","Combust"],"picked":"SKIP","floor":25},{"not_picked":["Sword Boomerang+1","Pommel Strike"],"picked":"Reckless Charge+1","floor":28},{"not_picked":["Headbutt+1","Twin Strike","Pummel"],"picked":"SKIP","floor":30}],"player_experience":617675,"relics_obtained":[{"floor":7,"key":"Happy Flower"},{"floor":9,"key":"Tiny Chest"},{"floor":10,"key":"Shuriken"},{"floor":13,"key":"Unceasing Top"},{"floor":25,"key":"Vajra"},{"floor":26,"key":"Omamori"}],"event_choices":[{"damage_healed":0,"gold_gain":0,"player_choice":"Grow","damage_taken":0,"max_hp_gain":0,"max_hp_loss":0,"event_name":"Living Wall","floor":2,"gold_loss":0,"cards_upgraded":["Bash"]},{"damage_healed":0,"gold_gain":0,"player_choice":"Searched \u00271\u0027 times","damage_taken":0,"relics_obtained":["MawBank"],"max_hp_gain":0,"max_hp_loss":0,"event_name":"Dead Adventurer","floor":12,"gold_loss":0},{"damage_healed":0,"gold_gain":0,"player_choice":"Upgrade","damage_taken":0,"max_hp_gain":0,"max_hp_loss":0,"event_name":"Designer","floor":20,"gold_loss":50,"cards_upgraded":["Limit Break"]},{"damage_healed":0,"gold_gain":0,"player_choice":"Obtained Relic","damage_taken":0,"relics_obtained":["Orichalcum"],"max_hp_gain":0,"max_hp_loss":0,"event_name":"Addict","floor":22,"gold_loss":85},{"damage_healed":0,"gold_gain":0,"player_choice":"Ignored","damage_taken":0,"max_hp_gain":0,"max_hp_loss":0,"event_name":"The Mausoleum","floor":24,"gold_loss":0},{"damage_healed":0,"gold_gain":0,"player_choice":"Upgraded","damage_taken":0,"max_hp_gain":0,"max_hp_loss":0,"event_name":"Upgrade Shrine","floor":29,"gold_loss":0,"cards_upgraded":["Sword Boomerang"]}],"is_beta":false,"boss_relics":[{"not_picked":["Lizard Tail","Ectoplasm"],"picked":"Fusion Hammer"}],"items_purged_floors":[14],"is_endless":false,"potions_floor_spawned":[3,10,16,28],"killed_by":"Chosen and Byrds","ascension_level":20}