{"gold_per_floor":[16,33,53,63,74,74,103,103,103,128,148,168,19,50,50,151,151,170,181,192,210,210,210],"floor_reached":23,"playtime":1239,"items_purged":["Strike_R"],"score":239,"play_id":"04467ea8-00c8-4363-84e0-99534c42b2fe","local_time":"20181114004703","is_ascension_mode":true,"campfire_choices":[{"data":"Inflame","floor":6,"key":"SMITH"},{"data":"Bash","floor":8,"key":"SMITH"},{"data":"True Grit","floor":15,"key":"SMITH"}],"neow_cost":"NO_GOLD","seed_source_timestamp":71776887105770,"circlet_count":0,"master_deck":["Strike_R","Strike_R","Strike_R","Strike_R","Defend_R","Defend_R","Defend_R","Defend_R","Bash+1","Inflame+1","Clothesline","Sword Boomerang","Headbutt","Feel No Pain","Rampage","Pommel Strike","True Grit+1","Whirlwind","Flame Barrier","Bludgeon","Fiend Fire","Twin Strike","Impervious","Shrug It Off","Shockwave","True Grit"],"relics":["Burning Blood","Incense Burner","Dodecahedron","Meat on the Bone","Frozen Egg 2","Potion Belt","Orrery","MutagenicStrength"],"potions_floor_usage":[16,19],"damage_taken":[{"damage":1,"enemies":"Cultist","floor":1,"turns":3},{"damage":7,"enemies":"Jaw Worm","floor":2,"turns":3},{"damage":0,"enemies":"Small Slimes","floor":3,"turns":3},{"damage":8,"enemies":"3 Louse","floor":4,"turns":3},{"damage":10,"enemies":"Red Slaver","floor":5,"turns":3},{"damage":9,"enemies":"Lagavulin","floor":7,"turns":5},{"damage":25,"enemies":"Gremlin Nob","floor":10,"turns":5},{"damage":12,"enemies":"Looter","floor":11,"turns":3},{"damage":7,"enemies":"2 Fungi Beasts","floor":12,"turns":3},{"damage":26,"enemies":"Lagavulin","floor":14,"turns":5},{"damage":51,"enemies":"Hexaghost","floor":16,"turns":12},{"damage":36,"enemies":"Shell Parasite","floor":18,"turns":6},{"damage":15,"enemies":"2 Thieves","floor":19,"turns":3},{"damage":33,"enemies":"3 Cultists","floor":20,"turns":7},{"damage":3,"enemies":"Snake Plant","floor":21,"turns":4},{"damage":62,"enemies":"Slavers","floor":23,"turns":3}],"seed_played":"-2382768463446045403","potions_obtained":[{"floor":2,"key":"Fire Potion"},{"floor":7,"key":"Fruit Juice"},{"floor":12,"key":"FearPotion"},{"floor":16,"key":"Poison Potion"}],"is_trial":false,"path_per_floor":["M","M","M","M","M","R","E","R","T","E","M","M","$","E","R","B",null,"M","M","M","M","?","E"],"character_chosen":"IRONCLAD","items_purchased":["Flame Barrier"],"campfire_rested":0,"item_purchase_floors":[13],"current_hp_per_floor":[80,79,80,78,74,74,71,71,71,52,58,57,57,49,49,21,85,55,58,43,58,58,0],"gold":210,"neow_bonus":"ONE_RARE_RELIC","is_prod":false,"is_daily":false,"chose_seed":false,"campfire_upgraded":3,"win_rate":0,"timestamp":1542174423,"path_taken":["M","M","M","M","M","R","E","R","T","E","M","M","$","E","R","BOSS","M","M","M","?","?","E"],"build_version":"2018-11-08","purchased_purges":1,"victory":false,"max_hp_per_floor":[80,80,80,80,80,80,80,80,80,80,80,80,80,80,80,85,85,85,85,85,85,85,85],"card_choices":[{"not_picked":["Thunderclap","Anger"],"picked":"Inflame","floor":1},{"not_picked":["Intimidate","Headbutt"],"picked":"Clothesline","floor":2},{"not_picked":["Flex","Warcry"],"picked":"Sword Boomerang","floor":3},{"not_picked":["Ghostly Armor","Warcry"],"picked":"Headbutt","floor":4},{"not_picked":["Reckless Charge","Armaments"],"picked":"Feel No Pain","floor":5},{"not_picked":["Fire Breathing","Double Tap"],"picked":"Rampage","floor":7},{"not_picked":["Heavy Blade","Cleave"],"picked":"Pommel Strike","floor":10},{"not_picked":["Perfected Strike","Cleave"],"picked":"True Grit","floor":11},{"not_picked":["Dual Wield","Bloodletting"],"picked":"Whirlwind","floor":12},{"not_picked":["Armaments","Perfected Strike"],"picked":"Bludgeon","floor":14},{"not_picked":["Dark Embrace+1","Bludgeon"],"picked":"Fiend Fire","floor":16},{"not_picked":["Power Through","Thunderclap"],"picked":"Twin Strike","floor":17},{"not_picked":["Clash","Headbutt"],"picked":"Impervious","floor":17},{"not_picked":["Armaments","Thunderclap"],"picked":"Shrug It Off","floor":17},{"not_picked":["Clothesline+1","Double Tap"],"picked":"Shockwave","floor":18},{"not_picked":["Reckless Charge","Wild Strike+1"],"picked":"True Grit","floor":19},{"not_picked":["Whirlwind","Armaments","Clash"],"picked":"SKIP","floor":20},{"not_picked":["Twin Strike","Clash+1","Flex+1"],"picked":"SKIP","floor":21}],"player_experience":132803,"relics_obtained":[{"floor":7,"key":"Dodecahedron"},{"floor":9,"key":"Meat on the Bone"},{"floor":10,"key":"Frozen Egg 2"},{"floor":14,"key":"Potion Belt"}],"event_choices":[{"damage_healed":0,"gold_gain":0,"player_choice":"Inject Mutagens","damage_taken":0,"relics_obtained":["MutagenicStrength"],"max_hp_gain":0,"max_hp_loss":0,"event_name":"Drug Dealer","floor":22,"gold_loss":0}],"is_beta":false,"boss_relics":[{"not_picked":["Coffee Dripper","Empty Cage"],"picked":"Orrery"}],"items_purged_floors":[13],"is_endless":false,"potions_floor_spawned":[2,7,12,16,18],"killed_by":"Slavers","ascension_level":2}