{"gold_per_floor":[117,67,67,15,15,28,46,112,189,189,35,35,58,81,81,202,202,222,26,26,26,45,45,86,86,111,131,131,174,22,22,22,22],"floor_reached":33,"playtime":2439,"items_purged":["Strike_B"],"score":393,"play_id":"8e80cb9d-7408-4901-99c4-7da4ce50823e","local_time":"20190224021212","is_ascension_mode":true,"campfire_choices":[{"floor":10,"key":"REST"},{"floor":12,"key":"REST"},{"floor":15,"key":"REST"},{"floor":23,"key":"REST"},{"floor":25,"key":"REST"},{"floor":28,"key":"REST"},{"floor":32,"key":"REST"}],"neow_cost":"TEN_PERCENT_HP_LOSS","seed_source_timestamp":792753237464852,"circlet_count":0,"master_deck":["Strike_B","Strike_B","Defend_B","Defend_B","Defend_B","Defend_B","Zap","Dualcast","Gash+1","Beam Cell","Steam+1","Creative AI","FTL","Chill","Seek+1","Streamline","Scrape","Gash","Echo Form","Normality","Conserve Battery+1","Gash","Conserve Battery","Leap","Conserve Battery+1"],"relics":["Cracked Core","Du-Vu Doll","Golden Idol","Tiny Chest","Mummified Hand","Cursed Key","Oddly Smooth Stone","Darkstone Periapt","Bottled Flame","Bronze Scales","War Paint"],"potions_floor_usage":[8,14,27,33,33],"damage_taken":[{"damage":4,"enemies":"Jaw Worm","floor":1,"turns":4},{"damage":2,"enemies":"Small Slimes","floor":6,"turns":4},{"damage":1,"enemies":"Cultist","floor":7,"turns":3},{"damage":25,"enemies":"3 Sentries","floor":8,"turns":8},{"damage":12,"enemies":"Red Slaver","floor":13,"turns":3},{"damage":4,"enemies":"Gremlin Gang","floor":14,"turns":5},{"damage":28,"enemies":"Hexaghost","floor":16,"turns":9},{"damage":13,"enemies":"Spheric Guardian","floor":18,"turns":4},{"damage":20,"enemies":"Shell Parasite","floor":22,"turns":5},{"damage":33,"enemies":"Slavers","floor":24,"turns":7},{"damage":6,"enemies":"Centurion and Healer","floor":27,"turns":5},{"damage":56,"enemies":"Book of Stabbing","floor":29,"turns":6},{"damage":37,"enemies":"Collector","floor":33,"turns":9}],"seed_played":"-2436038303292242228","potions_obtained":[{"floor":7,"key":"EssenceOfSteel"},{"floor":8,"key":"Fruit Juice"},{"floor":14,"key":"Strength Potion"},{"floor":22,"key":"Energy Potion"},{"floor":24,"key":"Block Potion"}],"is_trial":false,"path_per_floor":["M","?","?","$","?","M","M","E","T","R","$","R","M","M","R","B",null,"M","$","?","?","M","R","E","R","T","M","R","E","$","?","R","B"],"character_chosen":"DEFECT","items_purchased":["Gash","FTL","Scrape","Oddly Smooth Stone","Gash","Conserve Battery","Leap"],"campfire_rested":7,"item_purchase_floors":[4,11,19,19,30,30,30],"current_hp_per_floor":[64,64,47,47,47,45,44,19,19,39,39,59,47,48,69,41,65,52,52,52,52,32,53,20,41,47,41,64,8,8,8,31,0],"gold":22,"neow_bonus":"ONE_RARE_RELIC","is_prod":false,"is_daily":false,"chose_seed":false,"campfire_upgraded":0,"win_rate":0,"timestamp":1550967132,"path_taken":["M","?","?","$","?","M","?","E","T","R","?","R","?","M","R","BOSS","M","$","?","?","M","R","E","R","T","M","R","E","$","?","R","BOSS"],"build_version":"2019-01-23","purchased_purges":1,"victory":false,"max_hp_per_floor":[68,68,68,68,68,68,68,68,68,68,68,68,68,73,73,73,73,73,73,73,73,73,73,73,73,79,79,79,79,79,79,79,79],"card_choices":[{"not_picked":["Barrage","Rebound","Steam"],"picked":"SKIP","floor":1},{"not_picked":["Barrage","Turbo"],"picked":"Beam Cell","floor":6},{"not_picked":["Skim","Stack"],"picked":"Steam","floor":7},{"not_picked":["Storm","Leap"],"picked":"Creative AI","floor":8},{"not_picked":["Fusion","Darkness"],"picked":"Chill","floor":13},{"not_picked":["Redo","Hologram","Turbo"],"picked":"SKIP","floor":14},{"not_picked":["Multi-Cast","All For One"],"picked":"Seek","floor":16},{"not_picked":["Redo","Sweeping Beam"],"picked":"Streamline","floor":18},{"not_picked":["Go for the Eyes","Hologram"],"picked":"Gash","floor":22},{"not_picked":["Compile Driver","Gash"],"picked":"Echo Form","floor":24},{"not_picked":["Loop+1","Sunder","Barrage"],"picked":"SKIP","floor":27},{"not_picked":["Double Energy","Force Field"],"picked":"Conserve Battery+1","floor":29}],"player_experience":658134,"relics_obtained":[{"floor":8,"key":"Tiny Chest"},{"floor":9,"key":"Mummified Hand"},{"floor":24,"key":"Bottled Flame"},{"floor":26,"key":"Bronze Scales"},{"floor":29,"key":"War Paint"}],"event_choices":[{"cards_removed":["Strike_B"],"damage_healed":0,"gold_gain":0,"player_choice":"Card Removal","damage_taken":0,"max_hp_gain":0,"max_hp_loss":0,"event_name":"The Cleric","floor":2,"gold_loss":50},{"damage_healed":0,"gold_gain":0,"player_choice":"Take Damage","damage_taken":17,"relics_obtained":["Golden Idol"],"max_hp_gain":0,"max_hp_loss":0,"event_name":"Golden Idol","floor":3,"gold_loss":0},{"damage_healed":0,"gold_gain":0,"player_choice":"Upgraded","damage_taken":0,"max_hp_gain":0,"max_hp_loss":0,"event_name":"Upgrade Shrine","floor":5,"gold_loss":0,"cards_upgraded":["Gash"]},{"damage_healed":0,"gold_gain":0,"player_choice":"Opened","damage_taken":0,"relics_obtained":["Darkstone Periapt"],"max_hp_gain":0,"max_hp_loss":0,"event_name":"The Mausoleum","floor":20,"gold_loss":0},{"damage_healed":0,"gold_gain":0,"player_choice":"Ignored","damage_taken":0,"max_hp_gain":0,"max_hp_loss":0,"event_name":"Vampires","floor":21,"gold_loss":0},{"damage_healed":0,"gold_gain":0,"player_choice":"Copied","damage_taken":0,"max_hp_gain":0,"max_hp_loss":0,"event_name":"Duplicator","floor":31,"gold_loss":0,"cards_obtained":["Conserve Battery"]}],"is_beta":false,"boss_relics":[{"not_picked":["Eternal Feather","Orrery"],"picked":"Cursed Key"}],"items_purged_floors":[11],"is_endless":false,"potions_floor_spawned":[7,8,14,22,24],"killed_by":"Collector","ascension_level":8}