{"gold_per_floor":[109,0,0,16,31,64,77,2,55,82,98,113,128,128],"floor_reached":14,"playtime":1130,"items_purged":["Injury"],"score":146,"play_id":"64ccce5f-ddf1-4b79-8030-48256f398cd8","local_time":"20190123215214","is_ascension_mode":true,"campfire_choices":[],"neow_cost":"CURSE","seed_source_timestamp":1049923515324115,"circlet_count":0,"master_deck":["AscendersBane","Strike_R","Strike_R","Strike_R","Strike_R","Strike_R","Defend_R","Defend_R","Defend_R","Defend_R","Bash","Limit Break+1","Flex","Inflame","Flame Barrier","Rampage","Headbutt","Dropkick","Shrug It Off","Impervious","Inflame","Sword Boomerang"],"special_seed":0,"relics":["Burning Blood","Darkstone Periapt","Bag of Marbles","Bronze Scales"],"potions_floor_usage":[13,13],"damage_taken":[{"damage":0.0,"enemies":"Small Slimes","floor":1.0,"turns":3.0},{"damage":3.0,"enemies":"Cultist","floor":4.0,"turns":5.0},{"damage":10.0,"enemies":"2 Louse","floor":5.0,"turns":3.0},{"damage":31.0,"enemies":"Gremlin Nob","floor":6.0,"turns":5.0},{"damage":23.0,"enemies":"Exordium Wildlife","floor":7.0,"turns":5.0},{"damage":9.0,"enemies":"Red Slaver","floor":11.0,"turns":3.0},{"damage":9.0,"enemies":"3 Louse","floor":12.0,"turns":3.0},{"damage":17,"enemies":"Lots of Slimes","floor":13,"turns":4},{"damage":17,"enemies":"3 Sentries","floor":14,"turns":2}],"seed_played":"-223466815842675160","potions_obtained":[{"floor":4.0,"key":"Poison Potion"},{"floor":5.0,"key":"SneckoOil"},{"floor":7.0,"key":"SneckoOil"}],"is_trial":false,"path_per_floor":["?","M","T"],"character_chosen":"IRONCLAD","items_purchased":["Inflame","Flame Barrier"],"campfire_rested":0,"item_purchase_floors":[2,2],"current_hp_per_floor":[78,78,78,80,76,51,34,34,34,34,31,28,17,0],"gold":128,"neow_bonus":"THREE_RARE_CARDS","is_prod":false,"is_daily":false,"chose_seed":false,"campfire_upgraded":0,"win_rate":0,"timestamp":1548273134,"path_taken":["M","$","?","M","M","E","?","$","T","?","M","M","M","E"],"build_version":"2019-01-23","purchased_purges":1,"victory":false,"max_hp_per_floor":[80,80,80,80,80,80,80,80,80,80,80,80,80,80],"card_choices":[{"not_picked":["Offering","Barricade"],"picked":"Limit Break","floor":0.0},{"not_picked":["Perfected Strike","Hemokinesis"],"picked":"Flex","floor":1.0},{"not_picked":["Searing Blow","Havoc"],"picked":"Rampage","floor":4.0},{"not_picked":["Havoc","Hemokinesis"],"picked":"Headbutt","floor":5.0},{"not_picked":["Thunderclap","Juggernaut"],"picked":"Dropkick","floor":6.0},{"not_picked":["Clothesline","Iron Wave"],"picked":"Shrug It Off","floor":7.0},{"not_picked":["Body Slam","Spot Weakness"],"picked":"Impervious","floor":11.0},{"not_picked":["Corruption","Iron Wave"],"picked":"Inflame","floor":12.0},{"not_picked":["Armaments","Clash"],"picked":"Sword Boomerang","floor":13}],"player_experience":372242,"relics_obtained":[{"floor":6.0,"key":"Darkstone Periapt"},{"floor":9.0,"key":"Bag of Marbles"},{"floor":10.0,"key":"Bronze Scales"}],"event_choices":[{"damage_healed":0.0,"max_hp_gain":0.0,"max_hp_loss":0.0,"gold_gain":0.0,"event_name":"Accursed Blacksmith","player_choice":"Forge","floor":3.0,"gold_loss":0.0,"damage_taken":0.0,"cards_upgraded":["Limit Break"]}],"is_beta":false,"boss_relics":[],"items_purged_floors":[8],"is_endless":false,"potions_floor_spawned":[4,5,7,12],"killed_by":"3 Sentries","ascension_level":11}