{"gold_per_floor":[111,111,57,57,75,75,85,144,168,186,205,205,205,234,234,234],"floor_reached":16,"playtime":684,"items_purged":[],"score":220,"play_id":"d4dae897-59df-4571-aa41-90a78fc491c4","local_time":"20190405132710","is_ascension_mode":true,"campfire_choices":[{"data":"Bash","floor":6,"key":"SMITH"},{"floor":12,"key":"REST"},{"data":"True Grit","floor":15,"key":"SMITH"}],"neow_cost":"TEN_PERCENT_HP_LOSS","seed_source_timestamp":38152497663007,"circlet_count":0,"master_deck":["AscendersBane","Strike_R","Strike_R","Defend_R","Defend_R","Defend_R","Defend_R","Bash","Bash+1","Thunderclap","Shrug It Off","Barricade","True Grit+1","Anger","Feel No Pain+1"],"relics":["Burning Blood","Tiny Chest","Lantern","Smiling Mask","Frozen Egg 2"],"potions_floor_usage":[8,14,16],"damage_taken":[{"damage":9,"enemies":"2 Louse","floor":1,"turns":3},{"damage":9,"enemies":"Jaw Worm","floor":5,"turns":4},{"damage":2,"enemies":"Cultist","floor":7,"turns":4},{"damage":45,"enemies":"Lagavulin","floor":8,"turns":7},{"damage":3,"enemies":"Exordium Wildlife","floor":10,"turns":4},{"damage":20,"enemies":"3 Louse","floor":11,"turns":5},{"damage":17,"enemies":"3 Sentries","floor":14,"turns":13},{"damage":19,"enemies":"Hexaghost","floor":16,"turns":10}],"seed_played":"-4526181266669462356","potions_obtained":[{"floor":1,"key":"SteroidPotion"},{"floor":10,"key":"Poison Potion"},{"floor":11,"key":"PowerPotion"}],"is_trial":false,"path_per_floor":["M","?","$","?","M","R","M","E","T","M","M","R","T","E","R","B"],"character_chosen":"IRONCLAD","items_purchased":["AttackPotion"],"campfire_rested":1,"item_purchase_floors":[3],"current_hp_per_floor":[65,58,58,58,55,55,59,20,20,23,9,29,29,18,18,0],"gold":234,"neow_bonus":"REMOVE_TWO","is_prod":false,"is_daily":false,"chose_seed":false,"campfire_upgraded":2,"win_rate":0,"timestamp":1554485230,"path_taken":["M","?","$","?","?","R","M","E","T","M","M","R","?","E","R","BOSS"],"build_version":"2019-01-23","purchased_purges":0,"victory":false,"max_hp_per_floor":[68,68,68,68,68,68,68,68,68,68,68,68,68,68,68,68],"card_choices":[{"not_picked":["Searing Blow","Clash","Armaments"],"picked":"SKIP","floor":1},{"not_picked":["Body Slam","Flex"],"picked":"Thunderclap","floor":5},{"not_picked":["Fire Breathing","Body Slam"],"picked":"Shrug It Off","floor":7},{"not_picked":["Cleave","Dropkick"],"picked":"Barricade","floor":8},{"not_picked":["Whirlwind","Hemokinesis"],"picked":"True Grit","floor":10},{"not_picked":["Flex","Sword Boomerang"],"picked":"Anger","floor":11},{"not_picked":["Headbutt","Cleave"],"picked":"Feel No Pain","floor":14}],"player_experience":534862,"relics_obtained":[{"floor":8,"key":"Tiny Chest"},{"floor":9,"key":"Lantern"},{"floor":13,"key":"Smiling Mask"},{"floor":14,"key":"Frozen Egg 2"}],"event_choices":[{"cards_removed":["Strike_R"],"damage_healed":0,"gold_gain":0,"player_choice":"Card Removal","damage_taken":7,"max_hp_gain":0,"max_hp_loss":0,"event_name":"Golden Wing","floor":2,"gold_loss":0},{"damage_healed":0,"gold_gain":0,"player_choice":"1 cards matched","damage_taken":0,"max_hp_gain":0,"max_hp_loss":0,"event_name":"Match and Keep!","floor":4,"gold_loss":0,"cards_obtained":["Bash"]}],"is_beta":false,"boss_relics":[],"items_purged_floors":[],"is_endless":false,"potions_floor_spawned":[1,10,11],"killed_by":"Hexaghost","ascension_level":20}