{"gold_per_floor":[116,126,140,103,126,126,158,158,185,203,203,203,203,278,278,374,374,387,85,85,100,0,0,0,27,27,47,147,162,162,180,180,180],"floor_reached":33,"playtime":1170,"items_purged":["Strike_R","Strike_R"],"score":301,"play_id":"13d7410a-0072-407d-988d-68c6e7f42a84","local_time":"20181202020021","is_ascension_mode":true,"campfire_choices":[{"data":"Searing Blow","floor":6,"key":"SMITH"},{"data":"Searing Blow+1","floor":8,"key":"SMITH"},{"data":"Searing Blow+2","floor":13,"key":"SMITH"},{"data":"Searing Blow+3","floor":15,"key":"SMITH"},{"data":"Searing Blow+5","floor":23,"key":"SMITH"},{"data":"Searing Blow+6","floor":30,"key":"SMITH"},{"floor":32,"key":"REST"}],"neow_cost":"NONE","seed_source_timestamp":195586733180871,"circlet_count":0,"master_deck":["Strike_R","Strike_R","Strike_R","Defend_R","Defend_R","Defend_R","Defend_R","Bash","Impervious","Searing Blow+7","Shrug It Off","Headbutt+1","Pommel Strike","Offering","Warcry","Shrug It Off","Carnage","Pommel Strike+1","Pommel Strike+1","Shrug It Off","Intimidate+1","Shrug It Off"],"relics":["Burning Blood","PreservedInsect","Juzu Bracelet","Lantern","Sozu","Whetstone","Omamori","Sundial"],"potions_floor_usage":[16,27,33],"damage_taken":[{"damage":6,"enemies":"Cultist","floor":1,"turns":3},{"damage":3,"enemies":"Small Slimes","floor":2,"turns":3},{"damage":6,"enemies":"2 Louse","floor":3,"turns":3},{"damage":50,"enemies":"Lagavulin","floor":7,"turns":7},{"damage":5,"enemies":"Lots of Slimes","floor":10,"turns":5},{"damage":54,"enemies":"Hexaghost","floor":16,"turns":10},{"damage":22,"enemies":"3 Byrds","floor":18,"turns":4},{"damage":8,"enemies":"Chosen","floor":21,"turns":3},{"damage":6,"enemies":"Colosseum Slavers","floor":24,"turns":2},{"damage":33,"enemies":"Slavers","floor":25,"turns":3},{"damage":16,"enemies":"Sentry and Sphere","floor":27,"turns":3},{"damage":6,"enemies":"3 Cultists","floor":29,"turns":2},{"damage":15,"enemies":"Shelled Parasite and Fungi","floor":31,"turns":4},{"damage":64,"enemies":"Collector","floor":33,"turns":7}],"seed_played":"8017401689614157695","potions_obtained":[{"floor":1,"key":"Regen Potion"},{"floor":3,"key":"Weak Potion"},{"floor":7,"key":"GamblersBrew"}],"is_trial":false,"path_per_floor":["M","M","M","$","T","R","E","R","T","M","?","?","R","?","R","B",null,"M","$","?","M","$","R","?","E","T","M","?","M","R","M","R","B"],"character_chosen":"IRONCLAD","items_purchased":["Inflame","Shrug It Off","Whetstone","Carnage"],"campfire_rested":1,"item_purchase_floors":[4,19,19,19],"current_hp_per_floor":[80,80,80,80,80,80,36,36,36,37,63,80,80,69,69,21,80,64,64,64,62,62,62,62,35,35,34,34,34,34,25,49,0],"gold":180,"neow_bonus":"ONE_RANDOM_RARE_CARD","is_prod":false,"is_daily":false,"chose_seed":false,"campfire_upgraded":6,"win_rate":0,"timestamp":1543734021,"path_taken":["M","M","M","$","?","R","E","R","T","M","?","?","R","?","R","BOSS","M","$","?","M","$","R","?","E","T","M","?","M","R","M","R","BOSS"],"build_version":"2018-11-15","purchased_purges":2,"victory":false,"max_hp_per_floor":[80,80,80,80,80,80,80,80,80,80,80,80,80,80,80,80,80,80,80,80,80,80,80,80,80,80,80,80,80,80,80,80,80],"card_choices":[{"not_picked":["Clash","Hemokinesis"],"picked":"Searing Blow","floor":1},{"not_picked":["Twin Strike","Havoc"],"picked":"Shrug It Off","floor":2},{"not_picked":["Metallicize","Rupture","Heavy Blade"],"picked":"SKIP","floor":3},{"not_picked":["Flex","Searing Blow"],"picked":"Headbutt","floor":7},{"not_picked":["Dual Wield","Shrug It Off"],"picked":"Pommel Strike","floor":10},{"not_picked":["Juggernaut","Limit Break"],"picked":"Offering","floor":16},{"not_picked":["Havoc","Rampage"],"picked":"Warcry","floor":18},{"not_picked":["Carnage","Disarm"],"picked":"Pommel Strike+1","floor":21},{"not_picked":["Flame Barrier","Body Slam"],"picked":"Pommel Strike+1","floor":25},{"not_picked":["Uppercut","Combust"],"picked":"Shrug It Off","floor":27},{"not_picked":["Sentinel","Pommel Strike"],"picked":"Intimidate+1","floor":29},{"not_picked":["Exhume","Sword Boomerang"],"picked":"Shrug It Off","floor":31}],"player_experience":264865,"relics_obtained":[{"floor":5,"key":"PreservedInsect"},{"floor":7,"key":"Juzu Bracelet"},{"floor":9,"key":"Lantern"},{"floor":25,"key":"Omamori"},{"floor":26,"key":"Sundial"}],"event_choices":[{"damage_healed":26,"gold_gain":0,"player_choice":"Banana","damage_taken":0,"max_hp_gain":0,"max_hp_loss":0,"event_name":"Big Fish","floor":11,"gold_loss":0},{"cards_removed":["Inflame"],"damage_healed":17,"gold_gain":0,"player_choice":"Offered Uncommon","damage_taken":0,"max_hp_gain":0,"max_hp_loss":0,"event_name":"Bonfire Elementals","floor":12,"gold_loss":0},{"damage_healed":0,"gold_gain":75,"player_choice":"Gather Gold","damage_taken":11,"max_hp_gain":0,"max_hp_loss":0,"event_name":"World of Goop","floor":14,"gold_loss":0},{"damage_healed":0,"gold_gain":0,"player_choice":"0 cards matched","damage_taken":0,"max_hp_gain":0,"max_hp_loss":0,"event_name":"Match and Keep!","floor":20,"gold_loss":0,"cards_obtained":[]},{"damage_healed":0,"gold_gain":0,"player_choice":"Fight","damage_taken":0,"max_hp_gain":0,"max_hp_loss":0,"event_name":"Colosseum","floor":24,"gold_loss":0},{"damage_healed":0,"gold_gain":0,"player_choice":"Fled From Nobs","damage_taken":0,"max_hp_gain":0,"max_hp_loss":0,"event_name":"Colosseum","floor":24,"gold_loss":0},{"damage_healed":0,"gold_gain":100,"player_choice":"Pray","damage_taken":0,"max_hp_gain":0,"max_hp_loss":0,"event_name":"Golden Shrine","floor":28,"gold_loss":0}],"is_beta":false,"boss_relics":[{"not_picked":["Runic Dome","Calling Bell"],"picked":"Sozu"}],"items_purged_floors":[19,22],"is_endless":false,"potions_floor_spawned":[1,3,7,18,29],"killed_by":"Collector","ascension_level":1}