{"gold_per_floor":[210,10,110,121,132,158,170,170,170,182,182,197,197,53,53,129,129,146,146,236,85,66,66,86,101,101,25,25,45,76,76],"floor_reached":31,"playtime":1471,"items_purged":["Strike_G"],"score":437,"play_id":"21ffa3b8-da17-43e8-9c7a-66048159ff90","local_time":"20190314073200","is_ascension_mode":true,"campfire_choices":[{"floor":13,"key":"REST"},{"data":"Noxious Fumes","floor":15,"key":"SMITH"},{"floor":23,"key":"REST"},{"floor":28,"key":"REST"}],"neow_cost":"NONE","seed_source_timestamp":84798670004437,"circlet_count":0,"master_deck":["AscendersBane","Defend_G","Defend_G","Defend_G","Defend_G","Defend_G","Strike_G","Strike_G","Strike_G","Survivor","Neutralize","Dagger Spray","Predator","Backflip","Noxious Fumes","Backflip","Noxious Fumes+1","Catalyst+1","Crippling Poison","Night Terror","Deadly Poison","Adrenaline","PiercingWail","Escape Plan","Catalyst","Footwork"],"relics":["Ring of the Snake","Dream Catcher","Regal Pillow","Lantern","Runic Dome","Letter Opener","Paper Crane"],"potions_floor_usage":[18],"damage_taken":[{"damage":2,"enemies":"2 Louse","floor":1,"turns":3},{"damage":1,"enemies":"Cultist","floor":4,"turns":3},{"damage":1,"enemies":"Small Slimes","floor":5,"turns":4},{"damage":27,"enemies":"Lagavulin","floor":6,"turns":9},{"damage":25,"enemies":"Gremlin Gang","floor":7,"turns":5},{"damage":0,"enemies":"3 Louse","floor":10,"turns":4},{"damage":0,"enemies":"Red Slaver","floor":12,"turns":5},{"damage":22,"enemies":"Hexaghost","floor":16,"turns":8},{"damage":12,"enemies":"Spheric Guardian","floor":18,"turns":5},{"damage":14,"enemies":"2 Thieves","floor":22,"turns":4},{"damage":17,"enemies":"Centurion and Healer","floor":24,"turns":6},{"damage":17,"enemies":"Snecko","floor":25,"turns":6},{"damage":14,"enemies":"3 Cultists","floor":29,"turns":5},{"damage":13,"enemies":"Slavers","floor":30,"turns":4},{"damage":22,"enemies":"Cultist and Chosen","floor":31,"turns":5}],"seed_played":"-1262803103875399077","potions_obtained":[{"floor":1,"key":"SteroidPotion"},{"floor":7,"key":"SkillPotion"},{"floor":10,"key":"GamblersBrew"},{"floor":22,"key":"GhostInAJar"}],"is_trial":false,"path_per_floor":["M","$","?","M","M","E","M","?","T","M","?","M","R","$","R","B",null,"M","?","?","$","M","R","M","M","T","$","R","M","E","M"],"character_chosen":"THE_SILENT","items_purchased":["Predator","Backflip","Noxious Fumes","Lantern","GhostInAJar","Footwork"],"campfire_rested":3,"item_purchase_floors":[2,2,2,14,21,27],"current_hp_per_floor":[57,57,57,56,55,28,3,3,3,3,3,3,37,37,37,15,53,41,41,29,29,15,49,32,15,15,15,49,35,22,0],"gold":76,"neow_bonus":"HUNDRED_GOLD","is_prod":false,"is_daily":false,"chose_seed":false,"campfire_upgraded":1,"win_rate":0,"timestamp":1552563120,"path_taken":["M","$","?","?","M","E","M","?","T","?","?","?","R","?","R","BOSS","M","?","?","$","M","R","M","?","T","$","R","M","E","M"],"build_version":"2019-01-23","purchased_purges":1,"victory":false,"max_hp_per_floor":[66,66,66,66,66,66,66,66,66,66,66,66,66,66,66,66,66,66,66,66,66,66,66,66,66,66,66,66,66,66,66],"card_choices":[{"not_picked":["Leg Sweep","Bane"],"picked":"Dagger Spray","floor":1},{"not_picked":["Masterful Stab","Predator"],"picked":"Backflip","floor":4},{"not_picked":["Noxious Fumes","Blade Dance","Bouncing Flask"],"picked":"SKIP","floor":5},{"not_picked":["Tools of the Trade","Acrobatics"],"picked":"Noxious Fumes","floor":6},{"not_picked":["Dagger Spray","Finisher"],"picked":"Catalyst","floor":7},{"not_picked":["Quick Slash","Sucker Punch"],"picked":"Crippling Poison","floor":10},{"not_picked":["A Thousand Cuts","Venomology"],"picked":"Night Terror","floor":16},{"not_picked":["Flying Knee","Poisoned Stab"],"picked":"Deadly Poison","floor":18},{"not_picked":["Dagger Spray","Cloak And Dagger"],"picked":"Adrenaline","floor":22},{"not_picked":["Riddle With Holes","Dagger Throw"],"picked":"PiercingWail","floor":23},{"not_picked":["Prepared","Deflect"],"picked":"Escape Plan","floor":24},{"not_picked":["Acrobatics","Slice"],"picked":"Catalyst","floor":25},{"not_picked":["Prepared","Heel Hook","Dagger Spray"],"picked":"SKIP","floor":29},{"not_picked":["Slice","Envenom","Bane+1"],"picked":"SKIP","floor":30}],"player_experience":489111,"relics_obtained":[{"floor":6,"key":"Dream Catcher"},{"floor":9,"key":"Regal Pillow"},{"floor":26,"key":"Letter Opener"},{"floor":30,"key":"Paper Crane"}],"event_choices":[{"damage_healed":0,"gold_gain":100,"player_choice":"Pray","damage_taken":0,"max_hp_gain":0,"max_hp_loss":0,"event_name":"Golden Shrine","floor":3,"gold_loss":0},{"cards_removed":["Strike_G"],"damage_healed":0,"gold_gain":0,"player_choice":"Purged","damage_taken":0,"max_hp_gain":0,"max_hp_loss":0,"event_name":"Purifier","floor":8,"gold_loss":0},{"damage_healed":0,"gold_gain":0,"player_choice":"Upgraded","damage_taken":0,"max_hp_gain":0,"max_hp_loss":0,"event_name":"Upgrade Shrine","floor":11,"gold_loss":0,"cards_upgraded":["Catalyst"]},{"damage_healed":0,"gold_gain":0,"player_choice":"Ignored","damage_taken":0,"max_hp_gain":0,"max_hp_loss":0,"event_name":"Cursed Tome","floor":19,"gold_loss":0},{"damage_healed":0,"gold_gain":90,"player_choice":"GOLD ","damage_taken":12,"max_hp_gain":0,"max_hp_loss":0,"event_name":"Knowing Skull","floor":20,"potions_obtained":[],"gold_loss":0,"cards_obtained":[]}],"is_beta":false,"boss_relics":[{"not_picked":["Ring of the Serpent","Empty Cage"],"picked":"Runic Dome"}],"items_purged_floors":[21],"is_endless":false,"potions_floor_spawned":[1,7,10,12,22,25,30],"killed_by":"Cultist and Chosen","ascension_level":14}