{"gold_per_floor":[109,109,184,202,167,167,201,201,227,237,272,272,272,284,284,355,355,368,283,94,94,94,108,108,108,133,133,143,173,173,198,198,275,275,294,190,190,37,47,47,47],"floor_reached":41,"playtime":1281,"items_purged":["Strike_R","Strike_R"],"score":876,"play_id":"3ee728ba-84fd-4b98-ac91-040d6d91cee7","local_time":"20190407221210","is_ascension_mode":true,"campfire_choices":[{"data":"Clothesline","floor":6,"key":"SMITH"},{"floor":8,"key":"REST"},{"floor":13,"key":"REST"},{"floor":15,"key":"REST"},{"floor":24,"key":"REST"},{"floor":27,"key":"REST"},{"data":"Warcry","floor":30,"key":"SMITH"},{"data":"Shrug It Off","floor":32,"key":"SMITH"},{"data":"Offering","floor":40,"key":"SMITH"}],"neow_cost":"NONE","seed_source_timestamp":184951182661533,"circlet_count":0,"master_deck":["AscendersBane","Strike_R","Strike_R","Defend_R","Defend_R","Defend_R","Defend_R","Bash+1","Clothesline+1","Headbutt+1","Disarm","Immolate+1","Impervious","Shrug It Off+1","Cleave+1","Necronomicurse","Warcry+1","Ghostly Armor","Uppercut+1","Offering+1","Shrug It Off","Armaments","Shrug It Off"],"relics":["Burning Blood","Molten Egg 2","Shovel","Happy Flower","StoneCalendar","Velvet Choker","Calipers","Necronomicon","Pen Nib","Red Skull","Red Mask","Cursed Key"],"potions_floor_usage":[11,35,41,41],"damage_taken":[{"damage":4,"enemies":"2 Louse","floor":1,"turns":4},{"damage":18,"enemies":"Small Slimes","floor":4,"turns":5},{"damage":34,"enemies":"Lagavulin","floor":7,"turns":7},{"damage":4,"enemies":"Jaw Worm","floor":10,"turns":4},{"damage":32,"enemies":"Gremlin Nob","floor":11,"turns":4},{"damage":0,"enemies":"3 Louse","floor":14,"turns":1},{"damage":43,"enemies":"Slime Boss","floor":16,"turns":9},{"damage":29,"enemies":"Shell Parasite","floor":18,"turns":6},{"damage":0,"enemies":"Colosseum Slavers","floor":22,"turns":1},{"damage":0,"enemies":"Chosen","floor":23,"turns":2},{"damage":0,"enemies":"Centurion and Healer","floor":28,"turns":3},{"damage":0,"enemies":"Book of Stabbing","floor":29,"turns":3},{"damage":0,"enemies":"Masked Bandits","floor":31,"turns":1},{"damage":49,"enemies":"Collector","floor":33,"turns":9},{"damage":20,"enemies":"3 Shapes","floor":35,"turns":7},{"damage":0,"enemies":"Orb Walker","floor":39,"turns":2},{"damage":68,"enemies":"Reptomancer","floor":41,"turns":3}],"seed_played":"859320855968675198","potions_obtained":[{"floor":7,"key":"Explosive Potion"},{"floor":23,"key":"PowerPotion"},{"floor":33,"key":"BloodPotion"},{"floor":39,"key":"Regen Potion"}],"is_trial":false,"path_per_floor":["M","?","?","M","?","R","E","R","T","M","E","?","R","M","R","B",null,"M","?","$","?","?","M","R","?","T","R","M","E","R","?","R","B",null,"M","$","?","$","M","R","E"],"character_chosen":"IRONCLAD","items_purchased":["Shrug It Off","Cleave+1","Shrug It Off","Armaments","Shrug It Off"],"campfire_rested":5,"item_purchase_floors":[20,20,36,36,38],"current_hp_per_floor":[70,44,33,21,39,39,11,33,33,35,9,2,24,30,52,15,60,37,37,37,16,22,28,50,50,50,72,75,75,75,75,75,32,64,57,57,52,52,58,58,0],"gold":47,"neow_bonus":"UPGRADE_CARD","is_prod":false,"is_daily":false,"chose_seed":false,"campfire_upgraded":4,"win_rate":0,"timestamp":1554689530,"path_taken":["M","?","?","M","?","R","E","R","T","M","E","?","R","M","R","BOSS","M","?","$","?","?","M","R","?","T","R","?","E","R","?","R","BOSS","M","$","?","$","M","R","E"],"build_version":"2019-01-23","purchased_purges":2,"victory":false,"max_hp_per_floor":[75,75,75,75,75,75,75,75,75,75,75,75,75,75,75,75,75,75,75,75,75,75,75,75,75,75,75,75,75,75,75,75,75,75,75,75,75,75,75,75,75],"card_choices":[{"not_picked":["Havoc","Entrench"],"picked":"Clothesline","floor":1},{"not_picked":["Body Slam+1","Reckless Charge+1"],"picked":"Headbutt+1","floor":4},{"not_picked":["Perfected Strike+1","Infernal Blade","Second Wind"],"picked":"SKIP","floor":7},{"not_picked":["Searing Blow+1","Clash+1"],"picked":"Disarm","floor":10},{"not_picked":["True Grit","Clothesline+1"],"picked":"Immolate+1","floor":11},{"not_picked":["Sever Soul+1","Dropkick+1","Fire Breathing"],"picked":"SKIP","floor":14},{"not_picked":["Berserk","Brutality"],"picked":"Impervious","floor":16},{"not_picked":["True Grit","Dual Wield","Wild Strike+1"],"picked":"SKIP","floor":18},{"not_picked":["Seeing Red+1","Reckless Charge+1","Wild Strike+1"],"picked":"SKIP","floor":23},{"not_picked":["Clash+1","Twin Strike+1"],"picked":"Warcry","floor":28},{"not_picked":["Cleave+1","Dual Wield","Ghostly Armor"],"picked":"SKIP","floor":29},{"not_picked":["Cleave+1","Dual Wield"],"picked":"Ghostly Armor","floor":29},{"not_picked":["Armaments","Havoc"],"picked":"Uppercut+1","floor":31},{"not_picked":["Immolate+1","Juggernaut"],"picked":"Offering","floor":33},{"not_picked":["Heavy Blade+1","Reckless Charge+1","Corruption"],"picked":"SKIP","floor":35},{"not_picked":["Anger+1","Sever Soul+1","Havoc"],"picked":"SKIP","floor":39}],"player_experience":543408,"relics_obtained":[{"floor":7,"key":"Shovel"},{"floor":9,"key":"Happy Flower"},{"floor":11,"key":"StoneCalendar"},{"floor":21,"key":"Necronomicon"},{"floor":26,"key":"Pen Nib"},{"floor":29,"key":"Red Skull"},{"floor":31,"key":"Red Mask"}],"event_choices":[{"damage_healed":0,"gold_gain":0,"player_choice":"Success","damage_taken":26,"relics_obtained":["Molten Egg 2"],"max_hp_gain":0,"max_hp_loss":0,"event_name":"Scrap Ooze","floor":2,"gold_loss":0},{"damage_healed":0,"gold_gain":75,"player_choice":"Gather Gold","damage_taken":11,"max_hp_gain":0,"max_hp_loss":0,"event_name":"World of Goop","floor":3,"gold_loss":0},{"damage_healed":18,"gold_gain":0,"player_choice":"Healed","damage_taken":0,"max_hp_gain":0,"max_hp_loss":0,"event_name":"The Cleric","floor":5,"gold_loss":35},{"cards_removed":["Strike_R"],"damage_healed":0,"gold_gain":0,"player_choice":"Card Removal","damage_taken":7,"max_hp_gain":0,"max_hp_loss":0,"event_name":"Golden Wing","floor":12,"gold_loss":0},{"damage_healed":0,"gold_gain":0,"player_choice":"Obtained Relic","damage_taken":0,"relics_obtained":["Calipers"],"max_hp_gain":0,"max_hp_loss":0,"event_name":"Addict","floor":19,"gold_loss":85},{"damage_healed":0,"gold_gain":0,"player_choice":"Obtained Book","damage_taken":21,"max_hp_gain":0,"max_hp_loss":0,"event_name":"Cursed Tome","floor":21,"gold_loss":0},{"damage_healed":0,"gold_gain":0,"player_choice":"Fight","damage_taken":0,"max_hp_gain":0,"max_hp_loss":0,"event_name":"Colosseum","floor":22,"gold_loss":0},{"damage_healed":0,"gold_gain":0,"player_choice":"Fled From Nobs","damage_taken":0,"max_hp_gain":0,"max_hp_loss":0,"event_name":"Colosseum","floor":22,"gold_loss":0},{"damage_healed":0,"gold_gain":0,"player_choice":"Ignored","damage_taken":0,"max_hp_gain":0,"max_hp_loss":0,"event_name":"The Mausoleum","floor":25,"gold_loss":0},{"damage_healed":0,"gold_gain":0,"player_choice":"Fought Bandits","damage_taken":0,"max_hp_gain":0,"max_hp_loss":0,"event_name":"Masked Bandits","floor":31,"gold_loss":0},{"damage_healed":0,"gold_gain":0,"player_choice":"Punched","damage_taken":5,"max_hp_gain":0,"max_hp_loss":0,"event_name":"Designer","floor":37,"gold_loss":0}],"is_beta":false,"boss_relics":[{"not_picked":["Orrery","Eternal Feather"],"picked":"Velvet Choker"},{"not_picked":["Busted Crown","Astrolabe"],"picked":"Cursed Key"}],"items_purged_floors":[20,38],"is_endless":false,"potions_floor_spawned":[7,22,23,33,39],"killed_by":"Reptomancer","ascension_level":20}