{"gold_per_floor":[109,109,30,30,30,61,89,121,182,194,176,188,211,243,255,369,381,408,143,143,155,169,169,184,184,184,99,110,126,126,144,144,246,246,257,257,307,407,45,45,72,82,82,82,97,107,73,92,92,92],"floor_reached":51,"playtime":7196,"items_purged":["Strike_G","Blade Dance+1"],"score":1083,"play_id":"def2b2da-2006-481b-8f94-e9b6d2620e84","local_time":"20190514002945","is_ascension_mode":true,"campfire_choices":[{"data":"Footwork","floor":10.0,"key":"SMITH"},{"data":"Leg Sweep","floor":12.0,"key":"SMITH"},{"floor":15.0,"key":"REST"},{"data":"Footwork","floor":23.0,"key":"SMITH"},{"data":"Corpse Explosion","floor":25.0,"key":"SMITH"},{"floor":32.0,"key":"REST"},{"floor":40.0,"key":"REST"},{"data":"Madness","floor":44.0,"key":"SMITH"},{"floor":49.0,"key":"REST"}],"neow_cost":"NONE","seed_source_timestamp":2856063083653858,"circlet_count":0,"master_deck":["AscendersBane","Defend_G","Defend_G","Defend_G+1","Defend_G","Defend_G+1","Survivor","Neutralize","Sucker Punch","Corpse Explosion","Noxious Fumes","Poisoned Stab","Leg Sweep+1","Footwork+1","Footwork+1","Well Laid Plans","Corpse Explosion+1","Leg Sweep+1","Backflip","Adrenaline","Backflip+1","Dash+1","Madness+1","Madness","Well Laid Plans+1","Deadly Poison","Escape Plan+1","Deadly Poison+1","Blur+1"],"special_seed":0,"relics":["Ring of the Snake","NeowsBlessing","MawBank","Regal Pillow","Odd Mushroom","Cursed Key","DollysMirror","Question Card","Astrolabe","Tingsha","Torii","Bottled Lightning","Toxic Egg 2"],"potions_floor_usage":[],"damage_taken":[{"damage":0.0,"enemies":"Jaw Worm","floor":1.0,"turns":1.0},{"damage":0.0,"enemies":"3 Sentries","floor":6.0,"turns":1.0},{"damage":0.0,"enemies":"Small Slimes","floor":7.0,"turns":1.0},{"damage":0.0,"enemies":"2 Louse","floor":8.0,"turns":2.0},{"damage":0.0,"enemies":"Looter","floor":11.0,"turns":4.0},{"damage":4.0,"enemies":"Lots of Slimes","floor":13.0,"turns":1.0},{"damage":20.0,"enemies":"The Mushroom Lair","floor":14.0,"turns":3.0},{"damage":26.0,"enemies":"Slime Boss","floor":16.0,"turns":15.0},{"damage":0.0,"enemies":"Chosen","floor":18.0,"turns":6.0},{"damage":2.0,"enemies":"2 Thieves","floor":21.0,"turns":4.0},{"damage":2.0,"enemies":"Snake Plant","floor":22.0,"turns":6.0},{"damage":3.0,"enemies":"Shelled Parasite and Fungi","floor":24.0,"turns":6.0},{"damage":0.0,"enemies":"3 Cultists","floor":28.0,"turns":3.0},{"damage":7.0,"enemies":"Centurion and Healer","floor":29.0,"turns":5.0},{"damage":0.0,"enemies":"Snecko","floor":31.0,"turns":6.0},{"damage":39.0,"enemies":"Champ","floor":33.0,"turns":17.0},{"damage":4.0,"enemies":"Orb Walker","floor":35.0,"turns":5.0},{"damage":24.0,"enemies":"2 Orb Walkers","floor":37.0,"turns":5.0},{"damage":0.0,"enemies":"Mind Bloom Boss Battle","floor":38.0,"turns":8.0},{"damage":1.0,"enemies":"Reptomancer","floor":41.0,"turns":11.0},{"damage":0.0,"enemies":"3 Shapes","floor":42.0,"turns":7.0},{"damage":11.0,"enemies":"Writhing Mass","floor":45.0,"turns":7.0},{"damage":2.0,"enemies":"Transient","floor":46.0,"turns":5.0},{"damage":1.0,"enemies":"3 Darklings","floor":48.0,"turns":4.0},{"damage":45,"enemies":"Awakened One","floor":50,"turns":22}],"seed_played":"-6623388827827155404","potions_obtained":[{"floor":6.0,"key":"LiquidBronze"},{"floor":13.0,"key":"SkillPotion"},{"floor":16.0,"key":"Strength Potion"},{"floor":22.0,"key":"PowerPotion"},{"floor":28.0,"key":"PowerPotion"},{"floor":29.0,"key":"GamblersBrew"},{"floor":31.0,"key":"Block Potion"},{"floor":33.0,"key":"Block Potion"},{"floor":35.0,"key":"LiquidBronze"},{"floor":42.0,"key":"Ancient Potion"},{"floor":45.0,"key":"SneckoOil"}],"is_trial":false,"path_per_floor":["M","?","$","?","?","E","M","M","T","R","M","R","M","?","R","B",null,"M","$","?","M","M","R","M","R","T","?","M","M","T","M","R","B",null,"M","?","?","?","$","R","E","M","T","R","M","M","$","M","R","B",null],"character_chosen":"THE_SILENT","items_purchased":["Noxious Fumes","DollysMirror","Bottled Lightning","Blur+1"],"campfire_rested":4,"item_purchase_floors":[3,19,39,47],"current_hp_per_floor":[63,63,63,49,49,49,49,49,49,49,49,49,45,25,61,35,61,61,61,61,59,57,57,54,54,54,54,54,47,47,47,70,31,60,56,47,23,23,23,59,58,58,58,58,47,45,45,44,70,25],"gold":92,"neow_bonus":"THREE_ENEMY_KILL","is_prod":false,"is_daily":false,"chose_seed":false,"campfire_upgraded":5,"win_rate":0,"timestamp":1557782985,"path_taken":["M","?","$","?","?","E","M","M","T","R","M","R","M","?","R","BOSS","M","$","?","M","M","R","M","R","T","?","M","M","?","M","R","BOSS","M","?","?","?","$","R","E","M","T","R","M","M","$","M","R","BOSS"],"build_version":"2019-01-23","purchased_purges":2,"victory":true,"max_hp_per_floor":[70,70,70,70,70,70,70,70,70,70,70,70,70,70,70,70,70,70,70,70,70,70,70,70,70,70,70,70,70,70,70,70,70,70,70,70,70,70,70,70,70,70,70,70,70,70,70,70,70,70],"card_choices":[{"not_picked":["Riddle With Holes","Poisoned Stab"],"picked":"Sucker Punch","floor":1.0},{"not_picked":["Malaise","Slice"],"picked":"Poisoned Stab","floor":6.0},{"not_picked":["Underhanded Strike","Blade Dance"],"picked":"Leg Sweep","floor":7.0},{"not_picked":["Endless Agony","Infinite Blades"],"picked":"Footwork","floor":8.0},{"not_picked":["Bane","Acrobatics","Dagger Spray"],"picked":"SKIP","floor":11.0},{"not_picked":["PiercingWail","Quick Slash"],"picked":"Footwork","floor":13.0},{"not_picked":["Calculated Gamble","Outmaneuver"],"picked":"Well Laid Plans","floor":14.0},{"not_picked":["Grand Finale","Bullet Time"],"picked":"Corpse Explosion","floor":16.0},{"not_picked":["Calculated Gamble","Poisoned Stab","Masterful Stab"],"picked":"SKIP","floor":18.0},{"not_picked":["Dagger Throw","Accuracy","Underhanded Strike"],"picked":"SKIP","floor":21.0},{"not_picked":["Dagger Throw","Prepared","Outmaneuver"],"picked":"SKIP","floor":22.0},{"not_picked":["Crippling Poison","Dash"],"picked":"Backflip","floor":24.0},{"not_picked":["Blade Dance","Deflect","Quick Slash+1","Underhanded Strike"],"picked":"SKIP","floor":28.0},{"not_picked":["Deadly Poison","Dagger Spray","Infinite Blades","Flying Knee"],"picked":"SKIP","floor":29.0},{"not_picked":["Deadly Poison","After Image","Setup","Caltrops"],"picked":"SKIP","floor":31.0},{"not_picked":["Envenom","Unload","Burst"],"picked":"Adrenaline","floor":33.0},{"not_picked":["Flying Knee","Blade Dance","Outmaneuver","Slice"],"picked":"SKIP","floor":35.0},{"not_picked":["All Out Attack","Backflip+1","Crippling Poison"],"picked":"Well Laid Plans+1","floor":37.0},{"not_picked":["Sucker Punch","Underhanded Strike","Tactician"],"picked":"Deadly Poison","floor":38.0},{"not_picked":["PiercingWail","Leg Sweep","Prepared","Malaise"],"picked":"SKIP","floor":41.0},{"not_picked":["Flying Knee","Distraction+1","Acrobatics+1","Dagger Spray"],"picked":"SKIP","floor":42.0},{"not_picked":["Slice","Dagger Spray","Blade Dance+1"],"picked":"Escape Plan+1","floor":45.0},{"not_picked":["Cloak And Dagger+1","Prepared+1","Corpse Explosion+1"],"picked":"Deadly Poison+1","floor":46.0},{"not_picked":["Setup+1","Outmaneuver+1","Crippling Poison+1","Terror+1"],"picked":"SKIP","floor":48.0}],"player_experience":994791,"relics_obtained":[{"floor":6.0,"key":"MawBank"},{"floor":9.0,"key":"Regal Pillow"},{"floor":14.0,"key":"Odd Mushroom"},{"floor":37.0,"key":"Tingsha"},{"floor":38.0,"key":"Torii"},{"floor":41.0,"key":"Toxic Egg 2"}],"event_choices":[{"damage_healed":0.0,"max_hp_gain":0.0,"max_hp_loss":0.0,"gold_gain":0.0,"cards_transformed":["Strike_G"],"event_name":"Living Wall","player_choice":"Change","floor":2.0,"gold_loss":0.0,"damage_taken":0.0,"cards_obtained":["Corpse Explosion"]},{"damage_healed":0.0,"max_hp_gain":0.0,"max_hp_loss":0.0,"gold_gain":0.0,"event_name":"Shining Light","player_choice":"Entered Light","floor":4.0,"gold_loss":0.0,"damage_taken":14.0,"cards_upgraded":["Defend_G","Defend_G"]},{"damage_healed":0.0,"max_hp_gain":0.0,"max_hp_loss":0.0,"gold_gain":0.0,"event_name":"The Cleric","player_choice":"Leave","floor":5.0,"gold_loss":0.0,"damage_taken":0.0},{"damage_healed":0.0,"max_hp_gain":0.0,"max_hp_loss":0.0,"gold_gain":0.0,"event_name":"Mushrooms","player_choice":"Fought Mushrooms","floor":14.0,"gold_loss":0.0,"damage_taken":0.0},{"damage_healed":0.0,"max_hp_gain":0.0,"max_hp_loss":0.0,"gold_gain":0.0,"event_name":"Ghosts","player_choice":"Ignored","floor":20.0,"gold_loss":0.0,"damage_taken":0.0},{"damage_healed":0.0,"max_hp_gain":0.0,"max_hp_loss":0.0,"gold_gain":0.0,"event_name":"Addict","player_choice":"Obtained Relic","floor":27.0,"gold_loss":85.0,"damage_taken":0.0,"relics_obtained":["Question Card"]},{"damage_healed":0.0,"max_hp_gain":0.0,"max_hp_loss":0.0,"gold_gain":0.0,"event_name":"Winding Halls","player_choice":"Embrace Madness","floor":36.0,"gold_loss":0.0,"damage_taken":9.0,"cards_obtained":["Madness","Madness"]},{"damage_healed":0.0,"max_hp_gain":0.0,"max_hp_loss":0.0,"gold_gain":0.0,"event_name":"Mysterious Sphere","player_choice":"Fight","floor":37.0,"gold_loss":0.0,"damage_taken":0.0},{"damage_healed":0.0,"max_hp_gain":0.0,"max_hp_loss":0.0,"gold_gain":0.0,"event_name":"MindBloom","player_choice":"Fight","floor":38.0,"gold_loss":0.0,"damage_taken":0.0}],"is_beta":false,"boss_relics":[{"not_picked":["Eternal Feather","Tiny House"],"picked":"Cursed Key"},{"not_picked":["WristBlade","White Beast Statue"],"picked":"Astrolabe"}],"items_purged_floors":[19,39],"is_endless":false,"potions_floor_spawned":[6,13,16,22,28,29,31,33,35,42,45],"ascension_level":12}