{"gold_per_floor":[13,25,43,58,58,58,87,87,87,97,116,116,133,143,143,240,240,257,105,120,20,36,36],"floor_reached":23,"playtime":2194,"items_purged":["Strike_R","Defend_R"],"score":197,"play_id":"ca881117-b35b-4bbe-8294-0c8c44438247","local_time":"20180703085034","is_ascension_mode":false,"campfire_choices":[{"data":"Anger","floor":6,"key":"SMITH"},{"data":"Pummel","floor":8,"key":"SMITH"},{"floor":12,"key":"REST"},{"floor":15,"key":"REST"}],"neow_cost":"NO_GOLD","seed_source_timestamp":1678049752738459,"circlet_count":0,"master_deck":["Strike_R","Defend_R","Defend_R","Defend_R","Bash","Anger+1","Pummel+1","Shockwave","Cleave","Flex","Cleave","Pommel Strike","Cleave","Fire Breathing","Reaper","Rage+1","Ghostly Armor","Fire Breathing+1","Power Through+1"],"relics":["Burning Blood","Bird Faced Urn","Question Card","Gremlin Horn","Empty Cage"],"potions_floor_usage":[7,16,16,16,23],"damage_taken":[{"damage":7,"enemies":"Small Slimes","floor":1,"turns":5},{"damage":1,"enemies":"Cultist","floor":2,"turns":3},{"damage":5,"enemies":"2 Louse","floor":3,"turns":2},{"damage":19,"enemies":"Blue Slaver","floor":4,"turns":3},{"damage":39,"enemies":"Lagavulin","floor":7,"turns":6},{"damage":12,"enemies":"2 Fungi Beasts","floor":10,"turns":2},{"damage":16,"enemies":"Large Slime","floor":11,"turns":5},{"damage":13,"enemies":"Blue Slaver","floor":13,"turns":3},{"damage":0,"enemies":"Gremlin Gang","floor":14,"turns":1},{"damage":55,"enemies":"Hexaghost","floor":16,"turns":9},{"damage":25,"enemies":"2 Thieves","floor":18,"turns":4},{"damage":17,"enemies":"Chosen","floor":20,"turns":6},{"damage":39,"enemies":"Centurion and Healer","floor":22,"turns":8},{"damage":41,"enemies":"Slavers","floor":23,"turns":4}],"seed_played":"-8991988402001487588","potions_obtained":[{"floor":2,"key":"Poison Potion"},{"floor":10,"key":"GamblersBrew"},{"floor":11,"key":"EssenceOfSteel"},{"floor":13,"key":"Explosive Potion"},{"floor":16,"key":"LiquidBronze"},{"floor":22,"key":"SmokeBomb"}],"is_trial":false,"path_per_floor":["M","M","M","M","?","R","E","R","T","M","M","R","M","M","R","B",null,"M","$","M","$","M"],"character_chosen":"IRONCLAD","items_purchased":["Ghostly Armor"],"campfire_rested":2,"item_purchase_floors":[19],"current_hp_per_floor":[79,80,80,67,67,67,34,34,34,28,18,42,35,41,65,18,80,63,63,56,56,37,0],"gold":36,"neow_bonus":"ONE_RARE_RELIC","is_prod":false,"is_daily":false,"chose_seed":false,"campfire_upgraded":2,"win_rate":0.0,"timestamp":1530622234,"path_taken":["M","M","M","M","?","R","E","R","T","M","M","R","M","M","R","BOSS","M","$","M","$","M","E"],"build_version":"2018-06-28","purchased_purges":2,"victory":false,"max_hp_per_floor":[80,80,80,80,80,80,80,80,80,80,80,80,80,80,80,80,80,80,80,80,80,80,80],"card_choices":[{"not_picked":["Twin Strike","Dropkick"],"picked":"Anger","floor":1},{"not_picked":["Perfected Strike","Sword Boomerang"],"picked":"Pummel","floor":2},{"not_picked":["Thunderclap","Whirlwind"],"picked":"Shockwave","floor":3},{"not_picked":["Headbutt","Twin Strike"],"picked":"Cleave","floor":4},{"not_picked":["Shrug It Off","Perfected Strike"],"picked":"Flex","floor":7},{"not_picked":["Barricade","Metallicize","Clash"],"picked":"Cleave","floor":10},{"not_picked":["Perfected Strike","Shrug It Off","Sever Soul"],"picked":"Pommel Strike","floor":11},{"not_picked":["Sword Boomerang","Flex","Dual Wield"],"picked":"Cleave","floor":13},{"not_picked":["Rage","Heavy Blade","Perfected Strike"],"picked":"Fire Breathing","floor":14},{"not_picked":["Barricade","Limit Break","Bludgeon"],"picked":"Reaper","floor":16},{"not_picked":["Bloodletting","Clothesline+1","Flex"],"picked":"Rage+1","floor":18},{"not_picked":["Flex","True Grit+1","Searing Blow"],"picked":"Fire Breathing+1","floor":20},{"not_picked":["Inflame","Warcry+1","Burning Pact+1"],"picked":"Power Through+1","floor":22}],"player_experience":24616,"relics_obtained":[{"floor":7,"key":"Question Card"},{"floor":9,"key":"Gremlin Horn"}],"event_choices":[{"event_name":"Wheel of Change","player_choice":"Card Removal","floor":5,"damage_taken":0}],"boss_relics":[{"not_picked":["Snecko Eye","Lizard Tail"],"picked":"Empty Cage"}],"items_purged_floors":[19,21],"is_endless":false,"potions_floor_spawned":[2,10,11,13,16,22],"killed_by":"Slavers","ascension_level":0}