{"gold_per_floor":[118,193,193,207,227,227,250,250,275,275,304,304,367,387,387,491,491,501,269,280,195,26,26,54,74,74,109,209,235,247,272,284,392,404,435,459,202,215,234,234,263,263,263,297,297,64,93,103,103,103],"floor_reached":51,"playtime":7639,"items_purged":["Strike_R","Strike_R","Defend_R","Defend_R"],"score":791,"play_id":"28164388-4d52-44d2-b917-673586b3bf5c","local_time":"20190427014929","is_ascension_mode":false,"campfire_choices":[{"data":"1","floor":6,"key":"LIFT"},{"data":"2","floor":8,"key":"LIFT"},{"floor":10,"key":"REST"},{"data":"3","floor":15,"key":"LIFT"},{"data":"Power Through","floor":23,"key":"SMITH"},{"floor":32,"key":"REST"},{"data":"Armaments","floor":40,"key":"SMITH"},{"data":"Iron Wave","floor":42,"key":"SMITH"},{"floor":49,"key":"REST"}],"neow_cost":"TEN_PERCENT_HP_LOSS","seed_source_timestamp":1071386924760553,"circlet_count":0,"master_deck":["Defend_R","Defend_R","Bash","Evolve","Power Through+1","Ghostly Armor+1","Body Slam","Headbutt","Ghostly Armor","Havoc","Limit Break+1","Iron Wave+1","Fiend Fire","Sword Boomerang+1","Evolve","Armaments+1","Iron Wave","Bite","Bite","Bite","Bite","Bite","Pummel","Warcry+1","Shrug It Off+1","Spot Weakness+1","Heavy Blade+1","Dark Shackles","Shrug It Off+1"],"relics":["Burning Blood","Girya","Odd Mushroom","Bronze Scales","Unceasing Top","Dead Branch","Orichalcum","Mark of Pain","Singing Bowl","Torii","Letter Opener","Boot","Calipers","Bottled Lightning","MawBank","Black Star","Strawberry","Blood Vial","Pen Nib","Ginger","Happy Flower","War Paint","Thread and Needle","Centennial Puzzle"],"potions_floor_usage":[5,14,24,24,28,38],"damage_taken":[{"damage":0,"enemies":"2 Louse","floor":1,"turns":3},{"damage":2,"enemies":"Small Slimes","floor":4,"turns":4},{"damage":15,"enemies":"Jaw Worm","floor":5,"turns":6},{"damage":48,"enemies":"The Mushroom Lair","floor":7,"turns":9},{"damage":13,"enemies":"Lagavulin","floor":11,"turns":8},{"damage":4,"enemies":"3 Sentries","floor":13,"turns":7},{"damage":7,"enemies":"3 Louse","floor":14,"turns":4},{"damage":21,"enemies":"The Guardian","floor":16,"turns":13},{"damage":17,"enemies":"Shell Parasite","floor":18,"turns":5},{"damage":5,"enemies":"2 Thieves","floor":20,"turns":3},{"damage":31,"enemies":"Gremlin Leader","floor":24,"turns":6},{"damage":1,"enemies":"Snake Plant","floor":25,"turns":3},{"damage":25,"enemies":"Slavers","floor":27,"turns":5},{"damage":11,"enemies":"Colosseum Slavers","floor":28,"turns":4},{"damage":1,"enemies":"Colosseum Nobs","floor":28,"turns":5},{"damage":12,"enemies":"Gremlin Leader","floor":29,"turns":3},{"damage":8,"enemies":"Shelled Parasite and Fungi","floor":31,"turns":2},{"damage":23,"enemies":"Champ","floor":33,"turns":9},{"damage":1,"enemies":"Orb Walker","floor":35,"turns":3},{"damage":33,"enemies":"3 Darklings","floor":36,"turns":4},{"damage":2,"enemies":"Transient","floor":38,"turns":5},{"damage":31,"enemies":"Maw","floor":39,"turns":7},{"damage":7,"enemies":"Giant Head","floor":41,"turns":7},{"damage":25,"enemies":"Nemesis","floor":44,"turns":5},{"damage":26,"enemies":"Reptomancer","floor":47,"turns":3},{"damage":9,"enemies":"3 Darklings","floor":48,"turns":3},{"damage":20,"enemies":"Time Eater","floor":50,"turns":7}],"seed_played":"8612517966163460327","potions_obtained":[{"floor":1,"key":"Regen Potion"},{"floor":13,"key":"Swift Potion"},{"floor":14,"key":"SteroidPotion"},{"floor":16,"key":"SpeedPotion"},{"floor":18,"key":"Regen Potion"},{"floor":25,"key":"Explosive Potion"},{"floor":27,"key":"SpeedPotion"},{"floor":38,"key":"GamblersBrew"},{"floor":39,"key":"SneckoOil"}],"is_trial":false,"path_per_floor":["M","?","?","M","M","R","?","R","T","R","E","T","?","M","R","B",null,"M","$","M","?","$","R","E","M","T","E","?","E","?","M","R","B",null,"M","M","$","M","M","R","E","R","T","E","?","$","E","M","R","B",null],"character_chosen":"IRONCLAD","items_purchased":["Fiend Fire","Evolve","Strawberry","Dark Shackles"],"campfire_rested":3,"item_purchase_floors":[19,22,37,46],"current_hp_per_floor":[72,61,61,65,69,69,27,27,27,48,41,41,43,42,42,27,72,61,61,62,62,62,62,54,61,61,42,42,38,38,38,54,46,56,56,37,44,60,48,48,53,53,53,42,42,42,28,33,53,47],"gold":103,"neow_bonus":"ONE_RARE_RELIC","is_prod":false,"is_daily":false,"chose_seed":false,"campfire_upgraded":3,"win_rate":0,"timestamp":1556344169,"path_taken":["M","?","?","M","M","R","?","R","T","R","E","?","?","M","R","BOSS","M","$","M","?","$","R","E","M","T","E","?","E","?","?","R","BOSS","M","M","$","M","M","R","E","R","T","E","?","$","E","M","R","BOSS"],"build_version":"2019-01-23","purchased_purges":4,"victory":true,"max_hp_per_floor":[72,72,72,72,72,72,72,72,72,72,72,72,72,72,72,72,72,72,72,72,72,72,72,74,76,76,76,76,78,54,54,54,56,56,56,56,63,65,65,65,65,65,65,65,65,65,65,67,67,67],"card_choices":[{"not_picked":["Ghostly Armor","Disarm"],"picked":"Evolve","floor":1},{"not_picked":["Armaments","Disarm"],"picked":"Power Through","floor":4},{"not_picked":["Second Wind","Shockwave"],"picked":"Ghostly Armor","floor":5},{"not_picked":["Infernal Blade","Pommel Strike"],"picked":"Body Slam","floor":7},{"not_picked":["Cleave","Battle Trance"],"picked":"Headbutt","floor":11},{"not_picked":["Bloodletting","Offering"],"picked":"Ghostly Armor","floor":13},{"not_picked":["Cleave","Pommel Strike"],"picked":"Havoc","floor":14},{"not_picked":["Dark Embrace","Impervious"],"picked":"Limit Break","floor":16},{"not_picked":["Pommel Strike+1","Armaments"],"picked":"Iron Wave","floor":18},{"not_picked":["Pommel Strike","Clothesline+1"],"picked":"Sword Boomerang+1","floor":20},{"not_picked":["Thunderclap+1","Blood for Blood","Anger"],"picked":"Singing Bowl","floor":24},{"not_picked":["Perfected Strike+1","Flex","Clash"],"picked":"Singing Bowl","floor":25},{"not_picked":["Infernal Blade","Perfected Strike+1"],"picked":"Armaments","floor":27},{"not_picked":["Combust","Clothesline"],"picked":"Iron Wave","floor":28},{"not_picked":["Battle Trance","Twin Strike","Uppercut"],"picked":"Singing Bowl","floor":29},{"not_picked":["Warcry","Rupture"],"picked":"Pummel","floor":31},{"not_picked":["Double Tap","Reaper","Offering"],"picked":"Singing Bowl","floor":33},{"not_picked":["Sentinel","Havoc"],"picked":"Warcry+1","floor":35},{"not_picked":["Clash","Twin Strike+1"],"picked":"Ghostly Armor","floor":36},{"not_picked":["Uppercut+1","Double Tap","Headbutt+1"],"picked":"Singing Bowl","floor":38},{"not_picked":["Second Wind+1","Perfected Strike+1"],"picked":"Shrug It Off+1","floor":39},{"not_picked":["Seeing Red","Headbutt+1"],"picked":"Spot Weakness+1","floor":41},{"not_picked":["Clothesline+1","Warcry"],"picked":"Heavy Blade+1","floor":44},{"not_picked":["Rupture","Rage"],"picked":"Shrug It Off+1","floor":47},{"not_picked":["Clothesline","Flame Barrier+1","Shrug It Off+1"],"picked":"Singing Bowl","floor":48}],"player_experience":106388,"relics_obtained":[{"floor":7,"key":"Odd Mushroom"},{"floor":9,"key":"Bronze Scales"},{"floor":11,"key":"Unceasing Top"},{"floor":12,"key":"Dead Branch"},{"floor":13,"key":"Orichalcum"},{"floor":24,"key":"Torii"},{"floor":26,"key":"Letter Opener"},{"floor":27,"key":"Boot"},{"floor":28,"key":"Calipers"},{"floor":28,"key":"Bottled Lightning"},{"floor":29,"key":"MawBank"},{"floor":41,"key":"Blood Vial"},{"floor":41,"key":"Pen Nib"},{"floor":43,"key":"Ginger"},{"floor":44,"key":"Happy Flower"},{"floor":44,"key":"War Paint"},{"floor":47,"key":"Thread and Needle"},{"floor":47,"key":"Centennial Puzzle"}],"event_choices":[{"damage_healed":0,"gold_gain":75,"player_choice":"Gather Gold","damage_taken":11,"max_hp_gain":0,"max_hp_loss":0,"event_name":"World of Goop","floor":2,"gold_loss":0},{"damage_healed":0,"gold_gain":0,"player_choice":"Ignored","damage_taken":0,"max_hp_gain":0,"max_hp_loss":0,"event_name":"Golden Wing","floor":3,"gold_loss":0},{"damage_healed":0,"gold_gain":0,"player_choice":"Fought Mushrooms","damage_taken":0,"max_hp_gain":0,"max_hp_loss":0,"event_name":"Mushrooms","floor":7,"gold_loss":0},{"damage_healed":0,"gold_gain":0,"player_choice":"Searched \u00271\u0027 times","damage_taken":0,"max_hp_gain":0,"max_hp_loss":0,"event_name":"Dead Adventurer","floor":13,"gold_loss":0},{"damage_healed":0,"gold_gain":0,"player_choice":"Obtained Relic","damage_taken":0,"relics_obtained":["Singing Bowl"],"max_hp_gain":0,"max_hp_loss":0,"event_name":"Addict","floor":21,"gold_loss":85},{"damage_healed":0,"gold_gain":0,"player_choice":"Fight","damage_taken":0,"max_hp_gain":0,"max_hp_loss":0,"event_name":"Colosseum","floor":28,"gold_loss":0},{"damage_healed":0,"gold_gain":0,"player_choice":"Fought Nobs","damage_taken":0,"max_hp_gain":0,"max_hp_loss":0,"event_name":"Colosseum","floor":28,"gold_loss":0},{"damage_healed":0,"gold_gain":0,"player_choice":"Became a vampire","damage_taken":0,"max_hp_gain":0,"max_hp_loss":24,"event_name":"Vampires","floor":30,"gold_loss":0,"cards_obtained":["Bite","Bite","Bite","Bite","Bite"]},{"cards_removed":["Ghostly Armor"],"damage_healed":0,"gold_gain":0,"player_choice":"Removed Skill","damage_taken":0,"max_hp_gain":0,"max_hp_loss":0,"event_name":"Falling","floor":45,"gold_loss":0}],"is_beta":false,"boss_relics":[{"not_picked":["Fusion Hammer","Ectoplasm"],"picked":"Mark of Pain"},{"not_picked":["Runic Pyramid","Orrery"],"picked":"Black Star"}],"items_purged_floors":[19,22,37,46],"is_endless":false,"potions_floor_spawned":[1,13,14,16,18,25,27,28,38,39],"ascension_level":0}