{"gold_per_floor":[209,209,209,56,76,107,107,121,148,168,168,202,214,231,231,327,327,347,367,367,384,404,404],"floor_reached":23,"playtime":579,"items_purged":[],"score":205,"play_id":"07eac3f5-22cc-42f1-87bd-9d6b69d1626c","local_time":"20190510212451","is_ascension_mode":false,"campfire_choices":[{"data":"Flex","floor":7,"key":"SMITH"},{"data":"Demon Form","floor":15,"key":"SMITH"}],"neow_cost":"NONE","seed_source_timestamp":2091687910000,"circlet_count":0,"master_deck":["Strike_R","Strike_R","Strike_R","Strike_R","Strike_R","Defend_R","Defend_R","Defend_R","Defend_R","Bash","Pommel Strike","Flex+1","Searing Blow","Twin Strike","Demon Form+1","Feed","Uppercut","Demon Form","Heavy Blade","Headbutt+1","RitualDagger","Iron Wave","Heavy Blade+1"],"relics":["Burning Blood","Strawberry","Orichalcum","Regal Pillow","Bag of Marbles","Peace Pipe","Orrery"],"potions_floor_usage":[12,12,23],"damage_taken":[{"damage":10,"enemies":"Jaw Worm","floor":1,"turns":4},{"damage":0,"enemies":"Cultist","floor":5,"turns":3},{"damage":19,"enemies":"Gremlin Nob","floor":6,"turns":5},{"damage":4,"enemies":"Small Slimes","floor":8,"turns":2},{"damage":6,"enemies":"Blue Slaver","floor":10,"turns":2},{"damage":12,"enemies":"3 Sentries","floor":12,"turns":4},{"damage":9,"enemies":"Exordium Thugs","floor":13,"turns":4},{"damage":0,"enemies":"2 Fungi Beasts","floor":14,"turns":2},{"damage":52,"enemies":"Hexaghost","floor":16,"turns":8},{"damage":33,"enemies":"Shell Parasite","floor":18,"turns":6},{"damage":13,"enemies":"3 Byrds","floor":19,"turns":6},{"damage":9,"enemies":"Snake Plant","floor":21,"turns":4},{"damage":18,"enemies":"Snecko","floor":22,"turns":4},{"damage":32,"enemies":"Slavers","floor":23,"turns":3}],"seed_played":"4561713560362697580","potions_obtained":[{"floor":5,"key":"Strength Potion"},{"floor":8,"key":"SkillPotion"},{"floor":12,"key":"GamblersBrew"},{"floor":13,"key":"Swift Potion"},{"floor":14,"key":"Poison Potion"}],"is_trial":false,"path_per_floor":["M","$","?","$","M","E","R","M","T","M","$","E","M","M","R","B",null,"M","M","?","M","M","E"],"character_chosen":"IRONCLAD","items_purchased":["Orichalcum"],"campfire_rested":0,"item_purchase_floors":[4],"current_hp_per_floor":[76,76,83,83,87,74,74,76,76,76,76,70,67,73,73,27,87,60,53,47,44,32,0],"gold":404,"neow_bonus":"HUNDRED_GOLD","is_prod":false,"is_daily":false,"chose_seed":false,"campfire_upgraded":2,"win_rate":0,"timestamp":1557512691,"path_taken":["M","$","?","$","?","E","R","M","T","M","$","E","M","M","R","BOSS","M","M","?","M","M","E"],"build_version":"2019-01-23","purchased_purges":0,"victory":false,"max_hp_per_floor":[80,80,87,87,87,87,87,87,87,87,87,87,87,87,87,87,87,87,87,87,87,87,87],"card_choices":[{"not_picked":["Pummel","Shrug It Off"],"picked":"Sword Boomerang","floor":1},{"not_picked":["Corruption","Blood for Blood"],"picked":"Pommel Strike","floor":5},{"not_picked":["Clash","Iron Wave"],"picked":"Flex","floor":6},{"not_picked":["Intimidate","Headbutt"],"picked":"Searing Blow","floor":8},{"not_picked":["Anger","Fiend Fire","True Grit"],"picked":"SKIP","floor":10},{"not_picked":["Ghostly Armor","Iron Wave"],"picked":"Twin Strike","floor":12},{"not_picked":["Warcry","Shrug It Off","Armaments"],"picked":"SKIP","floor":13},{"not_picked":["Reckless Charge","Dual Wield"],"picked":"Demon Form","floor":14},{"not_picked":["Berserk","Barricade"],"picked":"Feed","floor":16},{"not_picked":["Perfected Strike","Rampage"],"picked":"Uppercut","floor":17},{"not_picked":["Reckless Charge","True Grit"],"picked":"Demon Form","floor":17},{"not_picked":["Corruption","Twin Strike"],"picked":"Heavy Blade","floor":18},{"not_picked":["True Grit+1","Corruption"],"picked":"Headbutt+1","floor":19},{"not_picked":["Pommel Strike","Cleave"],"picked":"Iron Wave","floor":21},{"not_picked":["Dual Wield","Hemokinesis+1"],"picked":"Heavy Blade+1","floor":22}],"player_experience":309809,"relics_obtained":[{"floor":6,"key":"Regal Pillow"},{"floor":9,"key":"Bag of Marbles"},{"floor":12,"key":"Peace Pipe"}],"event_choices":[{"cards_removed":["Sword Boomerang"],"damage_healed":0,"gold_gain":0,"player_choice":"Gave Card","damage_taken":0,"relics_obtained":["Strawberry"],"max_hp_gain":0,"max_hp_loss":0,"event_name":"WeMeetAgain","floor":3,"gold_loss":0},{"damage_healed":0,"gold_gain":0,"player_choice":"Joined the Cult","damage_taken":6,"max_hp_gain":0,"max_hp_loss":0,"event_name":"Nest","floor":20,"gold_loss":0,"cards_obtained":["RitualDagger"]}],"is_beta":false,"boss_relics":[{"not_picked":["Velvet Choker","Eternal Feather"],"picked":"Orrery"}],"items_purged_floors":[],"is_endless":false,"potions_floor_spawned":[5,8,12,13,14,16,21],"killed_by":"Slavers","ascension_level":0}