{"gold_per_floor":[118,134,9,9,25,52,52,70,116,116,16,16,31,48,48,48],"floor_reached":16,"playtime":370,"items_purged":["Defend_R","Defend_R"],"score":102,"play_id":"306db30a-b49e-4452-8a11-a46f9afa7d2b","local_time":"20181210110157","is_ascension_mode":false,"campfire_choices":[{"floor":15,"key":"REST"}],"neow_cost":"NONE","seed_source_timestamp":266485688556247,"circlet_count":0,"master_deck":["Strike_R+1","Strike_R","Strike_R+1","Strike_R","Strike_R","Defend_R","Bash","Dropkick","Clash","Shrug It Off"],"relics":["Burning Blood","NeowsBlessing","Mummified Hand","Strawberry","Blood Vial"],"potions_floor_usage":[8,16,16],"damage_taken":[{"damage":0,"enemies":"Cultist","floor":1,"turns":1},{"damage":0,"enemies":"2 Louse","floor":2,"turns":1},{"damage":0,"enemies":"Small Slimes","floor":5,"turns":1},{"damage":39,"enemies":"3 Sentries","floor":6,"turns":9},{"damage":0,"enemies":"Gremlin Gang","floor":8,"turns":3},{"damage":20,"enemies":"Lots of Slimes","floor":13,"turns":3},{"damage":7,"enemies":"Blue Slaver","floor":14,"turns":3},{"damage":58,"enemies":"The Guardian","floor":16,"turns":9}],"seed_played":"-6257743129787947495","potions_obtained":[{"floor":2,"key":"SpeedPotion"},{"floor":6,"key":"Fire Potion"},{"floor":7,"key":"Block Potion"},{"floor":8,"key":"GamblersBrew"}],"is_trial":false,"path_per_floor":["M","M","$","?","M","E","?","M","T","?","$","?","M","M","R","B"],"character_chosen":"IRONCLAD","items_purchased":["Clash"],"campfire_rested":1,"item_purchase_floors":[3],"current_hp_per_floor":[80,80,80,64,70,37,37,43,50,47,47,40,28,29,55,0],"gold":48,"neow_bonus":"THREE_ENEMY_KILL","is_prod":false,"is_daily":false,"chose_seed":false,"campfire_upgraded":0,"win_rate":0,"timestamp":1544457717,"path_taken":["M","M","$","?","M","E","?","?","T","?","$","?","M","M","R","BOSS"],"build_version":"2018-12-06","purchased_purges":2,"victory":false,"max_hp_per_floor":[80,80,80,80,80,80,80,80,87,87,87,87,87,87,87,87],"card_choices":[{"not_picked":["Armaments","Infernal Blade"],"picked":"Dropkick","floor":1},{"not_picked":["Sever Soul","Clothesline","Power Through"],"picked":"SKIP","floor":2},{"not_picked":["Wild Strike","Headbutt","Perfected Strike"],"picked":"SKIP","floor":5},{"not_picked":["Anger","Feed","Combust"],"picked":"SKIP","floor":6},{"not_picked":["Sword Boomerang","True Grit"],"picked":"Shrug It Off","floor":8},{"not_picked":["Havoc","Entrench","Perfected Strike"],"picked":"SKIP","floor":13},{"not_picked":["Ghostly Armor","Rampage","Twin Strike"],"picked":"SKIP","floor":14}],"player_experience":309485,"relics_obtained":[{"floor":6,"key":"Mummified Hand"},{"floor":9,"key":"Strawberry"}],"event_choices":[{"damage_healed":0,"gold_gain":0,"player_choice":"Entered Light","damage_taken":16,"max_hp_gain":0,"max_hp_loss":0,"event_name":"Shining Light","floor":4,"gold_loss":0,"cards_upgraded":["Strike_R","Strike_R"]},{"damage_healed":0,"gold_gain":0,"player_choice":"Got Potions","damage_taken":0,"max_hp_gain":0,"max_hp_loss":0,"event_name":"Lab","floor":7,"gold_loss":0},{"damage_healed":0,"gold_gain":0,"player_choice":"Success","damage_taken":3,"relics_obtained":["Blood Vial"],"max_hp_gain":0,"max_hp_loss":0,"event_name":"Scrap Ooze","floor":10,"gold_loss":0},{"cards_removed":["Defend_R"],"damage_healed":0,"gold_gain":0,"player_choice":"Card Removal","damage_taken":7,"max_hp_gain":0,"max_hp_loss":0,"event_name":"Golden Wing","floor":12,"gold_loss":0}],"is_beta":false,"boss_relics":[],"items_purged_floors":[3,11],"is_endless":false,"potions_floor_spawned":[2,6,8],"killed_by":"The Guardian","ascension_level":0}