{"gold_per_floor":[118,44,44,44,60,60,115,115,115,140,158,158,175,203,203,308,308,318,318,335,335,349,349,359,359,386,26,26,36,36,66,66,166,166,176,176,176,196,196],"floor_reached":39,"playtime":3232,"items_purged":[],"score":640,"play_id":"01ef6c20-c843-458a-8dc0-253106ab8189","local_time":"20190224093109","is_ascension_mode":true,"campfire_choices":[{"data":"White Noise","floor":6.0,"key":"SMITH"},{"floor":8.0,"key":"REST"},{"floor":12.0,"key":"REST"},{"floor":15.0,"key":"REST"},{"floor":23.0,"key":"REST"},{"floor":28.0,"key":"REST"},{"floor":30.0,"key":"REST"},{"floor":32,"key":"REST"}],"neow_cost":"NONE","seed_source_timestamp":818237196259944,"circlet_count":0,"master_deck":["Strike_B+1","Strike_B+1","Strike_B+1","Defend_B+1","Defend_B+1","Defend_B+1","Defend_B+1","Zap","Dualcast","White Noise+1","Consume","Cold Snap","Ball Lightning","Stack","Undo","Storm","Core Surge","Auto Shields","Static Discharge","Capacitor","Rainbow+1","Leap","Chill+1","Turbo+1","Melter","Creative AI","Thunder Strike","Tempest"],"special_seed":0,"relics":["Orrery","Tiny Chest","Centennial Puzzle","Boot","Happy Flower","Velvet Choker","Cables","Anchor","War Paint","Runic Capacitor","Lantern","Inserter"],"potions_floor_usage":[33,33],"damage_taken":[{"damage":0.0,"enemies":"Cultist","floor":1.0,"turns":3.0},{"damage":4.0,"enemies":"2 Louse","floor":5.0,"turns":4.0},{"damage":35.0,"enemies":"Gremlin Nob","floor":7.0,"turns":5.0},{"damage":7.0,"enemies":"Jaw Worm","floor":11.0,"turns":3.0},{"damage":15.0,"enemies":"Exordium Wildlife","floor":13.0,"turns":4.0},{"damage":22.0,"enemies":"3 Sentries","floor":14.0,"turns":7.0},{"damage":25.0,"enemies":"The Guardian","floor":16.0,"turns":14.0},{"damage":5.0,"enemies":"Shell Parasite","floor":18.0,"turns":5.0},{"damage":19.0,"enemies":"Spheric Guardian","floor":20.0,"turns":6.0},{"damage":31.0,"enemies":"3 Cultists","floor":22.0,"turns":6.0},{"damage":3.0,"enemies":"Snake Plant","floor":24.0,"turns":4.0},{"damage":2.0,"enemies":"Sentry and Sphere","floor":29.0,"turns":5.0},{"damage":2,"enemies":"Book of Stabbing","floor":31,"turns":8},{"damage":0,"enemies":"Champ","floor":33,"turns":10},{"damage":23,"enemies":"3 Darklings","floor":35,"turns":5},{"damage":18,"enemies":"3 Shapes","floor":38,"turns":6},{"damage":48,"enemies":"Jaw Worm Horde","floor":39,"turns":3}],"seed_played":"-8849879291370775310","potions_obtained":[{"floor":1.0,"key":"GamblersBrew"},{"floor":7.0,"key":"Swift Potion"},{"floor":16.0,"key":"Strength Potion"},{"floor":20.0,"key":"Weak Potion"},{"floor":29.0,"key":"FearPotion"},{"floor":31,"key":"FocusPotion"}],"is_trial":false,"path_per_floor":["M","$","?","?","M","R","E","R","T","T","M","R","M","E","R","B",null,"M","?","M","T","M","R","M","?","T","$","R","M","R","E","R","B",null,"M","?","?","M","M"],"character_chosen":"DEFECT","items_purchased":["Storm","War Paint","Runic Capacitor"],"campfire_rested":7,"item_purchase_floors":[2,27,27],"current_hp_per_floor":[68,68,68,68,64,64,29,51,51,51,44,66,51,29,51,26,63,58,58,39,39,8,30,27,27,27,27,49,47,69,67,75,75,75,52,52,52,34,0],"gold":196,"neow_bonus":"BOSS_RELIC","is_prod":false,"is_daily":false,"chose_seed":false,"campfire_upgraded":1,"win_rate":0,"timestamp":1550993469,"path_taken":["M","?","?","?","M","R","E","R","T","?","M","R","M","E","R","BOSS","M","?","M","?","M","R","M","?","T","?","R","M","R","E","R","BOSS","M","?","?","M","?"],"build_version":"2019-01-23","purchased_purges":0,"victory":false,"max_hp_per_floor":[75,75,75,75,75,75,75,75,75,75,75,75,75,75,75,75,75,75,75,75,75,75,75,75,75,75,75,75,75,75,75,75,75,75,75,71,71,71,71],"card_choices":[{"not_picked":["Ball Lightning","Rebound"],"picked":"White Noise","floor":0.0},{"not_picked":["Stack","Leap"],"picked":"Consume","floor":0.0},{"not_picked":["Barrage","FTL"],"picked":"Cold Snap","floor":0.0},{"not_picked":["Darkness","Steam"],"picked":"Ball Lightning","floor":0.0},{"not_picked":["Gash","Steam"],"picked":"Stack","floor":0.0},{"not_picked":["Cold Snap","FTL"],"picked":"Undo","floor":1.0},{"not_picked":["Coolheaded","Steam"],"picked":"Core Surge","floor":5.0},{"not_picked":["Rebound","Steam Power"],"picked":"Auto Shields","floor":7.0},{"not_picked":["Barrage","Compile Driver"],"picked":"Static Discharge","floor":11.0},{"not_picked":["Gash","Redo","Compile Driver"],"picked":"SKIP","floor":13.0},{"not_picked":["Darkness","Steam"],"picked":"Capacitor","floor":14.0},{"not_picked":["Buffer","Amplify"],"picked":"Rainbow","floor":16.0},{"not_picked":["Reprogram+1","Sweeping Beam","Redo"],"picked":"SKIP","floor":18.0},{"not_picked":["Stack","Cold Snap"],"picked":"Leap","floor":20.0},{"not_picked":["Turbo","Rebound","Scrape"],"picked":"SKIP","floor":22.0},{"not_picked":["Go for the Eyes+1","Turbo"],"picked":"Chill","floor":24.0},{"not_picked":["Thunder Strike","Hello World+1"],"picked":"Turbo+1","floor":29.0},{"not_picked":["Turbo","Blizzard"],"picked":"Melter","floor":31},{"not_picked":["Buffer","Meteor Strike"],"picked":"Creative AI","floor":33},{"not_picked":["Barrage+1","Rip and Tear+1","Rebound+1"],"picked":"SKIP","floor":35},{"not_picked":["Storm","Skim+1"],"picked":"Tempest","floor":38}],"player_experience":660573,"relics_obtained":[{"floor":7.0,"key":"Tiny Chest"},{"floor":9.0,"key":"Centennial Puzzle"},{"floor":10.0,"key":"Boot"},{"floor":14.0,"key":"Happy Flower"},{"floor":21.0,"key":"Cables"},{"floor":26.0,"key":"Anchor"},{"floor":31,"key":"Lantern"}],"event_choices":[{"cards_removed":["Strike_B"],"damage_healed":0.0,"max_hp_gain":0.0,"max_hp_loss":0.0,"gold_gain":0.0,"event_name":"Living Wall","player_choice":"Forget","floor":3.0,"gold_loss":0.0,"damage_taken":0.0},{"damage_healed":0.0,"max_hp_gain":0.0,"max_hp_loss":0.0,"gold_gain":0.0,"event_name":"The Cleric","player_choice":"Leave","floor":4.0,"gold_loss":0.0,"damage_taken":0.0},{"damage_healed":0.0,"max_hp_gain":0.0,"max_hp_loss":0.0,"gold_gain":0.0,"event_name":"Vampires","player_choice":"Ignored","floor":19.0,"gold_loss":0.0,"damage_taken":0.0},{"damage_healed":0.0,"max_hp_gain":0.0,"max_hp_loss":0.0,"gold_gain":0.0,"event_name":"Back to Basics","player_choice":"Simplicity","floor":25.0,"gold_loss":0.0,"damage_taken":0.0,"cards_upgraded":["Strike_B","Strike_B","Strike_B","Defend_B","Defend_B","Defend_B","Defend_B"]},{"damage_healed":0,"gold_gain":0,"player_choice":"Max HP","damage_taken":0,"max_hp_gain":0,"max_hp_loss":4,"event_name":"Winding Halls","floor":36,"gold_loss":0},{"damage_healed":0,"gold_gain":0,"player_choice":"1 cards matched","damage_taken":0,"max_hp_gain":0,"max_hp_loss":0,"event_name":"Match and Keep!","floor":37,"gold_loss":0,"cards_obtained":["Thunder Strike"]}],"is_beta":false,"boss_relics":[{"not_picked":["Nuclear Battery","White Beast Statue"],"picked":"Velvet Choker"},{"not_picked":["Tiny House","Calling Bell"],"picked":"Inserter"}],"items_purged_floors":[],"is_endless":false,"potions_floor_spawned":[1,7,16,20,29,31],"killed_by":"Jaw Worm Horde","ascension_level":8}