{"gold_per_floor":[116,135,151,161,336,336,367,380,380,398,409,409,409,120,120,215,215,230,230,249,249,249,249,269,294,321,347,205,205,205,221,221,323,323,340,340,340,353,370,401,401,401,424,424,34,52,79,91,91,91,91,91,56,89,89],"floor_reached":55,"playtime":2108,"items_purged":["Strike_R","Strike_R"],"score":871,"play_id":"d2fcaa84-a63f-4e81-adac-fbf5c68df018","local_time":"20190422162533","is_ascension_mode":true,"campfire_choices":[{"data":"Bash","floor":6,"key":"SMITH"},{"data":"Body Slam","floor":13,"key":"SMITH"},{"data":"Shockwave","floor":15,"key":"SMITH"},{"data":"Armaments","floor":23,"key":"SMITH"},{"data":"Sentinel","floor":29,"key":"SMITH"},{"data":"Sentinel","floor":32,"key":"SMITH"},{"floor":41,"key":"RECALL"},{"data":"Discovery","floor":49,"key":"SMITH"},{"data":"Clothesline","floor":52,"key":"SMITH"}],"neow_cost":"NONE","seed_source_timestamp":87337408809868,"circlet_count":0,"master_deck":["Strike_R","Defend_R","Defend_R","Defend_R","Defend_R","Bash+1","Shrug It Off","Clothesline+1","Impervious","Body Slam+1","Shockwave+1","Corruption+1","Barricade+1","Armaments+1","Shrug It Off","Sentinel+1","Sentinel+1","Exhume+1","Dropkick","Shrug It Off","Sentinel","Discovery+1","Iron Wave+1","Fire Breathing+1","Infernal Blade"],"relics":["Burning Blood","Lantern","Red Skull","Frozen Egg 2","Calipers","Sozu","Letter Opener","Mummified Hand","Anchor","Orichalcum","Ornamental Fan","Regal Pillow","Lee\u0027s Waffle","Juzu Bracelet","Du-Vu Doll"],"potions_floor_usage":[7,16,25],"damage_taken":[{"damage":0,"enemies":"2 Louse","floor":1,"turns":3},{"damage":0,"enemies":"Small Slimes","floor":2,"turns":3},{"damage":6,"enemies":"Cultist","floor":3,"turns":3},{"damage":4,"enemies":"Exordium Wildlife","floor":4,"turns":3},{"damage":50,"enemies":"Gremlin Nob","floor":7,"turns":6},{"damage":8,"enemies":"Looter","floor":8,"turns":2},{"damage":10,"enemies":"Exordium Thugs","floor":10,"turns":5},{"damage":1,"enemies":"Blue Slaver","floor":11,"turns":3},{"damage":35,"enemies":"The Guardian","floor":16,"turns":8},{"damage":17,"enemies":"Shell Parasite","floor":18,"turns":5},{"damage":5,"enemies":"Spheric Guardian","floor":20,"turns":5},{"damage":0,"enemies":"Cultist and Chosen","floor":24,"turns":7},{"damage":2,"enemies":"Book of Stabbing","floor":25,"turns":3},{"damage":0,"enemies":"Gremlin Leader","floor":27,"turns":4},{"damage":0,"enemies":"Chosen and Byrds","floor":31,"turns":5},{"damage":18,"enemies":"Automaton","floor":33,"turns":8},{"damage":0,"enemies":"3 Shapes","floor":35,"turns":5},{"damage":0,"enemies":"3 Darklings","floor":38,"turns":8},{"damage":7,"enemies":"4 Shapes","floor":39,"turns":7},{"damage":60,"enemies":"Reptomancer","floor":40,"turns":7},{"damage":14,"enemies":"Jaw Worm Horde","floor":46,"turns":4},{"damage":0,"enemies":"Giant Head","floor":47,"turns":6},{"damage":6,"enemies":"Sphere and 2 Shapes","floor":48,"turns":5},{"damage":4,"enemies":"Time Eater","floor":50,"turns":9},{"damage":80,"enemies":"Shield and Spear","floor":54,"turns":9},{"damage":19,"enemies":"The Heart","floor":55,"turns":5}],"seed_played":"578127247021965406","potions_obtained":[{"floor":2,"key":"Dexterity Potion"},{"floor":4,"key":"Regen Potion"},{"floor":8,"key":"Energy Potion"}],"is_trial":false,"path_per_floor":["M","M","M","M","?","R","E","M","T","M","M","?","R","$","R","B",null,"M","?","M","?","?","R","M","E","T","E","$","R","?","M","R","B",null,"M","?","?","M","M","E","R","T","T","?","$","M","E","M","R","B",null,"R","$","E","B"],"character_chosen":"IRONCLAD","items_purchased":["Calipers","Sentinel","Discovery","Lee\u0027s Waffle","Infernal Blade"],"campfire_rested":0,"item_purchase_floors":[14,28,45,45,53],"current_hp_per_floor":[80,80,80,80,80,80,45,43,43,39,44,44,44,44,44,15,80,69,69,70,70,70,70,76,80,80,80,80,80,65,71,71,59,85,85,85,85,85,84,30,30,30,30,30,92,84,90,90,90,92,92,92,92,18,0],"gold":89,"neow_bonus":"RANDOM_COMMON_RELIC","is_prod":false,"is_daily":false,"chose_seed":false,"campfire_upgraded":8,"win_rate":0,"timestamp":1555917933,"path_taken":["M","M","M","M","?","R","E","M","T","M","M","?","R","$","R","BOSS","M","?","?","?","?","R","?","E","T","E","$","R","?","M","R","BOSS","M","?","?","?","M","E","R","?","T","?","$","?","E","M","R","BOSS","R","$","E","BOSS"],"build_version":"2019-01-23","purchased_purges":2,"victory":false,"max_hp_per_floor":[80,80,80,80,80,80,80,80,80,80,80,80,80,80,80,80,80,80,80,80,80,80,80,80,80,80,80,80,80,85,85,85,85,85,85,85,85,85,85,85,85,85,85,85,92,92,92,92,92,92,92,92,92,92,92],"card_choices":[{"not_picked":["True Grit","Wild Strike"],"picked":"Shrug It Off","floor":1},{"not_picked":["Havoc","True Grit","Warcry"],"picked":"SKIP","floor":2},{"not_picked":["Sever Soul","Havoc"],"picked":"Clothesline","floor":3},{"not_picked":["Intimidate","Sword Boomerang","Thunderclap"],"picked":"SKIP","floor":4},{"not_picked":["Spot Weakness","Anger"],"picked":"Impervious","floor":7},{"not_picked":["Seeing Red","Metallicize"],"picked":"Body Slam","floor":8},{"not_picked":["Intimidate","Flex"],"picked":"Shockwave","floor":10},{"not_picked":["Perfected Strike","Shrug It Off"],"picked":"Corruption+1","floor":11},{"not_picked":["Reaper","Feed"],"picked":"Barricade+1","floor":16},{"not_picked":["Infernal Blade","Iron Wave"],"picked":"Armaments","floor":18},{"not_picked":["Clash+1","Warcry","Uppercut"],"picked":"SKIP","floor":20},{"not_picked":["Fire Breathing+1","Clothesline"],"picked":"Pommel Strike+1","floor":24},{"not_picked":["True Grit","Warcry","Brutality+1"],"picked":"SKIP","floor":25},{"not_picked":["Flex","Perfected Strike"],"picked":"Shrug It Off","floor":27},{"not_picked":["Flex","Havoc"],"picked":"Sentinel","floor":31},{"not_picked":["Demon Form+1","Fiend Fire"],"picked":"Exhume","floor":33},{"not_picked":["Pommel Strike+1","Clothesline+1"],"picked":"Dropkick","floor":35},{"not_picked":["Heavy Blade+1","Flex"],"picked":"Shrug It Off","floor":38},{"not_picked":["Thunderclap","Twin Strike","Clothesline"],"picked":"SKIP","floor":39},{"not_picked":["Thunderclap+1","Pummel+1"],"picked":"Sentinel","floor":40},{"not_picked":["Havoc","Heavy Blade+1"],"picked":"Iron Wave+1","floor":46},{"not_picked":["Pommel Strike","Shockwave"],"picked":"Fire Breathing+1","floor":47},{"not_picked":["Twin Strike+1","Heavy Blade+1","Corruption+1"],"picked":"SKIP","floor":48},{"not_picked":["Cleave","Searing Blow","Rage+1"],"picked":"SKIP","floor":54}],"player_experience":337889,"relics_obtained":[{"floor":7,"key":"Red Skull"},{"floor":9,"key":"Frozen Egg 2"},{"floor":25,"key":"Mummified Hand"},{"floor":26,"key":"Anchor"},{"floor":27,"key":"Orichalcum"},{"floor":40,"key":"Ornamental Fan"},{"floor":43,"key":"Regal Pillow"},{"floor":47,"key":"Juzu Bracelet"},{"floor":54,"key":"Du-Vu Doll"}],"event_choices":[{"damage_healed":0,"gold_gain":175,"player_choice":"AGREE","damage_taken":0,"max_hp_gain":0,"max_hp_loss":0,"event_name":"Liars Game","floor":5,"gold_loss":0,"cards_obtained":["Doubt"]},{"cards_removed":["Doubt"],"damage_healed":0,"gold_gain":0,"player_choice":"Forget","damage_taken":0,"max_hp_gain":0,"max_hp_loss":0,"event_name":"Living Wall","floor":12,"gold_loss":0},{"cards_removed":["Strike_R"],"damage_healed":0,"gold_gain":0,"player_choice":"Offered Basic","damage_taken":0,"max_hp_gain":0,"max_hp_loss":0,"event_name":"Bonfire Elementals","floor":19,"gold_loss":0},{"damage_healed":0,"gold_gain":0,"player_choice":"Opened","damage_taken":0,"relics_obtained":["Letter Opener"],"max_hp_gain":0,"max_hp_loss":0,"event_name":"The Mausoleum","floor":21,"gold_loss":0},{"cards_removed":["Strike_R"],"damage_healed":0,"gold_gain":0,"player_choice":"Purged","damage_taken":0,"max_hp_gain":0,"max_hp_loss":0,"event_name":"Purifier","floor":22,"gold_loss":0},{"damage_healed":0,"gold_gain":0,"player_choice":"Shed Blood","damage_taken":20,"max_hp_gain":5,"max_hp_loss":0,"event_name":"Forgotten Altar","floor":30,"gold_loss":0},{"cards_removed":["Pommel Strike"],"damage_healed":0,"gold_gain":0,"player_choice":"Removed Attack","damage_taken":0,"max_hp_gain":0,"max_hp_loss":0,"event_name":"Falling","floor":36,"gold_loss":0},{"damage_healed":0,"gold_gain":0,"player_choice":"Upgraded","damage_taken":0,"max_hp_gain":0,"max_hp_loss":0,"event_name":"Upgrade Shrine","floor":37,"gold_loss":0,"cards_upgraded":["Exhume"]},{"damage_healed":0,"gold_gain":0,"player_choice":"0 cards matched","damage_taken":0,"max_hp_gain":0,"max_hp_loss":0,"event_name":"Match and Keep!","floor":44,"gold_loss":0,"cards_obtained":[]}],"is_beta":false,"boss_relics":[{"not_picked":["Lizard Tail","White Beast Statue"],"picked":"Sozu"},{"not_picked":["Cursed Key","Runic Dome","Runic Pyramid"]}],"items_purged_floors":[28,45],"is_endless":false,"potions_floor_spawned":[2,4,8,20,24,33,35,39,47],"killed_by":"The Heart","ascension_level":2}