{"gold_per_floor":[110,123,123,135,410,410,435,435,435,308,319,345,365,315,315,413,413,428,442,541,105,117,117,136,136,136,136,171,171,204,215,215,313,363,375,375,375,399,412,443,458,474,474,474,500,500,546,74,74,74],"floor_reached":50,"playtime":2260,"items_purged":["Regret","Biased Cognition"],"score":673,"play_id":"6af40068-fdf7-45bf-ad67-111f613c4843","local_time":"20190424090138","is_ascension_mode":false,"campfire_choices":[{"data":"Zap","floor":6,"key":"SMITH"},{"data":"Lockon","floor":8,"key":"SMITH"},{"data":"Defragment","floor":15,"key":"SMITH"},{"data":"Fission","floor":23,"key":"SMITH"},{"floor":25,"key":"REST"},{"data":"Hello World","floor":32,"key":"SMITH"},{"data":"Mayhem","floor":46,"key":"SMITH"},{"data":"Glacier","floor":49,"key":"SMITH"}],"neow_cost":"NONE","seed_source_timestamp":233350535047248,"circlet_count":0,"master_deck":["Zap+1","Dualcast+1","Lockon+1","Streamline","Conserve Battery","Hello World+1","Steam","Ball Lightning","Defragment+1","Loop","Core Surge+1","Fission+1","Sweeping Beam+1","Storm","Conserve Battery","Glacier+1","Storm","Enlightenment+1","Self Repair","Force Field+1","FTL+1","Seek+1","Steam Power+1","Leap+1","Creative AI","Go for the Eyes+1","Rainbow+1","Glacier+1","Coolheaded+1","Steam Power+1","Thinking Ahead+1","Discovery+1","Mayhem+1","Storm+1","Force Field+1","Secret Technique+1"],"relics":["Cracked Core","Matryoshka","Regal Pillow","Happy Flower","Potion Belt","Pandora\u0027s Box","Toxic Egg 2","Centennial Puzzle","Bottled Flame","Kunai","Anchor","Tiny House","Bronze Scales","Whetstone","Molten Egg 2","Singing Bowl","Unceasing Top","Dead Branch"],"potions_floor_usage":[7,7,12,16,28,30,40,41,50],"damage_taken":[{"damage":0,"enemies":"2 Louse","floor":1,"turns":2},{"damage":1,"enemies":"Cultist","floor":2,"turns":3},{"damage":6,"enemies":"Jaw Worm","floor":4,"turns":2},{"damage":3,"enemies":"Lagavulin","floor":7,"turns":6},{"damage":3,"enemies":"Looter","floor":11,"turns":2},{"damage":0,"enemies":"3 Sentries","floor":12,"turns":4},{"damage":0,"enemies":"Large Slime","floor":13,"turns":4},{"damage":17,"enemies":"Hexaghost","floor":16,"turns":6},{"damage":10,"enemies":"Spheric Guardian","floor":18,"turns":3},{"damage":12,"enemies":"Shell Parasite","floor":19,"turns":5},{"damage":36,"enemies":"Snecko","floor":22,"turns":5},{"damage":11,"enemies":"Snake Plant","floor":24,"turns":3},{"damage":0,"enemies":"Book of Stabbing","floor":28,"turns":3},{"damage":32,"enemies":"Slavers","floor":30,"turns":5},{"damage":1,"enemies":"Shelled Parasite and Fungi","floor":31,"turns":3},{"damage":8,"enemies":"Champ","floor":33,"turns":10},{"damage":0,"enemies":"Orb Walker","floor":35,"turns":2},{"damage":14,"enemies":"3 Darklings","floor":39,"turns":5},{"damage":16,"enemies":"Reptomancer","floor":40,"turns":6},{"damage":0,"enemies":"Transient","floor":41,"turns":5},{"damage":7,"enemies":"Sphere and 2 Shapes","floor":42,"turns":3},{"damage":5,"enemies":"Giant Head","floor":45,"turns":7},{"damage":27,"enemies":"2 Orb Walkers","floor":47,"turns":3},{"damage":43,"enemies":"Donu and Deca","floor":50,"turns":7}],"seed_played":"-8380438275996061155","potions_obtained":[{"floor":2,"key":"Poison Potion"},{"floor":4,"key":"Dexterity Potion"},{"floor":7,"key":"AttackPotion"},{"floor":13,"key":"Weak Potion"},{"floor":24,"key":"Dexterity Potion"},{"floor":28,"key":"Dexterity Potion"},{"floor":33,"key":"SpeedPotion"},{"floor":34,"key":"Fire Potion"},{"floor":35,"key":"Fire Potion"},{"floor":39,"key":"Explosive Potion"},{"floor":42,"key":"FearPotion"}],"is_trial":false,"path_per_floor":["M","M","?","M","?","R","E","R","T","$","M","E","M","?","R","B",null,"M","M","?","$","M","R","M","R","T","?","E","?","E","M","R","B",null,"M","?","?","T","M","E","M","M","T","?","E","R","?","$","R","B"],"character_chosen":"DEFECT","items_purchased":["Ball Lightning","Toxic Egg 2","Enlightenment+1","Dead Branch","Secret Technique+1"],"campfire_rested":1,"item_purchase_floors":[10,21,21,48,48],"current_hp_per_floor":[75,74,74,68,68,68,65,65,65,65,62,62,62,62,62,45,75,65,53,53,53,17,17,6,43,43,43,43,43,18,24,24,23,80,80,80,80,80,66,57,64,57,57,47,49,49,29,29,29,0],"gold":74,"neow_bonus":"TRANSFORM_CARD","is_prod":false,"is_daily":false,"chose_seed":false,"campfire_upgraded":7,"win_rate":0,"timestamp":1556064098,"path_taken":["M","M","?","?","?","R","E","R","T","$","M","E","?","?","R","BOSS","M","M","?","$","M","R","M","R","T","?","E","?","E","M","R","BOSS","M","?","?","?","M","E","?","M","T","?","E","R","?","$","R","BOSS"],"build_version":"2019-01-23","purchased_purges":2,"victory":false,"max_hp_per_floor":[75,75,75,75,75,75,75,75,75,75,75,75,75,75,75,75,75,75,75,75,75,75,75,75,75,75,75,75,75,75,75,75,75,80,80,80,80,80,80,80,80,80,80,80,80,80,80,80,80,80],"card_choices":[{"not_picked":["Turbo","Blizzard"],"picked":"Streamline","floor":1},{"not_picked":["Stack","Rebound"],"picked":"Conserve Battery","floor":2},{"not_picked":["Streamline","Redo"],"picked":"Hello World","floor":4},{"not_picked":["Streamline","Scrape"],"picked":"Steam","floor":7},{"not_picked":["Cold Snap","Force Field"],"picked":"Defragment","floor":11},{"not_picked":["Redo","Scrape"],"picked":"Loop","floor":12},{"not_picked":["Hologram","Beam Cell"],"picked":"Core Surge","floor":13},{"not_picked":["Echo Form","Biased Cognition"],"picked":"Fission","floor":16},{"not_picked":["Melter","Stack+1"],"picked":"Glacier","floor":18},{"not_picked":["Static Discharge","Reprogram"],"picked":"Storm","floor":19},{"not_picked":["Turbo+1","Stack+1","Genetic Algorithm+1"],"picked":"SKIP","floor":22},{"not_picked":["Stack+1","Scrape"],"picked":"Self Repair","floor":24},{"not_picked":["Turbo+1","Blizzard+1","Beam Cell"],"picked":"SKIP","floor":28},{"not_picked":["Auto Shields+1","Beam Cell"],"picked":"Steam Power+1","floor":30},{"not_picked":["Sweeping Beam","Compile Driver"],"picked":"Leap+1","floor":31},{"not_picked":["Machine Learning","Seek+1"],"picked":"Creative AI","floor":33},{"not_picked":["Stack+1","Cold Snap+1"],"picked":"Go for the Eyes+1","floor":34},{"not_picked":["Hologram+1","Go for the Eyes+1"],"picked":"Turbo+1","floor":35},{"not_picked":["Coolheaded+1","Scrape"],"picked":"Rainbow+1","floor":39},{"not_picked":["Go for the Eyes+1","Beam Cell"],"picked":"Glacier+1","floor":40},{"not_picked":["Hello World","Sweeping Beam"],"picked":"Coolheaded+1","floor":41},{"not_picked":["Auto Shields+1","Sweeping Beam+1"],"picked":"Steam Power+1","floor":42},{"not_picked":["Trip+1","Enlightenment+1"],"picked":"Thinking Ahead+1","floor":44},{"not_picked":["Flash of Steel+1","Mind Blast+1"],"picked":"Discovery+1","floor":44},{"not_picked":["Swift Strike+1","Impatience+1"],"picked":"Mayhem","floor":44},{"not_picked":["Leap+1","Barrage+1"],"picked":"Storm+1","floor":45},{"not_picked":["Hologram+1","Leap+1"],"picked":"Force Field+1","floor":47}],"player_experience":354385,"relics_obtained":[{"floor":7,"key":"Matryoshka"},{"floor":9,"key":"Regal Pillow"},{"floor":9,"key":"Happy Flower"},{"floor":12,"key":"Potion Belt"},{"floor":26,"key":"Centennial Puzzle"},{"floor":26,"key":"Bottled Flame"},{"floor":28,"key":"Kunai"},{"floor":30,"key":"Anchor"},{"floor":38,"key":"Bronze Scales"},{"floor":40,"key":"Whetstone"},{"floor":43,"key":"Molten Egg 2"},{"floor":45,"key":"Singing Bowl"},{"floor":47,"key":"Unceasing Top"}],"event_choices":[{"damage_healed":0,"gold_gain":0,"player_choice":"Upgraded","damage_taken":0,"max_hp_gain":0,"max_hp_loss":0,"event_name":"Upgrade Shrine","floor":3,"gold_loss":0,"cards_upgraded":["Dualcast"]},{"damage_healed":0,"gold_gain":275,"player_choice":"Desecrate","damage_taken":0,"max_hp_gain":0,"max_hp_loss":0,"event_name":"Golden Shrine","floor":5,"gold_loss":0,"cards_obtained":["Regret"]},{"cards_removed":["Strike_B"],"damage_healed":0,"gold_gain":0,"player_choice":"Card Removal","damage_taken":0,"max_hp_gain":0,"max_hp_loss":0,"event_name":"The Cleric","floor":14,"gold_loss":50},{"damage_healed":0,"gold_gain":99,"player_choice":"Stole From Cult","damage_taken":0,"max_hp_gain":0,"max_hp_loss":0,"event_name":"Nest","floor":20,"gold_loss":0},{"damage_healed":0,"gold_gain":0,"player_choice":"Read","damage_taken":0,"max_hp_gain":0,"max_hp_loss":0,"event_name":"The Library","floor":27,"gold_loss":0,"cards_obtained":["Force Field"]},{"damage_healed":0,"gold_gain":0,"cards_transformed":["Aggregate","Barrage"],"player_choice":"Became Test Subject","damage_taken":0,"max_hp_gain":0,"max_hp_loss":0,"event_name":"Drug Dealer","floor":29,"gold_loss":0,"cards_obtained":["FTL","Seek"]},{"cards_removed":["Turbo"],"damage_healed":0,"gold_gain":0,"player_choice":"Removed Skill","damage_taken":0,"max_hp_gain":0,"max_hp_loss":0,"event_name":"Falling","floor":36,"gold_loss":0},{"damage_healed":0,"gold_gain":0,"player_choice":"Ignored","damage_taken":0,"max_hp_gain":0,"max_hp_loss":0,"event_name":"Tomb of Lord Red Mask","floor":37,"gold_loss":0},{"damage_healed":0,"gold_gain":0,"player_choice":"Memory 3","damage_taken":10,"max_hp_gain":0,"max_hp_loss":0,"event_name":"SensoryStone","floor":44,"gold_loss":0},{"damage_healed":0,"gold_gain":0,"player_choice":"Fight","damage_taken":0,"max_hp_gain":0,"max_hp_loss":0,"event_name":"Mysterious Sphere","floor":47,"gold_loss":0}],"is_beta":false,"boss_relics":[{"not_picked":["Orrery","Cursed Key"],"picked":"Pandora\u0027s Box"},{"not_picked":["Calling Bell","Inserter"],"picked":"Tiny House"}],"items_purged_floors":[10,21],"is_endless":false,"potions_floor_spawned":[2,4,7,13,24,28,33,35,39,42],"killed_by":"Donu and Deca","ascension_level":0}