{"gold_per_floor":[365,76,95,95,114,114,145,145,145,145,145,74,100,119,119,119],"floor_reached":16,"playtime":544,"items_purged":["Writhe"],"score":216,"play_id":"f780aa14-6c6d-48c1-bb60-ca3753f5b62f","local_time":"20190408114551","is_ascension_mode":true,"campfire_choices":[{"data":"Bash","floor":6,"key":"SMITH"},{"data":"Headbutt","floor":8,"key":"SMITH"},{"data":"Fire Breathing","floor":10,"key":"SMITH"},{"data":"Clothesline","floor":15,"key":"SMITH"}],"neow_cost":"CURSE","seed_source_timestamp":234511750283590,"circlet_count":0,"master_deck":["AscendersBane","Strike_R","Strike_R","Strike_R","Strike_R","Defend_R","Defend_R","Defend_R","Defend_R","Bash+1","Headbutt+1","Fire Breathing+1","Evolve","Pommel Strike","Clothesline+1"],"relics":["Burning Blood","Red Skull","WingedGreaves","Turnip","Calipers"],"potions_floor_usage":[13,16],"damage_taken":[{"damage":2,"enemies":"2 Louse","floor":1,"turns":3},{"damage":7,"enemies":"Cultist","floor":3,"turns":4},{"damage":4,"enemies":"Small Slimes","floor":5,"turns":4},{"damage":35,"enemies":"3 Sentries","floor":7,"turns":10},{"damage":20,"enemies":"Lagavulin","floor":13,"turns":6},{"damage":11,"enemies":"Blue Slaver","floor":14,"turns":4},{"damage":32,"enemies":"Slime Boss","floor":16,"turns":6}],"seed_played":"2729210808225209893","potions_obtained":[{"floor":7,"key":"PowerPotion"},{"floor":13,"key":"FearPotion"}],"is_trial":false,"path_per_floor":["M","$","M","?","M","R","E","R","T","R","?","?","E","M","R","B"],"character_chosen":"IRONCLAD","items_purchased":["Red Skull","Headbutt"],"campfire_rested":0,"item_purchase_floors":[2,2],"current_hp_per_floor":[72,72,71,71,73,73,44,44,44,44,44,44,30,25,25,0],"gold":119,"neow_bonus":"TWO_FIFTY_GOLD","is_prod":false,"is_daily":false,"chose_seed":false,"campfire_upgraded":4,"win_rate":0,"timestamp":1554738351,"path_taken":["M","$","M","?","?","R","E","R","T","R","?","?","E","M","R","BOSS"],"build_version":"2019-01-23","purchased_purges":1,"victory":false,"max_hp_per_floor":[75,75,75,75,75,75,75,75,75,75,75,75,75,75,75,75],"card_choices":[{"not_picked":["Perfected Strike","Armaments","Havoc"],"picked":"SKIP","floor":1},{"not_picked":["True Grit","Clash","Iron Wave"],"picked":"SKIP","floor":3},{"not_picked":["Perfected Strike","Heavy Blade"],"picked":"Evolve","floor":5},{"not_picked":["Dual Wield","Second Wind","Iron Wave"],"picked":"SKIP","floor":7},{"not_picked":["Second Wind","Infernal Blade"],"picked":"Pommel Strike","floor":13},{"not_picked":["Havoc","Perfected Strike"],"picked":"Clothesline","floor":14}],"player_experience":546269,"relics_obtained":[{"floor":7,"key":"WingedGreaves"},{"floor":9,"key":"Turnip"},{"floor":13,"key":"Calipers"}],"event_choices":[{"damage_healed":0,"gold_gain":0,"cards_transformed":["Strike_R"],"player_choice":"Transformed","damage_taken":0,"max_hp_gain":0,"max_hp_loss":0,"event_name":"Transmorgrifier","floor":4,"gold_loss":0,"cards_obtained":["Fire Breathing"]},{"damage_healed":0,"gold_gain":0,"player_choice":"Ignored","damage_taken":0,"max_hp_gain":0,"max_hp_loss":0,"event_name":"Liars Game","floor":11,"gold_loss":0},{"damage_healed":0,"gold_gain":0,"player_choice":"Left Gold","damage_taken":0,"max_hp_gain":0,"max_hp_loss":0,"event_name":"World of Goop","floor":12,"gold_loss":71}],"is_beta":false,"boss_relics":[],"items_purged_floors":[2],"is_endless":false,"potions_floor_spawned":[7,13],"killed_by":"Slime Boss","ascension_level":20}