{"gold_per_floor":[115,134,152,171,185,211,211,229,229,254,254,288,288,320,320,422,422,434,448,2,2,14,49,64,64,89,124,150,150,150,163,163,259,259,279,298,314,314,333,333,367,367,367,396,426,438,470,501,513,525],"floor_reached":51,"playtime":2354,"items_purged":[],"score":1065,"play_id":"f72fe113-1eef-4168-9409-d70cc2d0bd3f","local_time":"20190506231012","is_ascension_mode":true,"campfire_choices":[{"data":"Perfected Strike","floor":7,"key":"SMITH"},{"floor":15,"key":"REST"},{"floor":25,"key":"REST"},{"floor":32,"key":"REST"},{"data":"Perfected Strike","floor":40,"key":"SMITH"},{"floor":42,"key":"REST"},{"data":"Demon Form","floor":49,"key":"SMITH"}],"neow_cost":"NONE","seed_source_timestamp":1931127053732305,"circlet_count":0,"master_deck":["Strike_R","Strike_R","Strike_R","Strike_R","Strike_R","Bash","Perfected Strike+1","Twin Strike","Twin Strike","Perfected Strike+1","Pommel Strike","Inflame","Offering+1","Heavy Blade+1","Cleave+1","Shrug It Off+1","Shrug It Off+1","Magnetism","Pommel Strike","Dark Embrace","Perfected Strike+1","Perfected Strike+1","Perfected Strike+1","Demon Form+1","Twin Strike+1","Twin Strike+1","Twin Strike+1","Doubt","Reaper+1","Pommel Strike+1","Pommel Strike+1"],"relics":["Mark of Pain","Pen Nib","Shuriken","Centennial Puzzle","Anchor","Bird Faced Urn","Question Card","Astrolabe","Bottled Flame","Molten Egg 2","War Paint","Potion Belt","MutagenicStrength","Cursed Key","Pantograph","MawBank"],"potions_floor_usage":[10,10,10,23,24,27,27,28,41,41,45,50],"damage_taken":[{"damage":1,"enemies":"Cultist","floor":1,"turns":3},{"damage":3,"enemies":"Small Slimes","floor":2,"turns":4},{"damage":2,"enemies":"2 Louse","floor":3,"turns":2},{"damage":1,"enemies":"2 Fungi Beasts","floor":4,"turns":2},{"damage":0,"enemies":"3 Louse","floor":5,"turns":2},{"damage":8,"enemies":"Gremlin Nob","floor":6,"turns":3},{"damage":0,"enemies":"Looter","floor":8,"turns":1},{"damage":10,"enemies":"Lagavulin","floor":10,"turns":3},{"damage":0,"enemies":"Gremlin Nob","floor":12,"turns":2},{"damage":10,"enemies":"3 Sentries","floor":14,"turns":4},{"damage":48,"enemies":"Hexaghost","floor":16,"turns":6},{"damage":9,"enemies":"Shell Parasite","floor":18,"turns":3},{"damage":6,"enemies":"3 Byrds","floor":19,"turns":3},{"damage":0,"enemies":"Snecko","floor":22,"turns":2},{"damage":24,"enemies":"Gremlin Leader","floor":23,"turns":4},{"damage":20,"enemies":"Centurion and Healer","floor":24,"turns":5},{"damage":25,"enemies":"Sentry and Sphere","floor":27,"turns":5},{"damage":30,"enemies":"Book of Stabbing","floor":28,"turns":4},{"damage":16,"enemies":"Colosseum Slavers","floor":29,"turns":4},{"damage":0,"enemies":"Snake Plant","floor":31,"turns":1},{"damage":27,"enemies":"Champ","floor":33,"turns":6},{"damage":0,"enemies":"Orb Walker","floor":35,"turns":1},{"damage":0,"enemies":"3 Darklings","floor":36,"turns":2},{"damage":0,"enemies":"Jaw Worm Horde","floor":37,"turns":2},{"damage":3,"enemies":"Sphere and 2 Shapes","floor":39,"turns":2},{"damage":63,"enemies":"Reptomancer","floor":41,"turns":4},{"damage":45,"enemies":"Nemesis","floor":44,"turns":3},{"damage":5,"enemies":"Spire Growth","floor":45,"turns":2},{"damage":6,"enemies":"Maw","floor":47,"turns":4},{"damage":0,"enemies":"Sphere and 2 Shapes","floor":48,"turns":2},{"damage":60,"enemies":"Donu and Deca","floor":50,"turns":5}],"seed_played":"-328508578180916607","potions_obtained":[{"floor":4,"key":"Energy Potion"},{"floor":6,"key":"GamblersBrew"},{"floor":8,"key":"Swift Potion"},{"floor":14,"key":"Energy Potion"},{"floor":19,"key":"Regen Potion"},{"floor":23,"key":"Weak Potion"},{"floor":24,"key":"Energy Potion"},{"floor":27,"key":"Block Potion"},{"floor":35,"key":"SkillPotion"},{"floor":37,"key":"Dexterity Potion"},{"floor":39,"key":"PowerPotion"},{"floor":44,"key":"PowerPotion"}],"is_trial":false,"path_per_floor":["M","M","M","M","M","E","R","M","T","E","T","E","?","E","R","B",null,"M","M","$","?","M","E","M","R","T","M","E","?","?","M","R","B",null,"M","M","M","$","M","R","E","R","T","E","M","?","M","M","R","B",null],"character_chosen":"IRONCLAD","items_purchased":["Magnetism","Bottled Flame"],"campfire_rested":4,"item_purchase_floors":[20,20],"current_hp_per_floor":[79,76,74,73,73,65,65,65,65,55,55,55,55,47,71,25,80,73,69,69,69,71,51,41,65,65,53,29,19,19,19,43,22,80,80,80,80,80,77,77,23,47,47,8,5,70,70,70,70,14],"gold":537,"neow_bonus":"BOSS_RELIC","is_prod":false,"is_daily":false,"chose_seed":false,"campfire_upgraded":3,"win_rate":0,"timestamp":1557198612,"path_taken":["M","M","M","M","M","E","R","M","T","E","?","E","?","E","R","BOSS","M","M","$","?","?","E","M","R","T","M","E","?","?","M","R","BOSS","M","M","M","$","M","R","E","R","T","E","M","?","M","M","R","BOSS"],"build_version":"2019-01-23","purchased_purges":0,"victory":true,"max_hp_per_floor":[80,80,80,80,80,80,80,80,80,80,80,80,80,80,80,80,80,80,80,80,80,80,80,80,80,80,80,80,80,80,80,80,80,80,80,80,80,80,80,80,80,80,80,80,80,70,70,70,70,70],"card_choices":[{"not_picked":["Heavy Blade","Anger"],"picked":"Perfected Strike","floor":1},{"not_picked":["Flex","Warcry"],"picked":"Twin Strike","floor":2},{"not_picked":["Cleave","Intimidate"],"picked":"Twin Strike","floor":3},{"not_picked":["Dual Wield","Armaments"],"picked":"Perfected Strike","floor":4},{"not_picked":["Feel No Pain","Iron Wave","Anger"],"picked":"SKIP","floor":5},{"not_picked":["Blood for Blood","Flame Barrier","Dark Embrace"],"picked":"SKIP","floor":6},{"not_picked":["Wild Strike","Metallicize"],"picked":"Pommel Strike","floor":8},{"not_picked":["Pummel","Warcry"],"picked":"Inflame","floor":10},{"not_picked":["Feel No Pain","Dropkick","Infernal Blade"],"picked":"SKIP","floor":12},{"not_picked":["Rage","Feel No Pain","Flex"],"picked":"SKIP","floor":14},{"not_picked":["Limit Break","Barricade","Bludgeon"],"picked":"Offering","floor":16},{"not_picked":["Clothesline","Armaments","Pummel+1","Bloodletting"],"picked":"SKIP","floor":18},{"not_picked":["Sever Soul+1","Cleave","Headbutt"],"picked":"Shrug It Off","floor":19},{"not_picked":["Whirlwind","True Grit+1","Anger+1"],"picked":"Pommel Strike","floor":22},{"not_picked":["Sword Boomerang","Carnage","Thunderclap+1"],"picked":"Dark Embrace","floor":23},{"not_picked":["Pommel Strike+1","Reckless Charge+1","Iron Wave+1"],"picked":"Perfected Strike+1","floor":24},{"not_picked":["Fire Breathing","Clash+1","Combust"],"picked":"Perfected Strike+1","floor":27},{"not_picked":["Shrug It Off","Heavy Blade+1","Intimidate+1"],"picked":"Perfected Strike+1","floor":28},{"not_picked":["Immolate+1","Flex","Sever Soul+1","Shrug It Off"],"picked":"SKIP","floor":31},{"not_picked":["Bludgeon+1","Offering","Barricade"],"picked":"Demon Form","floor":33},{"not_picked":["Metallicize","Body Slam+1","Cleave+1"],"picked":"Twin Strike+1","floor":35},{"not_picked":["Heavy Blade+1","Armaments","Battle Trance"],"picked":"Twin Strike+1","floor":36},{"not_picked":["Sword Boomerang+1","Body Slam+1","Carnage+1","Flex+1"],"picked":"SKIP","floor":37},{"not_picked":["Sword Boomerang+1","Clash+1","Wild Strike+1"],"picked":"Twin Strike+1","floor":39},{"not_picked":["Exhume","Cleave+1","Headbutt+1","Clash+1"],"picked":"SKIP","floor":41},{"not_picked":["Flex+1","Anger+1","True Grit"],"picked":"Reaper+1","floor":44},{"not_picked":["Thunderclap+1","Battle Trance+1","Pummel+1","Anger+1"],"picked":"SKIP","floor":45},{"not_picked":["Battle Trance+1","Warcry","Twin Strike+1"],"picked":"Pommel Strike+1","floor":47},{"not_picked":["Iron Wave+1","Sword Boomerang+1","Thunderclap+1"],"picked":"Pommel Strike+1","floor":48}],"player_experience":188602,"relics_obtained":[{"floor":6,"key":"Pen Nib"},{"floor":9,"key":"Shuriken"},{"floor":10,"key":"Centennial Puzzle"},{"floor":11,"key":"Anchor"},{"floor":12,"key":"Bird Faced Urn"},{"floor":14,"key":"Question Card"},{"floor":23,"key":"Molten Egg 2"},{"floor":26,"key":"War Paint"},{"floor":28,"key":"Potion Belt"},{"floor":41,"key":"Pantograph"},{"floor":44,"key":"MawBank"}],"event_choices":[{"damage_healed":0,"gold_gain":0,"player_choice":"Fled","damage_taken":0,"max_hp_gain":0,"max_hp_loss":0,"event_name":"Scrap Ooze","floor":13,"gold_loss":0},{"cards_removed":["Defend_R"],"damage_healed":0,"gold_gain":0,"player_choice":"Purged","damage_taken":0,"max_hp_gain":0,"max_hp_loss":0,"event_name":"Purifier","floor":21,"gold_loss":0},{"damage_healed":0,"gold_gain":0,"player_choice":"Fight","damage_taken":0,"max_hp_gain":0,"max_hp_loss":0,"event_name":"Colosseum","floor":29,"gold_loss":0},{"damage_healed":0,"gold_gain":0,"player_choice":"Fled From Nobs","damage_taken":0,"max_hp_gain":0,"max_hp_loss":0,"event_name":"Colosseum","floor":29,"gold_loss":0},{"damage_healed":0,"gold_gain":0,"player_choice":"Inject Mutagens","damage_taken":0,"relics_obtained":["MutagenicStrength"],"max_hp_gain":0,"max_hp_loss":0,"event_name":"Drug Dealer","floor":30,"gold_loss":0},{"damage_healed":70,"gold_gain":0,"player_choice":"Heal","damage_taken":0,"max_hp_gain":0,"max_hp_loss":10,"event_name":"The Moai Head","floor":46,"gold_loss":0}],"is_beta":false,"boss_relics":[{"not_picked":["Coffee Dripper","Snecko Eye"],"picked":"Astrolabe"},{"not_picked":["Velvet Choker","Pandora\u0027s Box"],"picked":"Cursed Key"}],"items_purged_floors":[],"is_endless":false,"potions_floor_spawned":[4,6,8,14,19,23,24,27,35,37,39,44],"ascension_level":4}