{"gold_per_floor":[117,133,133,32,32,32,51,61,61,61,79,79,89,106,106,179,179,196,196,208,117,217,217,236,249,249,249,5,5,5,23,23,97,97,115,34,34,34,34,34,44,61,61,93,93,0,24,42,42,42],"floor_reached":51,"playtime":4947,"items_purged":["Strike_G","Poisoned Stab","Strike_G+1"],"score":1176,"play_id":"3753bd0b-4aa8-490f-b8b3-e466d7466bf5","local_time":"20190518020909","is_ascension_mode":true,"campfire_choices":[{"data":"Flying Knee","floor":6.0,"key":"SMITH"},{"floor":12.0,"key":"REST"},{"data":"Deadly Poison","floor":15.0,"key":"SMITH"},{"floor":23.0,"key":"REST"},{"floor":27.0,"key":"REST"},{"data":"Footwork","floor":29.0,"key":"SMITH"},{"floor":32.0,"key":"REST"},{"data":"PiercingWail","floor":40,"key":"SMITH"},{"data":"PiercingWail","floor":49,"key":"SMITH"}],"neow_cost":"NONE","seed_source_timestamp":0,"circlet_count":0,"master_deck":["AscendersBane","Defend_G","Defend_G","Defend_G","Defend_G","Survivor","Neutralize+1","Dagger Throw","Infinite Blades","Flying Knee+1","PiercingWail+1","PiercingWail+1","Acrobatics","Die Die Die","Acrobatics+1","Footwork+1","Endless Agony+1","RitualDagger","Footwork+1","Well Laid Plans","Deflect","The Bomb","Infinite Blades","Blur","Panache","Deflect"],"special_seed":0,"relics":["Busted Crown","Smiling Mask","Astrolabe","Ginger","Shuriken","Letter Opener","Runic Pyramid","Dodecahedron","Kunai","Red Mask","PreservedInsect"],"potions_floor_usage":[41,44,48,50],"damage_taken":[{"damage":0.0,"enemies":"Small Slimes","floor":1.0,"turns":5.0},{"damage":0.0,"enemies":"2 Louse","floor":2.0,"turns":3.0},{"damage":2.0,"enemies":"Jaw Worm","floor":7.0,"turns":3.0},{"damage":2.0,"enemies":"Large Slime","floor":8.0,"turns":6.0},{"damage":0.0,"enemies":"Red Slaver","floor":11.0,"turns":4.0},{"damage":4.0,"enemies":"3 Louse","floor":13.0,"turns":5.0},{"damage":2.0,"enemies":"2 Fungi Beasts","floor":14.0,"turns":4.0},{"damage":0.0,"enemies":"Hexaghost","floor":16.0,"turns":10.0},{"damage":0.0,"enemies":"Chosen","floor":18.0,"turns":5.0},{"damage":0.0,"enemies":"Shell Parasite","floor":20.0,"turns":4.0},{"damage":15.0,"enemies":"Colosseum Slavers","floor":22.0,"turns":6.0},{"damage":20.0,"enemies":"Colosseum Nobs","floor":22.0,"turns":8.0},{"damage":9.0,"enemies":"Snake Plant","floor":24.0,"turns":4.0},{"damage":0.0,"enemies":"Shelled Parasite and Fungi","floor":25.0,"turns":8.0},{"damage":8.0,"enemies":"Chosen and Byrds","floor":31.0,"turns":5.0},{"damage":42.0,"enemies":"Collector","floor":33.0,"turns":8.0},{"damage":0.0,"enemies":"Orb Walker","floor":35.0,"turns":4.0},{"damage":0,"enemies":"3 Shapes","floor":41,"turns":5},{"damage":7,"enemies":"3 Darklings","floor":42,"turns":7},{"damage":0,"enemies":"Nemesis","floor":44,"turns":7},{"damage":0,"enemies":"Spire Growth","floor":48,"turns":5},{"damage":42,"enemies":"Donu and Deca","floor":50,"turns":11}],"seed_played":"8750367527744280588","potions_obtained":[{"floor":11.0,"key":"EssenceOfSteel"},{"floor":13.0,"key":"FearPotion"},{"floor":14.0,"key":"PowerPotion"},{"floor":16.0,"key":"Block Potion"},{"floor":20.0,"key":"Poison Potion"},{"floor":31.0,"key":"Strength Potion"},{"floor":33.0,"key":"AttackPotion"},{"floor":41,"key":"GhostInAJar"},{"floor":42,"key":"Regen Potion"},{"floor":44,"key":"SkillPotion"}],"is_trial":false,"path_per_floor":["M","M","?","$","?","R","M","M","T","?","M","R","M","M","R","B",null,"M","?","M","$","?","R","M","M","T","R","$","R","?","M","R","B",null,"M","$","?","?","?","R","M","M","T","E","?","?","T","M","R","B",null],"character_chosen":"THE_SILENT","items_purchased":["Flying Knee","Footwork","The Bomb","Blur"],"campfire_rested":4,"item_purchase_floors":[4,21,28,36],"current_hp_per_floor":[59,59,46,46,46,46,44,42,42,35,35,54,50,48,48,48,62,62,56,56,56,21,40,31,31,31,50,50,50,50,42,61,19,54,54,54,54,54,54,54,54,47,47,62,62,62,62,62,62,20],"gold":42,"neow_bonus":"BOSS_RELIC","is_prod":false,"is_daily":false,"chose_seed":false,"campfire_upgraded":5,"win_rate":0,"timestamp":1558134549,"path_taken":["M","M","?","$","?","R","M","M","T","?","M","R","M","M","R","BOSS","M","?","M","$","?","R","M","M","T","R","$","R","?","M","R","BOSS","M","$","?","?","?","R","M","M","T","E","?","?","?","M","R","BOSS"],"build_version":"2019-01-23","purchased_purges":3,"victory":true,"max_hp_per_floor":[66,66,66,66,66,66,66,66,66,66,66,66,66,66,66,66,66,66,66,66,66,66,66,66,66,66,66,66,66,66,66,66,66,66,66,66,63,63,63,63,63,63,63,63,63,63,63,63,63,63],"card_choices":[{"not_picked":[],"picked":"Dagger Throw","floor":1.0},{"not_picked":[],"picked":"Infinite Blades","floor":2.0},{"not_picked":[],"picked":"PiercingWail","floor":7.0},{"not_picked":[],"picked":"PiercingWail","floor":8.0},{"not_picked":[],"picked":"Acrobatics","floor":11.0},{"not_picked":["Blade Dance"],"picked":"SKIP","floor":13.0},{"not_picked":[],"picked":"Deadly Poison","floor":14.0},{"not_picked":[],"picked":"Die Die Die","floor":16.0},{"not_picked":["Sucker Punch"],"picked":"SKIP","floor":18.0},{"not_picked":[],"picked":"Poisoned Stab","floor":20.0},{"not_picked":[],"picked":"Well Laid Plans","floor":22.0},{"not_picked":["Riddle With Holes"],"picked":"SKIP","floor":24.0},{"not_picked":[],"picked":"Deflect","floor":25.0},{"not_picked":["Riddle With Holes"],"picked":"SKIP","floor":31.0},{"not_picked":[],"picked":"Infinite Blades","floor":35.0},{"not_picked":[],"picked":"Panache","floor":39},{"not_picked":["Noxious Fumes"],"picked":"SKIP","floor":41},{"not_picked":["Outmaneuver"],"picked":"SKIP","floor":42},{"not_picked":[],"picked":"Deflect","floor":44},{"not_picked":["Riddle With Holes"],"picked":"SKIP","floor":48}],"player_experience":1014805,"relics_obtained":[{"floor":9.0,"key":"Smiling Mask"},{"floor":22.0,"key":"Ginger"},{"floor":22.0,"key":"Shuriken"},{"floor":26.0,"key":"Letter Opener"},{"floor":43,"key":"Dodecahedron"},{"floor":44,"key":"Kunai"},{"floor":47,"key":"PreservedInsect"}],"event_choices":[{"damage_healed":0.0,"max_hp_gain":0.0,"max_hp_loss":0.0,"gold_gain":0.0,"event_name":"Shining Light","player_choice":"Entered Light","floor":3.0,"gold_loss":0.0,"damage_taken":13.0,"cards_upgraded":["Neutralize","Strike_G"]},{"damage_healed":0.0,"max_hp_gain":0.0,"max_hp_loss":0.0,"gold_gain":0.0,"event_name":"Liars Game","player_choice":"Ignored","floor":5.0,"gold_loss":0.0,"damage_taken":0.0},{"cards_removed":["Strike_G"],"damage_healed":0.0,"max_hp_gain":0.0,"max_hp_loss":0.0,"gold_gain":0.0,"event_name":"Golden Wing","player_choice":"Card Removal","floor":10.0,"gold_loss":0.0,"damage_taken":7.0},{"damage_healed":0.0,"max_hp_gain":0.0,"max_hp_loss":0.0,"gold_gain":0.0,"event_name":"Nest","player_choice":"Joined the Cult","floor":19.0,"gold_loss":0.0,"damage_taken":6.0,"cards_obtained":["RitualDagger"]},{"damage_healed":0.0,"max_hp_gain":0.0,"max_hp_loss":0.0,"gold_gain":0.0,"event_name":"Colosseum","player_choice":"Fight","floor":22.0,"gold_loss":0.0,"damage_taken":0.0},{"damage_healed":0.0,"max_hp_gain":0.0,"max_hp_loss":0.0,"gold_gain":0.0,"event_name":"Colosseum","player_choice":"Fought Nobs","floor":22.0,"gold_loss":0.0,"damage_taken":0.0},{"damage_healed":0.0,"max_hp_gain":0.0,"max_hp_loss":0.0,"gold_gain":0.0,"event_name":"WeMeetAgain","player_choice":"Ignored","floor":30.0,"gold_loss":0.0,"damage_taken":0.0},{"damage_healed":0.0,"max_hp_gain":0.0,"max_hp_loss":3.0,"gold_gain":0.0,"event_name":"Winding Halls","player_choice":"Max HP","floor":37.0,"gold_loss":0.0,"damage_taken":0.0},{"damage_healed":0.0,"max_hp_gain":0.0,"max_hp_loss":0.0,"gold_gain":0.0,"event_name":"Mysterious Sphere","player_choice":"Ignored","floor":38.0,"gold_loss":0.0,"damage_taken":0.0},{"damage_healed":0,"gold_gain":0,"player_choice":"Memory 1","damage_taken":0,"max_hp_gain":0,"max_hp_loss":0,"event_name":"SensoryStone","floor":39,"gold_loss":0},{"cards_removed":["Deadly Poison"],"damage_healed":0,"gold_gain":0,"player_choice":"Removed Skill","damage_taken":0,"max_hp_gain":0,"max_hp_loss":0,"event_name":"Falling","floor":45,"gold_loss":0},{"damage_healed":0,"gold_gain":0,"player_choice":"Paid","damage_taken":0,"relics_obtained":["Red Mask"],"max_hp_gain":0,"max_hp_loss":0,"event_name":"Tomb of Lord Red Mask","floor":46,"gold_loss":93}],"is_beta":false,"boss_relics":[{"not_picked":["Runic Dome","Black Star"],"picked":"Astrolabe"},{"not_picked":["WristBlade","Eternal Feather"],"picked":"Runic Pyramid"}],"items_purged_floors":[4,21,28],"is_endless":false,"potions_floor_spawned":[11,13,14,16,20,22,31,33,41,42,44],"ascension_level":14}