{"gold_per_floor":[110,110,129,148,148,148,148,148,219,244,244,115,115,136,136,267,267,285,385,405,419,319,319,332,159,159,172,193,193,193],"floor_reached":30,"playtime":1174,"items_purged":["Defend_B","Defend_B","Strike_B"],"score":222,"play_id":"4b0bf1f2-9d75-49e6-8d43-7375fae3fcb2","local_time":"20190519121529","is_ascension_mode":false,"campfire_choices":[{"data":"Dualcast","floor":11,"key":"SMITH"},{"data":"Zap","floor":13,"key":"SMITH"},{"data":"Conserve Battery","floor":15,"key":"SMITH"},{"data":"White Noise","floor":23,"key":"SMITH"},{"data":"Fission","floor":29,"key":"SMITH"}],"neow_cost":"NONE","seed_source_timestamp":301806590469929,"circlet_count":0,"master_deck":["Strike_B","Strike_B","Defend_B+1","Defend_B+1","Zap+1","Dualcast+1","Gash","Cold Snap","Undo","Conserve Battery+1","Leap","Seek","White Noise+1","Fusion+1","Hello World+1","Consume","Cold Snap","Fission+1"],"relics":["Cracked Core","Dream Catcher","Golden Idol","Mercury Hourglass","Meat on the Bone","Inserter","Darkstone Periapt"],"potions_floor_usage":[21],"damage_taken":[{"damage":6,"enemies":"Jaw Worm","floor":1,"turns":3},{"damage":2,"enemies":"Small Slimes","floor":3,"turns":3},{"damage":5,"enemies":"2 Louse","floor":4,"turns":3},{"damage":8,"enemies":"Looter","floor":10,"turns":2},{"damage":0,"enemies":"Large Slime","floor":14,"turns":4},{"damage":8,"enemies":"Slime Boss","floor":16,"turns":13},{"damage":23,"enemies":"3 Byrds","floor":18,"turns":4},{"damage":13,"enemies":"Chosen","floor":20,"turns":6},{"damage":16,"enemies":"Snake Plant","floor":21,"turns":7},{"damage":2,"enemies":"Cultist and Chosen","floor":24,"turns":6},{"damage":2,"enemies":"Shelled Parasite and Fungi","floor":27,"turns":14},{"damage":0,"enemies":"Chosen and Byrds","floor":28,"turns":5},{"damage":53,"enemies":"Slavers","floor":30,"turns":3}],"seed_played":"4307943674405886651","potions_obtained":[{"floor":1,"key":"SpeedPotion"},{"floor":18,"key":"Block Potion"},{"floor":20,"key":"Weak Potion"}],"is_trial":false,"path_per_floor":["M","?","M","M","?","?","T","?","T","M","R","$","R","M","R","B",null,"M","?","M","M","$","R","M","$","T","M","M","R","E"],"character_chosen":"DEFECT","items_purchased":["Conserve Battery","Cold Snap"],"campfire_rested":0,"item_purchase_floors":[12,25],"current_hp_per_floor":[69,51,49,44,37,22,22,47,47,39,39,39,39,39,39,43,75,52,52,39,35,35,35,45,45,45,43,43,43,0],"gold":193,"neow_bonus":"RANDOM_COMMON_RELIC","is_prod":false,"is_daily":false,"chose_seed":false,"campfire_upgraded":5,"win_rate":0,"timestamp":1558235729,"path_taken":["M","?","M","M","?","?","?","?","T","M","R","?","R","M","R","BOSS","M","?","M","M","?","R","M","$","T","M","M","R","E"],"build_version":"2019-01-23","purchased_purges":3,"victory":false,"max_hp_per_floor":[75,75,75,75,75,75,75,75,75,75,75,75,75,75,75,75,75,75,75,75,75,75,75,75,75,75,75,75,75,75],"card_choices":[{"not_picked":["Auto Shields","Rip and Tear"],"picked":"Gash","floor":1},{"not_picked":["Reinforced Body","Steam Power"],"picked":"Cold Snap","floor":3},{"not_picked":["Fusion","Skim","Hologram"],"picked":"SKIP","floor":4},{"not_picked":["Rebound","Streamline"],"picked":"Undo","floor":10},{"not_picked":["Beam Cell","Turbo"],"picked":"Leap","floor":14},{"not_picked":["Buffer","Reboot"],"picked":"Seek","floor":16},{"not_picked":["Chill","Coolheaded+1"],"picked":"White Noise","floor":18},{"not_picked":["Rebound","Stack"],"picked":"Fusion+1","floor":20},{"not_picked":["Lockon","Glacier"],"picked":"Hello World+1","floor":21},{"not_picked":["Leap","Rebound"],"picked":"Consume","floor":24},{"not_picked":["Fusion+1","BootSequence"],"picked":"Fission","floor":27},{"not_picked":["Beam Cell","Stack","Go for the Eyes+1"],"picked":"SKIP","floor":28}],"player_experience":387082,"relics_obtained":[{"floor":7,"key":"Mercury Hourglass"},{"floor":9,"key":"Meat on the Bone"},{"floor":26,"key":"Darkstone Periapt"}],"event_choices":[{"damage_healed":0,"gold_gain":0,"player_choice":"Take Damage","damage_taken":18,"relics_obtained":["Golden Idol"],"max_hp_gain":0,"max_hp_loss":0,"event_name":"Golden Idol","floor":2,"gold_loss":0},{"cards_removed":["Strike_B"],"damage_healed":0,"gold_gain":0,"player_choice":"Card Removal","damage_taken":7,"max_hp_gain":0,"max_hp_loss":0,"event_name":"Golden Wing","floor":5,"gold_loss":0},{"damage_healed":0,"gold_gain":0,"player_choice":"Entered Light","damage_taken":15,"max_hp_gain":0,"max_hp_loss":0,"event_name":"Shining Light","floor":6,"gold_loss":0,"cards_upgraded":["Defend_B","Defend_B"]},{"damage_healed":25,"gold_gain":0,"player_choice":"Banana","damage_taken":0,"max_hp_gain":0,"max_hp_loss":0,"event_name":"Big Fish","floor":8,"gold_loss":0},{"damage_healed":0,"gold_gain":100,"player_choice":"Pray","damage_taken":0,"max_hp_gain":0,"max_hp_loss":0,"event_name":"Golden Shrine","floor":19,"gold_loss":0}],"is_beta":false,"boss_relics":[{"not_picked":["FrozenCore","Pandora\u0027s Box"],"picked":"Inserter"}],"items_purged_floors":[12,22,25],"is_endless":false,"potions_floor_spawned":[1,18,20],"killed_by":"Slavers","ascension_level":0}