{"gold_per_floor":[212,224,70,70,70,70,99,99,99,114,149,161,183,214,226,312,324,349,361,46,46,41,41],"floor_reached":23,"playtime":948,"items_purged":["Strike_R","Decay"],"score":398,"play_id":"c06092eb-8057-4bc5-8d28-48db7fd0fbd6","local_time":"20190515200813","is_ascension_mode":true,"campfire_choices":[{"data":"Bash","floor":6,"key":"SMITH"},{"floor":12,"key":"REST"},{"floor":15,"key":"REST"}],"neow_cost":"NONE","seed_source_timestamp":802260397916392,"circlet_count":0,"master_deck":["AscendersBane","Strike_R","Strike_R","Defend_R","Defend_R","Defend_R","Defend_R","Bash+1","Anger","Combust","Headbutt","Armaments","Impervious","Battle Trance","Feed","Battle Trance","Fiend Fire","Rage"],"relics":["Burning Blood","Shuriken","Kunai","MawBank","Cursed Key"],"potions_floor_usage":[18],"damage_taken":[{"damage":6,"enemies":"Jaw Worm","floor":1,"turns":5},{"damage":9,"enemies":"Small Slimes","floor":2,"turns":4},{"damage":32,"enemies":"Gremlin Nob","floor":7,"turns":4},{"damage":3,"enemies":"2 Louse","floor":10,"turns":2},{"damage":24,"enemies":"3 Sentries","floor":11,"turns":7},{"damage":13,"enemies":"Blue Slaver","floor":13,"turns":4},{"damage":18,"enemies":"Exordium Wildlife","floor":14,"turns":4},{"damage":24,"enemies":"The Guardian","floor":16,"turns":13},{"damage":9,"enemies":"Chosen","floor":18,"turns":6},{"damage":12,"enemies":"2 Thieves","floor":22,"turns":4},{"damage":65,"enemies":"Book of Stabbing","floor":23,"turns":6}],"seed_played":"7617310774584950133","potions_obtained":[{"floor":10,"key":"SpeedPotion"},{"floor":11,"key":"Ancient Potion"}],"is_trial":false,"path_per_floor":["M","M","$","?","?","R","E","?","T","M","E","R","M","M","R","B",null,"M","?","$","?","M","E"],"character_chosen":"IRONCLAD","items_purchased":["Combust","Fiend Fire","Rage"],"campfire_rested":2,"item_purchase_floors":[3,20,20],"current_hp_per_floor":[68,65,65,65,58,58,32,32,32,35,17,39,32,20,42,24,62,62,62,62,62,59,0],"gold":41,"neow_bonus":"HUNDRED_GOLD","is_prod":false,"is_daily":false,"chose_seed":false,"campfire_upgraded":1,"win_rate":0,"timestamp":1557965293,"path_taken":["M","M","$","?","?","R","E","?","T","?","E","R","M","M","R","BOSS","M","?","$","?","M","E"],"build_version":"2019-01-23","purchased_purges":2,"victory":false,"max_hp_per_floor":[75,75,75,75,75,75,75,75,75,75,75,75,75,75,75,75,75,78,78,78,78,81,81],"card_choices":[{"not_picked":["Havoc","Flex","Rage"],"picked":"SKIP","floor":1},{"not_picked":["Shrug It Off","Berserk"],"picked":"Anger","floor":2},{"not_picked":["Wild Strike","Seeing Red"],"picked":"Headbutt","floor":7},{"not_picked":["Havoc","Pommel Strike"],"picked":"Armaments","floor":10},{"not_picked":["Twin Strike","Headbutt","Pummel"],"picked":"SKIP","floor":11},{"not_picked":["True Grit","Headbutt"],"picked":"Impervious","floor":13},{"not_picked":["Clash","Anger"],"picked":"Battle Trance","floor":14},{"not_picked":["Offering","Limit Break"],"picked":"Feed","floor":16},{"not_picked":["Carnage","Heavy Blade"],"picked":"Battle Trance","floor":18},{"not_picked":["Body Slam","Rage","Evolve"],"picked":"SKIP","floor":22}],"player_experience":629095,"relics_obtained":[{"floor":7,"key":"Shuriken"},{"floor":9,"key":"Kunai"},{"floor":11,"key":"MawBank"}],"event_choices":[{"damage_healed":0,"gold_gain":0,"player_choice":"Ignored","damage_taken":0,"max_hp_gain":0,"max_hp_loss":0,"event_name":"Liars Game","floor":4,"gold_loss":0},{"cards_removed":["Strike_R"],"damage_healed":0,"gold_gain":0,"player_choice":"Card Removal","damage_taken":7,"max_hp_gain":0,"max_hp_loss":0,"event_name":"Golden Wing","floor":5,"gold_loss":0},{"cards_removed":["Strike_R"],"damage_healed":0,"gold_gain":0,"player_choice":"Forget","damage_taken":0,"max_hp_gain":0,"max_hp_loss":0,"event_name":"Living Wall","floor":8,"gold_loss":0},{"damage_healed":0,"gold_gain":0,"player_choice":"Smashed Altar","damage_taken":0,"max_hp_gain":0,"max_hp_loss":0,"event_name":"Forgotten Altar","floor":19,"gold_loss":0,"cards_obtained":["Decay"]},{"damage_healed":0,"gold_gain":0,"player_choice":"Ignored","damage_taken":0,"max_hp_gain":0,"max_hp_loss":0,"event_name":"The Mausoleum","floor":21,"gold_loss":0}],"is_beta":false,"boss_relics":[{"not_picked":["Philosopher\u0027s Stone","Runic Cube"],"picked":"Cursed Key"}],"items_purged_floors":[3,20],"is_endless":false,"potions_floor_spawned":[10,11],"killed_by":"Book of Stabbing","ascension_level":20}