{"gold_per_floor":[115,127,145,161,33,65,65,93,168,168,198,225,6,23,23,23],"floor_reached":16,"playtime":745,"items_purged":["Parasite"],"score":180,"play_id":"ab076463-cf28-4a17-8b33-8eab4d56926b","local_time":"20181208171458","is_ascension_mode":true,"campfire_choices":[{"floor":7,"key":"REST"},{"floor":15,"key":"REST"}],"neow_cost":"NONE","seed_source_timestamp":115687032697695,"circlet_count":0,"master_deck":["AscendersBane","Strike_R","Strike_R","Strike_R","Strike_R","Strike_R","Defend_R","Defend_R","Defend_R","Defend_R","Bash","Pummel","Thunderclap","Corruption","Flex","Battle Trance","Cleave","Perfected Strike","Flame Barrier","True Grit","Ghostly Armor","Heavy Blade","Ghostly Armor"],"relics":["Burning Blood","Juzu Bracelet","Art of War","Incense Burner","Question Card","Ancient Tea Set"],"potions_floor_usage":[4,6,12,14,16,16],"damage_taken":[{"damage":10,"enemies":"Small Slimes","floor":1,"turns":3},{"damage":4,"enemies":"2 Louse","floor":2,"turns":4},{"damage":1,"enemies":"Cultist","floor":3,"turns":4},{"damage":20,"enemies":"Gremlin Gang","floor":4,"turns":5},{"damage":50,"enemies":"Gremlin Nob","floor":6,"turns":5},{"damage":40,"enemies":"Lagavulin","floor":8,"turns":5},{"damage":26,"enemies":"3 Sentries","floor":12,"turns":8},{"damage":0,"enemies":"Looter","floor":14,"turns":4},{"damage":41,"enemies":"Slime Boss","floor":16,"turns":7}],"seed_played":"7333565990485225719","potions_obtained":[{"floor":1,"key":"AttackPotion"},{"floor":4,"key":"SneckoOil"},{"floor":8,"key":"Fire Potion"},{"floor":12,"key":"GamblersBrew"},{"floor":14,"key":"PowerPotion"}],"is_trial":false,"path_per_floor":["M","M","M","M","$","E","R","E","T","?","?","E","$","M","R","B"],"character_chosen":"IRONCLAD","items_purchased":["Battle Trance","Cleave","Ghostly Armor","Strength Potion","Heavy Blade"],"campfire_rested":2,"item_purchase_floors":[5,5,13,13,13],"current_hp_per_floor":[68,70,75,61,61,17,41,7,7,27,27,7,7,13,36,0],"gold":23,"neow_bonus":"RANDOM_COMMON_RELIC","is_prod":false,"is_daily":false,"chose_seed":false,"campfire_upgraded":0,"win_rate":0,"timestamp":1544307298,"path_taken":["M","M","M","M","$","E","R","E","T","?","?","E","$","M","R","BOSS"],"build_version":"2018-12-06","purchased_purges":1,"victory":false,"max_hp_per_floor":[80,80,80,80,80,80,80,80,80,80,80,80,77,77,77,77],"card_choices":[{"not_picked":["Dual Wield","Armaments"],"picked":"Pummel","floor":1},{"not_picked":["Sever Soul","Sword Boomerang"],"picked":"Thunderclap","floor":2},{"not_picked":["Cleave","Pommel Strike"],"picked":"Corruption","floor":3},{"not_picked":["Berserk","Heavy Blade"],"picked":"Flex","floor":4},{"not_picked":["Bloodletting","Body Slam"],"picked":"Perfected Strike","floor":6},{"not_picked":["Clash","Barricade"],"picked":"Flame Barrier","floor":8},{"not_picked":["Reckless Charge","Searing Blow","Fire Breathing"],"picked":"True Grit","floor":12},{"not_picked":["Thunderclap","Sever Soul","Reckless Charge"],"picked":"Ghostly Armor","floor":14}],"player_experience":293423,"relics_obtained":[{"floor":6,"key":"Art of War"},{"floor":8,"key":"Incense Burner"},{"floor":9,"key":"Question Card"},{"floor":12,"key":"Ancient Tea Set"}],"event_choices":[{"damage_healed":20,"gold_gain":0,"player_choice":"Healed and dodged fight","damage_taken":0,"max_hp_gain":0,"max_hp_loss":0,"event_name":"Mushrooms","floor":10,"gold_loss":0,"cards_obtained":["Parasite"]},{"damage_healed":0,"gold_gain":30,"player_choice":"Searched \u00271\u0027 times","damage_taken":0,"max_hp_gain":0,"max_hp_loss":0,"event_name":"Dead Adventurer","floor":11,"gold_loss":0}],"is_beta":false,"boss_relics":[],"items_purged_floors":[13],"is_endless":false,"potions_floor_spawned":[1,4,8,12,14],"killed_by":"Slime Boss","ascension_level":10}