{"gold_per_floor":[117,117,117,193,204,204,204,216,216,243,270,270,3,30,30,128,128,146,146,130,47,47,47],"floor_reached":23,"playtime":1087,"items_purged":[],"score":230,"play_id":"7ede8ab6-18e9-45a4-9a77-bf6b3dbcd4a8","local_time":"20181213005520","is_ascension_mode":true,"campfire_choices":[{"data":"Bash","floor":6,"key":"SMITH"},{"data":"Clothesline","floor":12,"key":"SMITH"},{"data":"Clothesline","floor":15,"key":"SMITH"}],"neow_cost":"NONE","seed_source_timestamp":488581034418297,"circlet_count":0,"master_deck":["Bash+1","Impervious","Wild Strike","Clothesline+1","Cleave","Clothesline+1","Rupture","Twin Strike","Feed","Searing Blow","Evolve","Havoc","Warcry","Perfected Strike+1","Corruption","True Grit","True Grit","Flex","Wild Strike+1","Perfected Strike","Inflame","Inflame","Perfected Strike"],"relics":["Burning Blood","Matryoshka","Pear","Potion Belt","Orichalcum","Shuriken","Dream Catcher","Frozen Eye","Boot","Pandora\u0027s Box"],"potions_floor_usage":[16,23,23],"damage_taken":[{"damage":7,"enemies":"Small Slimes","floor":1,"turns":4},{"damage":5,"enemies":"2 Louse","floor":5,"turns":3},{"damage":0,"enemies":"Cultist","floor":8,"turns":2},{"damage":30,"enemies":"3 Sentries","floor":10,"turns":9},{"damage":8,"enemies":"Gremlin Nob","floor":14,"turns":4},{"damage":45,"enemies":"Hexaghost","floor":16,"turns":12},{"damage":44,"enemies":"3 Byrds","floor":18,"turns":8},{"damage":13,"enemies":"2 Thieves","floor":20,"turns":5},{"damage":54,"enemies":"Slavers","floor":23,"turns":4}],"seed_played":"3315518211707014311","potions_obtained":[{"floor":10,"key":"Swift Potion"},{"floor":14,"key":"SpeedPotion"},{"floor":16,"key":"Regen Potion"},{"floor":18,"key":"Dexterity Potion"},{"floor":20,"key":"Dexterity Potion"}],"is_trial":false,"path_per_floor":["M","?","?","?","M","R","?","M","T","E","T","R","$","E","R","B",null,"M","?","M","$","?","E"],"character_chosen":"IRONCLAD","items_purchased":["Rupture","Frozen Eye","Inflame","Perfected Strike"],"campfire_rested":0,"item_purchase_floors":[13,13,21,21],"current_hp_per_floor":[79,84,84,84,85,85,67,73,83,59,59,59,59,57,57,18,95,60,60,53,53,53,0],"gold":47,"neow_bonus":"ONE_RANDOM_RARE_CARD","is_prod":false,"is_daily":false,"chose_seed":false,"campfire_upgraded":3,"win_rate":0,"timestamp":1544680520,"path_taken":["M","?","?","?","M","R","?","M","T","E","?","R","$","E","R","BOSS","M","?","M","$","?","E"],"build_version":"2018-12-06","purchased_purges":0,"victory":false,"max_hp_per_floor":[80,85,85,85,85,85,85,85,95,95,95,95,95,95,95,95,95,98,98,98,98,98,98],"card_choices":[{"not_picked":["Anger","Havoc"],"picked":"Wild Strike","floor":1},{"not_picked":["Thunderclap","Warcry"],"picked":"Clothesline","floor":5},{"not_picked":["Rage","Fire Breathing"],"picked":"Cleave","floor":8},{"not_picked":["Seeing Red","Armaments"],"picked":"Clothesline","floor":10},{"not_picked":["Second Wind","Seeing Red"],"picked":"Twin Strike","floor":14},{"not_picked":["Reaper","Double Tap"],"picked":"Feed","floor":16},{"not_picked":["Havoc+1","Hemokinesis"],"picked":"Wild Strike+1","floor":18},{"not_picked":["Body Slam+1","Thunderclap"],"picked":"Inflame","floor":20}],"player_experience":323575,"relics_obtained":[{"floor":9,"key":"Pear"},{"floor":9,"key":"Potion Belt"},{"floor":10,"key":"Orichalcum"},{"floor":11,"key":"Shuriken"},{"floor":11,"key":"Dream Catcher"},{"floor":14,"key":"Boot"}],"event_choices":[{"damage_healed":0,"gold_gain":0,"player_choice":"Donut","damage_taken":0,"max_hp_gain":5,"max_hp_loss":0,"event_name":"Big Fish","floor":2,"gold_loss":0},{"damage_healed":0,"gold_gain":0,"player_choice":"Leave","damage_taken":0,"max_hp_gain":0,"max_hp_loss":0,"event_name":"The Cleric","floor":3,"gold_loss":0},{"damage_healed":0,"gold_gain":76,"player_choice":"Gained Gold","damage_taken":0,"max_hp_gain":0,"max_hp_loss":0,"event_name":"Golden Wing","floor":4,"gold_loss":0},{"damage_healed":0,"gold_gain":0,"player_choice":"Success","damage_taken":18,"relics_obtained":["Matryoshka"],"max_hp_gain":0,"max_hp_loss":0,"event_name":"Scrap Ooze","floor":7,"gold_loss":0},{"damage_healed":0,"gold_gain":0,"player_choice":"Read","damage_taken":0,"max_hp_gain":0,"max_hp_loss":0,"event_name":"The Library","floor":19,"gold_loss":0,"cards_obtained":["Perfected Strike"]},{"damage_healed":0,"gold_gain":0,"player_choice":"Upgraded","damage_taken":0,"max_hp_gain":0,"max_hp_loss":0,"event_name":"Upgrade Shrine","floor":22,"gold_loss":0,"cards_upgraded":["Perfected Strike"]}],"is_beta":false,"boss_relics":[{"not_picked":["Black Blood","Runic Dome"],"picked":"Pandora\u0027s Box"}],"items_purged_floors":[],"is_endless":false,"potions_floor_spawned":[10,14,16,18,20],"killed_by":"Slavers","ascension_level":1}