{"gold_per_floor":[116,43,43,54,66,66,83,93,93,128,128,157,167,183,183,282,282,292,240,260,271,284,284,316,333,333,348,348,361,361,361,361,361],"floor_reached":33,"playtime":1241,"items_purged":[],"score":453,"play_id":"6d70bf73-9ea7-4e9b-b9a3-0e104bc7f65c","local_time":"20190519205122","is_ascension_mode":true,"campfire_choices":[{"data":"Inflame","floor":6.0,"key":"SMITH"},{"data":"Heavy Blade","floor":11.0,"key":"SMITH"},{"floor":15.0,"key":"REST"},{"data":"Whirlwind","floor":23.0,"key":"SMITH"},{"floor":28.0,"key":"REST"},{"floor":32.0,"key":"REST"}],"neow_cost":"NONE","seed_source_timestamp":0,"circlet_count":0,"master_deck":["AscendersBane","Strike_R","Strike_R","Strike_R","Strike_R","Defend_R+1","Defend_R","Defend_R","Defend_R","Bash","Shrug It Off","Inflame+1","Pummel","Battle Trance+1","Heavy Blade+1","Iron Wave","Shrug It Off","Double Tap","Inflame","Headbutt","Reaper","Heavy Blade","Flex","Headbutt","Whirlwind+1"],"special_seed":0,"relics":["Burning Blood","NeowsBlessing","War Paint","Oddly Smooth Stone","Bottled Tornado","Sozu","Pear","Turnip"],"potions_floor_usage":[33,33],"damage_taken":[{"damage":0.0,"enemies":"2 Louse","floor":1.0,"turns":1.0},{"damage":0.0,"enemies":"Cultist","floor":4.0,"turns":1.0},{"damage":0.0,"enemies":"Jaw Worm","floor":5.0,"turns":1.0},{"damage":24.0,"enemies":"Gremlin Gang","floor":7.0,"turns":6.0},{"damage":5.0,"enemies":"Blue Slaver","floor":8.0,"turns":2.0},{"damage":20.0,"enemies":"3 Sentries","floor":10.0,"turns":5.0},{"damage":16.0,"enemies":"Lagavulin","floor":12.0,"turns":7.0},{"damage":18.0,"enemies":"Exordium Thugs","floor":13.0,"turns":3.0},{"damage":17.0,"enemies":"Lots of Slimes","floor":14.0,"turns":5.0},{"damage":32.0,"enemies":"Hexaghost","floor":16.0,"turns":7.0},{"damage":16.0,"enemies":"Shell Parasite","floor":18.0,"turns":5.0},{"damage":20.0,"enemies":"3 Byrds","floor":20.0,"turns":4.0},{"damage":26.0,"enemies":"Snake Plant","floor":21.0,"turns":4.0},{"damage":3.0,"enemies":"Snecko","floor":22.0,"turns":3.0},{"damage":45.0,"enemies":"Book of Stabbing","floor":24.0,"turns":4.0},{"damage":16.0,"enemies":"Sentry and Sphere","floor":25.0,"turns":4.0},{"damage":12.0,"enemies":"Snake Plant","floor":27.0,"turns":4.0},{"damage":16.0,"enemies":"3 Cultists","floor":29.0,"turns":4.0},{"damage":26.0,"enemies":"Colosseum Slavers","floor":30.0,"turns":3.0},{"damage":68,"enemies":"Automaton","floor":33,"turns":6}],"seed_played":"4661489745559351987","potions_obtained":[{"floor":1.0,"key":"Explosive Potion"},{"floor":10.0,"key":"PowerPotion"},{"floor":14.0,"key":"PowerPotion"}],"is_trial":false,"path_per_floor":["M","$","?","M","M","R","M","M","T","E","R","E","M","M","R","B",null,"M","$","M","M","M","R","E","M","T","M","R","M","?","?","R","B"],"character_chosen":"IRONCLAD","items_purchased":["Inflame","Flex"],"campfire_rested":3,"item_purchase_floors":[2,19],"current_hp_per_floor":[78,78,78,80,80,80,62,63,63,49,49,39,27,16,40,14,64,63,63,62,49,59,59,30,20,20,23,50,40,29,29,56,0],"gold":361,"neow_bonus":"THREE_ENEMY_KILL","is_prod":false,"is_daily":false,"chose_seed":false,"campfire_upgraded":3,"win_rate":0,"timestamp":1558270282,"path_taken":["M","$","?","?","M","R","M","M","T","E","R","E","M","M","R","BOSS","M","$","M","M","M","R","E","M","T","M","R","?","?","?","R","BOSS"],"build_version":"2019-01-23","purchased_purges":0,"victory":false,"max_hp_per_floor":[80,80,80,80,80,80,80,80,80,80,80,80,80,80,80,80,80,80,80,80,80,80,80,90,90,90,90,90,90,90,90,90,90],"card_choices":[{"not_picked":["Infernal Blade","Flex"],"picked":"Shrug It Off","floor":1.0},{"not_picked":["Wild Strike","Dropkick","Evolve"],"picked":"SKIP","floor":4.0},{"not_picked":["Cleave","Entrench"],"picked":"Battle Trance","floor":5.0},{"not_picked":["Iron Wave","Ghostly Armor"],"picked":"Heavy Blade","floor":7.0},{"not_picked":["Barricade","Anger"],"picked":"Iron Wave","floor":8.0},{"not_picked":["Blood for Blood","Second Wind"],"picked":"Shrug It Off","floor":10.0},{"not_picked":["Clothesline","Shrug It Off"],"picked":"Double Tap","floor":12.0},{"not_picked":["Clothesline","Dual Wield"],"picked":"Inflame","floor":13.0},{"not_picked":["Feel No Pain","Evolve"],"picked":"Headbutt","floor":14.0},{"not_picked":["Juggernaut","Offering"],"picked":"Reaper","floor":16.0},{"not_picked":["Armaments","Pummel"],"picked":"Heavy Blade","floor":18.0},{"not_picked":["Bloodletting+1","Evolve","Reckless Charge"],"picked":"SKIP","floor":20.0},{"not_picked":["Shockwave","Evolve+1"],"picked":"Headbutt","floor":21.0},{"not_picked":["Spot Weakness","Heavy Blade"],"picked":"Whirlwind","floor":22.0},{"not_picked":["Battle Trance","Clash","Corruption"],"picked":"SKIP","floor":24.0},{"not_picked":["Corruption","Clothesline","Bloodletting"],"picked":"SKIP","floor":25.0},{"not_picked":["Havoc","Rage","Flex"],"picked":"SKIP","floor":27.0},{"not_picked":["Anger","Cleave+1","Wild Strike"],"picked":"SKIP","floor":29.0}],"player_experience":757604,"relics_obtained":[{"floor":9.0,"key":"War Paint"},{"floor":10.0,"key":"Oddly Smooth Stone"},{"floor":12.0,"key":"Bottled Tornado"},{"floor":24.0,"key":"Pear"},{"floor":26.0,"key":"Turnip"}],"event_choices":[{"damage_healed":0.0,"max_hp_gain":0.0,"max_hp_loss":0.0,"gold_gain":0.0,"cards_transformed":["Strike_R"],"event_name":"Transmorgrifier","player_choice":"Transformed","floor":3.0,"gold_loss":0.0,"damage_taken":0.0,"cards_obtained":["Pummel"]},{"damage_healed":0.0,"max_hp_gain":0.0,"max_hp_loss":0.0,"gold_gain":0.0,"event_name":"Colosseum","player_choice":"Fight","floor":30.0,"gold_loss":0.0,"damage_taken":0.0},{"damage_healed":0.0,"max_hp_gain":0.0,"max_hp_loss":0.0,"gold_gain":0.0,"event_name":"Colosseum","player_choice":"Fled From Nobs","floor":30.0,"gold_loss":0.0,"damage_taken":0.0},{"damage_healed":0.0,"max_hp_gain":0.0,"max_hp_loss":0.0,"gold_gain":0.0,"event_name":"Lab","player_choice":"Got Potions","floor":31.0,"gold_loss":0.0,"damage_taken":0.0}],"is_beta":false,"boss_relics":[{"not_picked":["Astrolabe","White Beast Statue"],"picked":"Sozu"}],"items_purged_floors":[],"is_endless":false,"potions_floor_spawned":[1,10,14,18,25,29,30],"killed_by":"Automaton","ascension_level":12}