{"gold_per_floor":[109,124,20,31,46,371,371,405,459,459,384,384,344,375,375,449,449,460,472,485,535,550,550,578,257,257,274,292,292],"floor_reached":29,"playtime":1611,"items_purged":["Strike_G","Strike_G"],"score":517,"play_id":"1280768a-169b-4737-b632-6b5cc6be0adc","local_time":"20190501113319","is_ascension_mode":true,"campfire_choices":[{"floor":7,"key":"REST"},{"floor":10,"key":"REST"},{"data":"Deadly Poison","floor":15,"key":"SMITH"},{"data":"Flechettes","floor":23,"key":"SMITH"}],"neow_cost":"NONE","seed_source_timestamp":392492664205175,"circlet_count":0,"master_deck":["AscendersBane","Defend_G","Defend_G","Defend_G","Defend_G","Defend_G","Strike_G","Strike_G","Survivor","Neutralize","Deadly Poison+1","Leg Sweep","Dagger Throw","Cloak And Dagger","Quick Slash","Deflect","Dodge and Roll","Die Die Die","Flechettes+1","Catalyst","Bouncing Flask"],"relics":["Ring of the Snake","Old Coin","Mummified Hand","Bronze Scales","Vajra","Runic Pyramid","Art of War","Medical Kit","Singing Bowl"],"potions_floor_usage":[6,16,24,24,28],"damage_taken":[{"damage":7,"enemies":"Small Slimes","floor":1,"turns":5},{"damage":1,"enemies":"Cultist","floor":2,"turns":4},{"damage":0,"enemies":"Jaw Worm","floor":4,"turns":5},{"damage":14,"enemies":"Lots of Slimes","floor":5,"turns":7},{"damage":16,"enemies":"Gremlin Nob","floor":6,"turns":4},{"damage":21,"enemies":"Lagavulin","floor":8,"turns":11},{"damage":14,"enemies":"3 Sentries","floor":14,"turns":11},{"damage":22,"enemies":"Hexaghost","floor":16,"turns":9},{"damage":6,"enemies":"Shell Parasite","floor":18,"turns":9},{"damage":4,"enemies":"Spheric Guardian","floor":19,"turns":4},{"damage":6,"enemies":"3 Cultists","floor":20,"turns":5},{"damage":0,"enemies":"Centurion and Healer","floor":22,"turns":7},{"damage":9,"enemies":"Gremlin Leader","floor":24,"turns":4},{"damage":9,"enemies":"Snake Plant","floor":27,"turns":4},{"damage":13,"enemies":"Snecko","floor":28,"turns":6},{"damage":46,"enemies":"Cultist and Chosen","floor":29,"turns":5}],"seed_played":"-2787783071061540612","potions_obtained":[{"floor":2,"key":"Strength Potion"},{"floor":8,"key":"Energy Potion"},{"floor":13,"key":"PowerPotion"},{"floor":13,"key":"LiquidBronze"},{"floor":16,"key":"Energy Potion"},{"floor":27,"key":"Swift Potion"}],"is_trial":false,"path_per_floor":["M","M","$","M","M","E","R","E","T","R","?","?","?","E","R","B",null,"M","M","M","?","M","R","E","$","T","M","M","M"],"character_chosen":"THE_SILENT","items_purchased":["Dagger Throw","Medical Kit"],"campfire_rested":2,"item_purchase_floors":[3,25],"current_hp_per_floor":[58,57,57,57,43,27,48,27,27,48,48,53,53,39,39,17,62,56,52,46,46,46,46,37,37,37,28,17,0],"gold":292,"neow_bonus":"TEN_PERCENT_HP_BONUS","is_prod":false,"is_daily":false,"chose_seed":false,"campfire_upgraded":2,"win_rate":0,"timestamp":1556724799,"path_taken":["M","M","$","M","M","E","R","E","T","R","?","?","?","E","R","BOSS","M","M","?","?","?","R","E","$","T","M","M","M"],"build_version":"2019-01-23","purchased_purges":2,"victory":false,"max_hp_per_floor":[72,72,72,72,72,72,72,72,72,72,72,77,77,77,77,77,77,77,77,77,77,77,77,77,77,77,77,79,79],"card_choices":[{"not_picked":["Underhanded Strike","Choke"],"picked":"Deadly Poison","floor":1},{"not_picked":["PiercingWail","Blade Dance"],"picked":"Leg Sweep","floor":2},{"not_picked":["Bane","Prepared"],"picked":"Cloak And Dagger","floor":4},{"not_picked":["Underhanded Strike","Dagger Throw"],"picked":"Quick Slash","floor":5},{"not_picked":["Prepared","Concentrate"],"picked":"Deflect","floor":6},{"not_picked":["Slice","Cloak And Dagger","Concentrate"],"picked":"SKIP","floor":8},{"not_picked":["Flying Knee","Leg Sweep"],"picked":"Dodge and Roll","floor":14},{"not_picked":["Tools of the Trade","Malaise"],"picked":"Die Die Die","floor":16},{"not_picked":["Poisoned Stab","Blade Dance"],"picked":"Flechettes","floor":18},{"not_picked":["Bane+1","Poisoned Stab","Bouncing Flask"],"picked":"SKIP","floor":19},{"not_picked":["Backflip","Predator","Poisoned Stab"],"picked":"SKIP","floor":20},{"not_picked":["Dash","Cloak And Dagger","Expertise"],"picked":"SKIP","floor":22},{"not_picked":["Grand Finale","Backflip"],"picked":"Catalyst","floor":24},{"not_picked":["Deflect","Flying Knee"],"picked":"Bouncing Flask","floor":27},{"not_picked":["Underhanded Strike","Endless Agony","Poisoned Stab"],"picked":"Singing Bowl","floor":28}],"player_experience":588286,"relics_obtained":[{"floor":6,"key":"Old Coin"},{"floor":8,"key":"Mummified Hand"},{"floor":9,"key":"Bronze Scales"},{"floor":14,"key":"Vajra"},{"floor":24,"key":"Art of War"},{"floor":26,"key":"Singing Bowl"}],"event_choices":[{"cards_removed":["Strike_G"],"damage_healed":0,"gold_gain":0,"player_choice":"Card Removal","damage_taken":0,"max_hp_gain":0,"max_hp_loss":0,"event_name":"The Cleric","floor":11,"gold_loss":75},{"damage_healed":0,"gold_gain":0,"player_choice":"Donut","damage_taken":0,"max_hp_gain":5,"max_hp_loss":0,"event_name":"Big Fish","floor":12,"gold_loss":0},{"damage_healed":0,"gold_gain":0,"player_choice":"Bought 3 Potions","damage_taken":0,"max_hp_gain":0,"max_hp_loss":0,"event_name":"The Woman in Blue","floor":13,"gold_loss":0},{"damage_healed":0,"gold_gain":50,"player_choice":"Pray","damage_taken":0,"max_hp_gain":0,"max_hp_loss":0,"event_name":"Golden Shrine","floor":21,"gold_loss":0}],"is_beta":false,"boss_relics":[{"not_picked":["Black Star","Philosopher\u0027s Stone"],"picked":"Runic Pyramid"}],"items_purged_floors":[3,25],"is_endless":false,"potions_floor_spawned":[2,8,16,19,27],"killed_by":"Cultist and Chosen","ascension_level":19}