{"gold_per_floor":[116,291,291,366,386,386,386,418,443,443,135,135,135,162,162,162],"floor_reached":16,"playtime":280,"items_purged":[],"score":104,"play_id":"be24bb7e-9d49-4cff-a985-f0b750304b7e","local_time":"20190119161339","daily_mods":["Flight"],"is_ascension_mode":false,"campfire_choices":[{"data":"Whirlwind","floor":6,"key":"SMITH"},{"data":"Bash","floor":7,"key":"SMITH"},{"floor":12,"key":"REST"},{"floor":15,"key":"REST"}],"neow_cost":"","seed_source_timestamp":0,"circlet_count":0,"master_deck":["Strike_R","Strike_R+1","Strike_R","Strike_R","Strike_R+1","Defend_R","Defend_R","Defend_R","Defend_R","Bash+1","Whirlwind+1","Headbutt","Armaments+1","Cleave"],"relics":["Burning Blood","Juzu Bracelet","Bag of Marbles","Frozen Egg 2","Lantern"],"potions_floor_usage":[16,16],"damage_taken":[{"damage":6,"enemies":"Jaw Worm","floor":1,"turns":3},{"damage":7,"enemies":"2 Louse","floor":5,"turns":2},{"damage":28,"enemies":"Gremlin Nob","floor":8,"turns":4},{"damage":31,"enemies":"Lagavulin","floor":14,"turns":5},{"damage":39,"enemies":"Hexaghost","floor":16,"turns":9}],"seed_played":"-8278427178769362983","potions_obtained":[{"floor":1,"key":"EssenceOfSteel"},{"floor":5,"key":"SpeedPotion"},{"floor":8,"key":"Ancient Potion"}],"is_trial":true,"path_per_floor":["M","?","?","?","M","R","R","E","T","?","$","R","?","E","R","B"],"character_chosen":"IRONCLAD","items_purchased":["Frozen Egg 2","Armaments"],"campfire_rested":2,"item_purchase_floors":[11,11],"current_hp_per_floor":[80,80,73,62,61,61,61,39,39,23,23,47,47,22,46,7],"gold":162,"neow_bonus":"","is_prod":false,"is_daily":false,"chose_seed":false,"campfire_upgraded":2,"win_rate":0,"timestamp":1547882019,"path_taken":["M","?","?","?","?","R","R","E","T","?","$","R","?","E","R","BOSS"],"build_version":"2019-01-17v2","purchased_purges":0,"victory":false,"max_hp_per_floor":[80,80,80,80,80,80,80,80,80,80,80,80,80,80,80,80],"card_choices":[{"not_picked":["Intimidate","Evolve"],"picked":"Whirlwind","floor":1},{"not_picked":["Sword Boomerang","Iron Wave","Flex"],"picked":"SKIP","floor":5},{"not_picked":["Sword Boomerang","Iron Wave","Flex"],"picked":"SKIP","floor":5},{"not_picked":["Feel No Pain","Metallicize"],"picked":"Headbutt","floor":8},{"not_picked":["Burning Pact","Immolate"],"picked":"Cleave","floor":14}],"player_experience":304946,"relics_obtained":[{"floor":8,"key":"Juzu Bracelet"},{"floor":9,"key":"Bag of Marbles"},{"floor":14,"key":"Lantern"}],"event_choices":[{"damage_healed":0,"gold_gain":175,"player_choice":"AGREE","damage_taken":0,"max_hp_gain":0,"max_hp_loss":0,"event_name":"Liars Game","floor":2,"gold_loss":0,"cards_obtained":["Doubt"]},{"cards_removed":["Doubt"],"damage_healed":0,"gold_gain":0,"player_choice":"Card Removal","damage_taken":7,"max_hp_gain":0,"max_hp_loss":0,"event_name":"Golden Wing","floor":3,"gold_loss":0},{"damage_healed":0,"gold_gain":75,"player_choice":"Gather Gold","damage_taken":11,"max_hp_gain":0,"max_hp_loss":0,"event_name":"World of Goop","floor":4,"gold_loss":0},{"damage_healed":0,"gold_gain":0,"player_choice":"Entered Light","damage_taken":16,"max_hp_gain":0,"max_hp_loss":0,"event_name":"Shining Light","floor":10,"gold_loss":0,"cards_upgraded":["Strike_R","Strike_R"]},{"damage_healed":0,"gold_gain":0,"player_choice":"Grow","damage_taken":0,"max_hp_gain":0,"max_hp_loss":0,"event_name":"Living Wall","floor":13,"gold_loss":0,"cards_upgraded":["Armaments"]}],"is_beta":false,"boss_relics":[],"items_purged_floors":[],"is_endless":true,"potions_floor_spawned":[1,5,8],"killed_by":"Hexaghost","ascension_level":0}