{"gold_per_floor":[118,193,193,293,313,313,313,313,313,332,350,380,380,380,380,480,480,496,496,507,66,79,113,33,33,33,68,68,97,97,111,111,216,216,229,109,109,125,140,171,189,189],"floor_reached":42,"playtime":2593,"items_purged":["Strike_R","Strike_R","Defend_R"],"score":799,"play_id":"61ea4496-0d55-4c45-aabd-6451269dae53","local_time":"20190127012208","is_ascension_mode":true,"campfire_choices":[{"floor":6,"key":"REST"},{"floor":8,"key":"REST"},{"floor":13,"key":"REST"},{"floor":15,"key":"REST"},{"floor":28,"key":"REST"},{"floor":30,"key":"REST"},{"floor":32,"key":"REST"}],"neow_cost":"NONE","seed_source_timestamp":1320322270408131,"circlet_count":0,"master_deck":["AscendersBane","Defend_R+1","Bash+1","Demon Form","Heavy Blade","Inflame","Flex","Sword Boomerang","Sword Boomerang","Reaper","Iron Wave+1","Rage","Immolate+1","True Grit+1","Shrug It Off+1","Bite+1","Bite+1","Bite+1","Bite+1","Bite+1","Spot Weakness","Sword Boomerang+1","Flame Barrier+1","Feed+1","Flame Barrier","Rage+1","Shrug It Off","Disarm","Flex+1","Iron Wave+1","Ghostly Armor"],"relics":["Fusion Hammer","Prayer Wheel","Pear","Orichalcum","Sozu","Molten Egg 2","The Courier","Mercury Hourglass","Blue Candle","Empty Cage","Gremlin Horn"],"potions_floor_usage":[12,16,18],"damage_taken":[{"damage":3,"enemies":"Jaw Worm","floor":1,"turns":4},{"damage":2,"enemies":"2 Louse","floor":5,"turns":3},{"damage":2,"enemies":"Cultist","floor":10,"turns":3},{"damage":15,"enemies":"Large Slime","floor":11,"turns":4},{"damage":31,"enemies":"Lagavulin","floor":12,"turns":5},{"damage":36,"enemies":"The Guardian","floor":16,"turns":7},{"damage":6,"enemies":"3 Byrds","floor":18,"turns":4},{"damage":22,"enemies":"2 Thieves","floor":20,"turns":3},{"damage":6,"enemies":"Snecko","floor":22,"turns":3},{"damage":50,"enemies":"Slavers","floor":23,"turns":4},{"damage":36,"enemies":"Gremlin Leader","floor":27,"turns":7},{"damage":42,"enemies":"Book of Stabbing","floor":29,"turns":5},{"damage":26,"enemies":"Centurion and Healer","floor":31,"turns":4},{"damage":22,"enemies":"Collector","floor":33,"turns":6},{"damage":16,"enemies":"3 Shapes","floor":35,"turns":1},{"damage":11,"enemies":"Orb Walker","floor":38,"turns":3},{"damage":9,"enemies":"Transient","floor":39,"turns":5},{"damage":30,"enemies":"Reptomancer","floor":40,"turns":6},{"damage":26,"enemies":"4 Shapes","floor":41,"turns":2},{"damage":37,"enemies":"Nemesis","floor":42,"turns":2}],"seed_played":"8433026315761056559","potions_obtained":[{"floor":10,"key":"Regen Potion"},{"floor":12,"key":"Regen Potion"},{"floor":16,"key":"Swift Potion"}],"is_trial":false,"path_per_floor":["M","?","?","?","M","R","?","R","T","M","M","E","R","?","R","B",null,"M","?","M","$","M","E","$","?","T","E","R","E","R","M","R","B",null,"M","$","?","M","M","E","M","E"],"character_chosen":"IRONCLAD","items_purchased":["Molten Egg 2","Iron Wave+1","Rage","Shrug It Off"],"campfire_rested":7,"item_purchase_floors":[21,21,21,36],"current_hp_per_floor":[69,58,58,58,56,80,64,80,90,88,73,54,81,74,90,62,83,89,89,73,73,82,50,50,50,50,49,63,38,56,42,60,63,63,53,53,53,58,54,45,25,0],"gold":189,"neow_bonus":"BOSS_RELIC","is_prod":false,"is_daily":false,"chose_seed":false,"campfire_upgraded":0,"win_rate":0,"timestamp":1548544928,"path_taken":["M","?","?","?","?","R","?","R","T","M","M","E","R","?","R","BOSS","M","?","M","$","M","E","$","?","T","E","R","E","R","M","R","BOSS","M","$","?","M","M","E","?","E"],"build_version":"2019-01-23","purchased_purges":3,"victory":false,"max_hp_per_floor":[80,80,80,80,80,80,80,80,90,90,90,90,90,90,90,90,90,90,90,90,90,90,90,90,63,63,63,63,63,63,63,63,63,63,63,63,63,63,63,63,63,63],"card_choices":[{"not_picked":["Sentinel","Clash"],"picked":"Anger","floor":1},{"not_picked":["Second Wind","Wild Strike"],"picked":"Demon Form","floor":5},{"not_picked":["Armaments","Havoc"],"picked":"Heavy Blade","floor":5},{"not_picked":["Twin Strike","Armaments"],"picked":"Inflame","floor":10},{"not_picked":["Clash","Feel No Pain","Fire Breathing"],"picked":"SKIP","floor":10},{"not_picked":["Sever Soul","Twin Strike"],"picked":"Flex","floor":11},{"not_picked":["Flex","Havoc"],"picked":"Sword Boomerang","floor":11},{"not_picked":["Havoc","Thunderclap"],"picked":"Sword Boomerang","floor":12},{"not_picked":["Feed","Double Tap"],"picked":"Reaper","floor":16},{"not_picked":["Headbutt","Cleave","Wild Strike"],"picked":"SKIP","floor":18},{"not_picked":["Anger","Headbutt","Bloodletting"],"picked":"SKIP","floor":18},{"not_picked":["Perfected Strike+1","Clash","Uppercut"],"picked":"SKIP","floor":20},{"not_picked":["Pommel Strike","Blood for Blood","Twin Strike"],"picked":"SKIP","floor":20},{"not_picked":["Iron Wave+1","Warcry"],"picked":"Immolate+1","floor":22},{"not_picked":["Havoc","Infernal Blade"],"picked":"True Grit+1","floor":22},{"not_picked":["Body Slam+1","Carnage+1"],"picked":"Shrug It Off+1","floor":23},{"not_picked":["Immolate+1","Sword Boomerang+1"],"picked":"Spot Weakness","floor":27},{"not_picked":["Fire Breathing","Rampage+1","Cleave+1"],"picked":"SKIP","floor":29},{"not_picked":["Wild Strike+1","Fire Breathing"],"picked":"Sword Boomerang+1","floor":31},{"not_picked":["Thunderclap+1","Intimidate"],"picked":"Flame Barrier+1","floor":31},{"not_picked":["Juggernaut","Bludgeon+1"],"picked":"Feed+1","floor":33},{"not_picked":["Pommel Strike+1","Clash+1"],"picked":"Flame Barrier","floor":35},{"not_picked":["Flex","Heavy Blade+1"],"picked":"Rage+1","floor":35},{"not_picked":["Cleave+1","Anger+1","Combust+1"],"picked":"SKIP","floor":38},{"not_picked":["Cleave+1","Carnage+1","Thunderclap+1"],"picked":"SKIP","floor":38},{"not_picked":["Dual Wield","Clothesline+1"],"picked":"Flex+1","floor":39},{"not_picked":["Body Slam+1","Flex+1"],"picked":"Iron Wave+1","floor":39},{"not_picked":["Searing Blow+1","Disarm","Berserk"],"picked":"SKIP","floor":40},{"not_picked":["Intimidate+1","Armaments+1"],"picked":"Ghostly Armor","floor":41},{"not_picked":["Headbutt+1","Dual Wield","Flex"],"picked":"SKIP","floor":41}],"player_experience":395135,"relics_obtained":[{"floor":9,"key":"Pear"},{"floor":12,"key":"Orichalcum"},{"floor":23,"key":"The Courier"},{"floor":27,"key":"Mercury Hourglass"},{"floor":29,"key":"Blue Candle"},{"floor":40,"key":"Gremlin Horn"}],"event_choices":[{"damage_healed":0,"gold_gain":75,"player_choice":"Gather Gold","damage_taken":11,"max_hp_gain":0,"max_hp_loss":0,"event_name":"World of Goop","floor":2,"gold_loss":0},{"damage_healed":0,"gold_gain":0,"player_choice":"Box","damage_taken":0,"relics_obtained":["Prayer Wheel"],"max_hp_gain":0,"max_hp_loss":0,"event_name":"Big Fish","floor":3,"gold_loss":0,"cards_obtained":["Regret"]},{"damage_healed":0,"gold_gain":100,"player_choice":"Pray","damage_taken":0,"max_hp_gain":0,"max_hp_loss":0,"event_name":"Golden Shrine","floor":4,"gold_loss":0},{"damage_healed":0,"gold_gain":0,"player_choice":"Entered Light","damage_taken":16,"max_hp_gain":0,"max_hp_loss":0,"event_name":"Shining Light","floor":7,"gold_loss":0,"cards_upgraded":["Defend_R","Bash"]},{"cards_removed":["Regret"],"damage_healed":0,"gold_gain":0,"player_choice":"Card Removal","damage_taken":7,"max_hp_gain":0,"max_hp_loss":0,"event_name":"Golden Wing","floor":14,"gold_loss":0},{"damage_healed":0,"gold_gain":0,"player_choice":"Ignored","damage_taken":0,"max_hp_gain":0,"max_hp_loss":0,"event_name":"Ghosts","floor":19,"gold_loss":0},{"damage_healed":0,"gold_gain":0,"player_choice":"Became a vampire","damage_taken":0,"max_hp_gain":0,"max_hp_loss":27,"event_name":"Vampires","floor":25,"gold_loss":0,"cards_obtained":["Bite","Bite","Bite","Bite","Bite"]},{"damage_healed":0,"gold_gain":0,"cards_transformed":["Anger"],"player_choice":"Transformed","damage_taken":0,"max_hp_gain":0,"max_hp_loss":0,"event_name":"Transmorgrifier","floor":37,"gold_loss":0,"cards_obtained":["Disarm"]}],"is_beta":false,"boss_relics":[{"not_picked":["Runic Cube","Lizard Tail"],"picked":"Sozu"},{"not_picked":["Tiny House","Calling Bell"],"picked":"Empty Cage"}],"items_purged_floors":[21,24,36],"is_endless":false,"potions_floor_spawned":[10,12,16,18,22,23,33,35,39],"killed_by":"Nemesis","ascension_level":12}