{"gold_per_floor":[116,116,127,137,137,137,156,156,156,156,171,197,197,214,214,293,293,307,307,307,317,14,14],"floor_reached":23,"playtime":1947,"items_purged":["Doubt"],"score":334,"play_id":"19af161b-7013-4112-9339-64cb9a9723ff","local_time":"20190206141549","is_ascension_mode":true,"campfire_choices":[{"data":"Bash","floor":6.0,"key":"SMITH"},{"floor":10.0,"key":"REST"},{"floor":13.0,"key":"REST"},{"floor":15.0,"key":"REST"}],"neow_cost":"NONE","seed_source_timestamp":2231320234160079,"circlet_count":0,"master_deck":["AscendersBane","Strike_R","Strike_R","Strike_R","Defend_R","Defend_R","Defend_R","Bash+1","Dropkick","Warcry","Inflame+1","Shockwave","Limit Break","Shrug It Off","Dark Embrace+1","Rampage","Inflame+1","Flame Barrier"],"special_seed":0,"relics":["Cursed Key","Frozen Egg 2","Juzu Bracelet","Unceasing Top","Matryoshka","Empty Cage","Art of War","Anchor","Strawberry"],"potions_floor_usage":[21],"damage_taken":[{"damage":6.0,"enemies":"Small Slimes","floor":1.0,"turns":3.0},{"damage":0.0,"enemies":"Cultist","floor":3.0,"turns":3.0},{"damage":2.0,"enemies":"Jaw Worm","floor":4.0,"turns":2.0},{"damage":0.0,"enemies":"Large Slime","floor":7.0,"turns":6.0},{"damage":13.0,"enemies":"Exordium Wildlife","floor":11.0,"turns":4.0},{"damage":13.0,"enemies":"Lagavulin","floor":12.0,"turns":4.0},{"damage":10.0,"enemies":"Exordium Thugs","floor":14.0,"turns":4.0},{"damage":77.0,"enemies":"Hexaghost","floor":16.0,"turns":10.0},{"damage":9.0,"enemies":"Shell Parasite","floor":18.0,"turns":5.0},{"damage":40,"enemies":"Chosen","floor":21,"turns":5},{"damage":21,"enemies":"Centurion and Healer","floor":23,"turns":5}],"seed_played":"-8632407977230714071","potions_obtained":[{"floor":1.0,"key":"EssenceOfSteel"},{"floor":12.0,"key":"Explosive Potion"},{"floor":14.0,"key":"Regen Potion"},{"floor":16.0,"key":"EssenceOfSteel"},{"floor":18.0,"key":"BloodPotion"}],"is_trial":false,"path_per_floor":["M","?","M","M","T","R","M","?","T","R","M","E","R","M","R","B",null,"M","?","T","M","$","M"],"character_chosen":"IRONCLAD","items_purchased":["Flame Barrier","Strawberry"],"campfire_rested":3,"item_purchase_floors":[22,22],"current_hp_per_floor":[62,62,62,60,60,60,60,42,42,64,51,38,60,50,72,8,56,47,47,47,14,21,0],"gold":14,"neow_bonus":"BOSS_RELIC","is_prod":false,"is_daily":false,"chose_seed":false,"campfire_upgraded":1,"win_rate":0,"timestamp":1549455349,"path_taken":["M","?","?","M","?","R","M","?","T","R","M","E","R","M","R","BOSS","M","?","?","M","$","M"],"build_version":"2019-01-23","purchased_purges":1,"victory":false,"max_hp_per_floor":[75,75,75,75,75,75,75,75,75,75,75,75,75,75,75,75,72,72,72,72,72,79,79],"card_choices":[{"not_picked":["Evolve","Pommel Strike"],"picked":"Dropkick","floor":1.0},{"not_picked":["Anger","Iron Wave","Body Slam"],"picked":"SKIP","floor":3.0},{"not_picked":["Rupture","Havoc"],"picked":"Warcry","floor":4.0},{"not_picked":["Whirlwind","Havoc"],"picked":"Inflame+1","floor":7.0},{"not_picked":["Blood for Blood","Thunderclap","Body Slam"],"picked":"SKIP","floor":11.0},{"not_picked":["Double Tap","Thunderclap","Entrench"],"picked":"SKIP","floor":12.0},{"not_picked":["Wild Strike","Thunderclap"],"picked":"Shockwave","floor":14.0},{"not_picked":["Bludgeon","Feed"],"picked":"Limit Break","floor":16.0},{"not_picked":["Rupture+1","Reckless Charge"],"picked":"Shrug It Off","floor":18.0},{"not_picked":["Body Slam","Flex"],"picked":"Inflame+1","floor":21}],"player_experience":544325,"relics_obtained":[{"floor":5.0,"key":"Frozen Egg 2"},{"floor":9.0,"key":"Unceasing Top"},{"floor":12.0,"key":"Matryoshka"},{"floor":20.0,"key":"Art of War"},{"floor":20.0,"key":"Anchor"}],"event_choices":[{"cards_removed":["Strike_R"],"damage_healed":0.0,"max_hp_gain":0.0,"max_hp_loss":0.0,"gold_gain":0.0,"event_name":"Purifier","player_choice":"Purged","floor":2.0,"gold_loss":0.0,"damage_taken":0.0},{"damage_healed":0.0,"max_hp_gain":0.0,"max_hp_loss":0.0,"gold_gain":0.0,"event_name":"Scrap Ooze","player_choice":"Success","floor":8.0,"gold_loss":0.0,"damage_taken":18.0,"relics_obtained":["Juzu Bracelet"]},{"damage_healed":0.0,"max_hp_gain":0.0,"max_hp_loss":0.0,"gold_gain":0.0,"cards_transformed":["Strike_R","Defend_R"],"event_name":"Drug Dealer","player_choice":"Became Test Subject","floor":19.0,"gold_loss":0.0,"damage_taken":0.0,"cards_obtained":["Dark Embrace","Rampage"]}],"is_beta":false,"boss_relics":[{"not_picked":["Ectoplasm","Astrolabe"],"picked":"Empty Cage"}],"items_purged_floors":[22],"is_endless":false,"potions_floor_spawned":[1,12,14,16,18],"killed_by":"Centurion and Healer","ascension_level":15}