{"gold_per_floor":[114,126,126,201,211,211,224,234,234,67,142,177,177,209,209,313,313,324,55,55,55,154,154,179,228,228,239,254,45,45,73,73,178,178,191,211,38,38,55,55,85,97,109,121,8,8,27,41,41,41],"floor_reached":51,"playtime":3892,"items_purged":["Strike_G","Strike_G","Writhe"],"score":796,"play_id":"bee85ce2-4dca-44cb-89dd-d378e809f496","local_time":"20181104180210","is_ascension_mode":false,"campfire_choices":[{"data":"Blade Dance","floor":6,"key":"SMITH"},{"data":"Choke","floor":13,"key":"SMITH"},{"floor":15,"key":"REST"},{"data":"Cloak And Dagger","floor":23,"key":"SMITH"},{"floor":30,"key":"REST"},{"data":"Wraith Form v2","floor":32,"key":"SMITH"},{"data":"Adrenaline","floor":40,"key":"SMITH"},{"data":"Envenom","floor":44,"key":"SMITH"},{"data":"Infinite Blades","floor":46,"key":"SMITH"},{"data":"Accuracy","floor":49,"key":"SMITH"}],"neow_cost":"NONE","seed_source_timestamp":1633662058123027,"circlet_count":0,"master_deck":["Defend_G","Defend_G","Defend_G","Defend_G","Strike_G","Strike_G","Strike_G","Survivor","Neutralize","Poisoned Stab","Backflip","Blade Dance+1","PiercingWail","Poisoned Stab","Quick Slash","Corpse Explosion","Choke+1","Wraith Form v2+1","Adrenaline+1","Cloak And Dagger+1","Accuracy+1","Infinite Blades+1","Acrobatics","Expertise","Well Laid Plans","Sadistic Nature","Envenom+1","PiercingWail","Unload","Terror"],"relics":["Ring of the Snake","Art of War","Orichalcum","Letter Opener","Sozu","Oddly Smooth Stone","Tingsha","Boot","Bronze Scales","Happy Flower","Busted Crown","MawBank","Pear"],"potions_floor_usage":[12,31,33,50],"damage_taken":[{"damage":0,"enemies":"Small Slimes","floor":1,"turns":5},{"damage":0,"enemies":"Cultist","floor":2,"turns":3},{"damage":0,"enemies":"2 Louse","floor":5,"turns":2},{"damage":4,"enemies":"Large Slime","floor":7,"turns":6},{"damage":7,"enemies":"Looter","floor":8,"turns":3},{"damage":3,"enemies":"Gremlin Nob","floor":12,"turns":3},{"damage":3,"enemies":"3 Sentries","floor":14,"turns":3},{"damage":42,"enemies":"The Guardian","floor":16,"turns":11},{"damage":0,"enemies":"3 Byrds","floor":18,"turns":2},{"damage":38,"enemies":"Gremlin Leader","floor":24,"turns":6},{"damage":0,"enemies":"Shell Parasite","floor":27,"turns":2},{"damage":3,"enemies":"3 Cultists","floor":28,"turns":3},{"damage":0,"enemies":"Slavers","floor":31,"turns":2},{"damage":0,"enemies":"Automaton","floor":33,"turns":8},{"damage":1,"enemies":"3 Shapes","floor":35,"turns":2},{"damage":0,"enemies":"Orb Walker","floor":36,"turns":4},{"damage":18,"enemies":"4 Shapes","floor":39,"turns":3},{"damage":0,"enemies":"Nemesis","floor":41,"turns":5},{"damage":0,"enemies":"Transient","floor":47,"turns":5},{"damage":6,"enemies":"Sphere and 2 Shapes","floor":48,"turns":5},{"damage":77,"enemies":"Awakened One","floor":50,"turns":10}],"seed_played":"-3612878939000734101","potions_obtained":[{"floor":5,"key":"Strength Potion"},{"floor":7,"key":"EssenceOfSteel"},{"floor":8,"key":"Weak Potion"},{"floor":12,"key":"Energy Potion"}],"is_trial":false,"path_per_floor":["M","M","?","?","M","R","M","M","T","$","?","E","R","E","R","B",null,"M","$","?","?","?","R","E","T","T","M","M","$","R","E","R","B",null,"M","M","$","?","M","R","E","?","T","R","$","R","M","M","R","B",null],"character_chosen":"THE_SILENT","items_purchased":["Quick Slash","Corpse Explosion","Oddly Smooth Stone","Accuracy","Well Laid Plans","Sadistic Nature","Unload"],"campfire_rested":2,"item_purchase_floors":[10,10,19,19,29,29,37],"current_hp_per_floor":[77,77,77,70,70,70,66,59,59,59,48,45,45,42,65,23,77,77,77,63,63,63,63,25,25,25,25,22,22,46,46,46,46,82,81,81,81,81,63,63,63,82,92,92,92,92,92,86,86,9],"gold":41,"neow_bonus":"TEN_PERCENT_HP_BONUS","is_prod":false,"is_daily":false,"chose_seed":false,"campfire_upgraded":8,"win_rate":0.0,"timestamp":1541372530,"path_taken":["M","M","?","?","?","R","M","M","T","$","?","E","R","E","R","BOSS","M","$","?","?","?","R","E","?","T","?","M","?","R","E","R","BOSS","M","?","$","?","M","R","E","?","T","R","$","R","M","M","R","BOSS"],"build_version":"2018-11-01","purchased_purges":3,"victory":true,"max_hp_per_floor":[77,77,77,77,77,77,77,77,77,77,77,77,77,77,77,77,77,77,77,82,82,82,82,82,82,82,82,82,82,82,82,82,82,82,82,82,82,82,82,82,82,82,92,92,92,92,92,92,92,92],"card_choices":[{"not_picked":["Acrobatics","Slice"],"picked":"Poisoned Stab","floor":1},{"not_picked":["Crippling Poison","Leg Sweep"],"picked":"Backflip","floor":2},{"not_picked":["Sucker Punch","Caltrops"],"picked":"Blade Dance","floor":5},{"not_picked":["Outmaneuver","Bane"],"picked":"PiercingWail","floor":7},{"not_picked":["Blade Dance","Deadly Poison"],"picked":"Poisoned Stab","floor":8},{"not_picked":["Sucker Punch","Skewer"],"picked":"Choke","floor":12},{"not_picked":["Sucker Punch","Distraction"],"picked":"Wraith Form v2","floor":14},{"not_picked":["Tools of the Trade","Corpse Explosion"],"picked":"Adrenaline","floor":16},{"not_picked":["Backflip+1","Footwork"],"picked":"Cloak And Dagger","floor":18},{"not_picked":["Deadly Poison","Noxious Fumes"],"picked":"Infinite Blades","floor":24},{"not_picked":["Accuracy","Deadly Poison+1"],"picked":"Acrobatics","floor":27},{"not_picked":["Blade Dance","Cloak And Dagger"],"picked":"Expertise","floor":28},{"not_picked":["Slice","Backflip","Storm of Steel"],"picked":"SKIP","floor":31},{"not_picked":["Night Terror","Doppelganger"],"picked":"Envenom","floor":33},{"not_picked":[],"picked":"PiercingWail","floor":35},{"not_picked":["Deflect"],"picked":"SKIP","floor":36},{"not_picked":["Riddle With Holes"],"picked":"SKIP","floor":39},{"not_picked":["Dash"],"picked":"SKIP","floor":41},{"not_picked":["Calculated Gamble"],"picked":"SKIP","floor":47},{"not_picked":[],"picked":"Terror","floor":48}],"player_experience":99990,"relics_obtained":[{"floor":9,"key":"Art of War"},{"floor":12,"key":"Orichalcum"},{"floor":14,"key":"Letter Opener"},{"floor":24,"key":"Tingsha"},{"floor":25,"key":"Boot"},{"floor":26,"key":"Bronze Scales"},{"floor":31,"key":"Happy Flower"},{"floor":41,"key":"MawBank"},{"floor":43,"key":"Pear"}],"event_choices":[{"damage_healed":0,"gold_gain":0,"player_choice":"Leave","damage_taken":0,"max_hp_gain":0,"max_hp_loss":0,"event_name":"The Cleric","floor":3,"gold_loss":0},{"damage_healed":0,"gold_gain":75,"player_choice":"Touch","damage_taken":7,"max_hp_gain":0,"max_hp_loss":0,"event_name":"FaceTrader","floor":4,"gold_loss":0},{"damage_healed":0,"gold_gain":75,"player_choice":"Gather Gold","damage_taken":11,"max_hp_gain":0,"max_hp_loss":0,"event_name":"World of Goop","floor":11,"gold_loss":0},{"damage_healed":0,"gold_gain":0,"player_choice":"Shed Blood","damage_taken":19,"max_hp_gain":5,"max_hp_loss":0,"event_name":"Forgotten Altar","floor":20,"gold_loss":0},{"damage_healed":0,"gold_gain":0,"player_choice":"Ignored","damage_taken":0,"max_hp_gain":0,"max_hp_loss":0,"event_name":"Ghosts","floor":21,"gold_loss":0},{"damage_healed":0,"gold_gain":99,"player_choice":"Stole From Cult","damage_taken":0,"max_hp_gain":0,"max_hp_loss":0,"event_name":"Nest","floor":22,"gold_loss":0},{"cards_removed":["Defend_G"],"damage_healed":0,"gold_gain":0,"player_choice":"Removed Skill","damage_taken":0,"max_hp_gain":0,"max_hp_loss":0,"event_name":"Falling","floor":38,"gold_loss":0},{"damage_healed":21,"gold_gain":0,"player_choice":"Writhe","damage_taken":0,"max_hp_gain":0,"max_hp_loss":0,"event_name":"Winding Halls","floor":42,"gold_loss":0,"cards_obtained":["Writhe"]}],"is_beta":false,"boss_relics":[{"not_picked":["Astrolabe","Lizard Tail"],"picked":"Sozu"},{"not_picked":["Empty Cage","Coffee Dripper"],"picked":"Busted Crown"}],"items_purged_floors":[19,37,45],"is_endless":false,"potions_floor_spawned":[5,7,8,12,24,27,31,35,36,39,48],"ascension_level":0}