{"gold_per_floor":[20,20,37,37,56,88,88,100,127,147,161,161,190,220,220,324,324,344,344,37,37,55,55,2,29,29,29,29,40,40,66,66,66],"floor_reached":33,"playtime":1657,"items_purged":["Writhe"],"score":343,"play_id":"07d1d8f2-b55d-47d0-9f0d-a62f2d00902c","local_time":"20190517135633","is_ascension_mode":false,"campfire_choices":[{"data":"Bouncing Flask","floor":7,"key":"SMITH"},{"data":"Dagger Spray","floor":12,"key":"SMITH"},{"data":"Skewer","floor":15,"key":"SMITH"},{"data":"Noxious Fumes","floor":23,"key":"SMITH"},{"data":"Footwork","floor":28,"key":"PURGE"},{"data":"Quick Slash","floor":30,"key":"SMITH"},{"floor":32,"key":"REST"}],"neow_cost":"NO_GOLD","seed_source_timestamp":47786854407400,"circlet_count":0,"master_deck":["Defend_G","Defend_G","Defend_G","Defend_G","Defend_G","Strike_G","Strike_G","Strike_G","Strike_G","Strike_G","Survivor","Neutralize","Dagger Spray+1","Bouncing Flask+1","Dagger Spray","Predator","Dagger Spray","Poisoned Stab","Skewer+1","Night Terror","Deadly Poison","Noxious Fumes+1","Backflip","Dagger Spray","Quick Slash+1","Eviscerate+1","Dagger Spray+1"],"relics":["Ring of the Snake","PreservedInsect","Boot","Blood Vial","Velvet Choker","Calipers","TwistedFunnel","Peace Pipe","Letter Opener","Ancient Tea Set"],"potions_floor_usage":[16],"damage_taken":[{"damage":0,"enemies":"Small Slimes","floor":1,"turns":5},{"damage":0,"enemies":"Cultist","floor":3,"turns":4},{"damage":0,"enemies":"2 Louse","floor":5,"turns":2},{"damage":35,"enemies":"Lagavulin","floor":6,"turns":8},{"damage":2,"enemies":"Looter","floor":8,"turns":3},{"damage":0,"enemies":"3 Louse","floor":10,"turns":1},{"damage":1,"enemies":"2 Fungi Beasts","floor":11,"turns":2},{"damage":4,"enemies":"3 Sentries","floor":13,"turns":2},{"damage":57,"enemies":"Hexaghost","floor":16,"turns":10},{"damage":2,"enemies":"Chosen","floor":18,"turns":4},{"damage":34,"enemies":"2 Thieves","floor":22,"turns":4},{"damage":0,"enemies":"Gremlin Leader","floor":25,"turns":5},{"damage":5,"enemies":"Snake Plant","floor":29,"turns":3},{"damage":28,"enemies":"Book of Stabbing","floor":31,"turns":4},{"damage":67,"enemies":"Automaton","floor":33,"turns":6}],"seed_played":"5574358031672321719","potions_obtained":[{"floor":4,"key":"Regen Potion"},{"floor":4,"key":"LiquidBronze"},{"floor":4,"key":"Dexterity Potion"},{"floor":5,"key":"SpeedPotion"},{"floor":13,"key":"SkillPotion"},{"floor":16,"key":"PowerPotion"}],"is_trial":false,"path_per_floor":["M","$","M","?","M","E","R","M","T","M","M","R","E","?","R","B",null,"M","?","$","?","M","R","$","E","T","?","R","M","R","E","R","B"],"character_chosen":"THE_SILENT","items_purchased":["TwistedFunnel","Noxious Fumes","Dagger Spray"],"campfire_rested":1,"item_purchase_floors":[20,20,24],"current_hp_per_floor":[84,84,84,84,84,49,49,47,47,47,46,46,42,42,42,2,84,82,82,82,82,50,50,50,52,52,52,52,49,49,23,48,0],"gold":66,"neow_bonus":"TWENTY_PERCENT_HP_BONUS","is_prod":false,"is_daily":false,"chose_seed":false,"campfire_upgraded":5,"win_rate":0.0,"timestamp":1558115793,"path_taken":["M","$","M","?","M","E","R","M","T","?","M","R","E","?","R","BOSS","M","?","$","?","M","R","$","E","T","?","R","M","R","E","R","BOSS"],"build_version":"2019-01-23","purchased_purges":1,"victory":false,"max_hp_per_floor":[84,84,84,84,84,84,84,84,84,84,84,84,84,84,84,84,84,84,84,84,84,84,84,84,84,84,84,84,84,84,84,84,84],"card_choices":[{"not_picked":["Deadly Poison","Slice"],"picked":"Dagger Spray","floor":1},{"not_picked":["Deadly Poison","Outmaneuver"],"picked":"Bouncing Flask","floor":3},{"not_picked":["Prepared","Distraction"],"picked":"Dagger Spray","floor":5},{"not_picked":["PiercingWail","Underhanded Strike"],"picked":"Predator","floor":6},{"not_picked":["Underhanded Strike","Acrobatics"],"picked":"Dagger Spray","floor":8},{"not_picked":["Leg Sweep","Dodge and Roll"],"picked":"Poisoned Stab","floor":10},{"not_picked":["Masterful Stab","Underhanded Strike"],"picked":"Footwork","floor":11},{"not_picked":["Poisoned Stab","All Out Attack"],"picked":"Skewer","floor":13},{"not_picked":["Wraith Form v2","After Image"],"picked":"Night Terror","floor":16},{"not_picked":["Backflip","Choke"],"picked":"Deadly Poison","floor":18},{"not_picked":["Sucker Punch","Infinite Blades+1"],"picked":"Backflip","floor":22},{"not_picked":["Underhanded Strike","Infinite Blades+1"],"picked":"Quick Slash","floor":25},{"not_picked":["Flechettes","Backflip"],"picked":"Eviscerate+1","floor":29},{"not_picked":["Eviscerate","All Out Attack"],"picked":"Dagger Spray+1","floor":31}],"player_experience":6498,"relics_obtained":[{"floor":6,"key":"PreservedInsect"},{"floor":9,"key":"Boot"},{"floor":13,"key":"Blood Vial"},{"floor":25,"key":"Peace Pipe"},{"floor":26,"key":"Letter Opener"},{"floor":31,"key":"Ancient Tea Set"}],"event_choices":[{"damage_healed":0,"gold_gain":0,"player_choice":"Got Potions","damage_taken":0,"max_hp_gain":0,"max_hp_loss":0,"event_name":"Lab","floor":4,"gold_loss":0},{"damage_healed":0,"gold_gain":30,"player_choice":"Searched \u00272\u0027 times","damage_taken":0,"max_hp_gain":0,"max_hp_loss":0,"event_name":"Dead Adventurer","floor":14,"gold_loss":0},{"damage_healed":0,"gold_gain":0,"player_choice":"Opened","damage_taken":0,"relics_obtained":["Calipers"],"max_hp_gain":0,"max_hp_loss":0,"event_name":"The Mausoleum","floor":19,"gold_loss":0,"cards_obtained":["Writhe"]},{"damage_healed":0,"gold_gain":0,"player_choice":"Ignored","damage_taken":0,"max_hp_gain":0,"max_hp_loss":0,"event_name":"Ghosts","floor":21,"gold_loss":0},{"damage_healed":0,"gold_gain":0,"player_choice":"Ignored","damage_taken":0,"max_hp_gain":0,"max_hp_loss":0,"event_name":"Beggar","floor":27,"gold_loss":0}],"is_beta":false,"boss_relics":[{"not_picked":["Calling Bell","Busted Crown"],"picked":"Velvet Choker"}],"items_purged_floors":[20],"is_endless":false,"potions_floor_spawned":[5,8,13,16,22,29],"killed_by":"Automaton","ascension_level":0}