{"gold_per_floor":[144,189,189,234,159,159,204,249,249,339,384,429,519,519,519,519],"floor_reached":16,"playtime":1057,"items_purged":[],"score":114,"play_id":"99c4ac38-d693-42ad-a3aa-c03ac64034f7","local_time":"20190517131342","daily_mods":["SealedDeck","Colorless Cards","Midas"],"is_ascension_mode":false,"campfire_choices":[{"floor":6,"key":"REST"},{"floor":15,"key":"REST"}],"neow_cost":"","seed_source_timestamp":44491155328400,"circlet_count":0,"master_deck":["Evolve","Heavy Blade","Heavy Blade","Iron Wave","Shrug It Off","Pommel Strike","Shrug It Off","Iron Wave","Cleave","Pommel Strike","Armaments","Combust","Regret","Finesse","Clothesline","Armaments","Body Slam","Dramatic Entrance","Cleave","Cleave","Anger","Metallicize","Offering"],"special_seed":18033,"relics":["Burning Blood","Shuriken","Matryoshka","Omamori"],"potions_floor_usage":[],"damage_taken":[{"damage":0,"enemies":"2 Louse","floor":1,"turns":2},{"damage":0,"enemies":"Cultist","floor":2,"turns":5},{"damage":18,"enemies":"Jaw Worm","floor":4,"turns":4},{"damage":12,"enemies":"3 Louse","floor":7,"turns":3},{"damage":7,"enemies":"Red Slaver","floor":8,"turns":4},{"damage":18,"enemies":"Gremlin Nob","floor":10,"turns":4},{"damage":8,"enemies":"Gremlin Gang","floor":11,"turns":2},{"damage":12,"enemies":"2 Fungi Beasts","floor":12,"turns":3},{"damage":36,"enemies":"Lagavulin","floor":13,"turns":7},{"damage":73,"enemies":"Hexaghost","floor":16,"turns":9}],"seed_played":"-1612289906937748911","potions_obtained":[{"floor":7,"key":"BloodPotion"},{"floor":8,"key":"Energy Potion"},{"floor":11,"key":"Regen Potion"}],"is_trial":false,"path_per_floor":["M","M","?","M","$","R","M","M","T","E","M","M","E","?","R","B"],"character_chosen":"IRONCLAD","items_purchased":["Armaments","Body Slam"],"campfire_rested":2,"item_purchase_floors":[5,5],"current_hp_per_floor":[80,80,80,68,68,80,74,73,73,61,59,53,23,49,73,0],"gold":519,"neow_bonus":"","is_prod":false,"is_daily":true,"chose_seed":false,"campfire_upgraded":0,"win_rate":0.0,"timestamp":1558113222,"path_taken":["M","M","?","?","$","R","M","M","T","E","M","M","E","?","R","BOSS"],"build_version":"2019-01-23","purchased_purges":0,"victory":false,"max_hp_per_floor":[80,80,80,80,80,80,80,80,80,80,80,80,80,80,80,80],"card_choices":[{"not_picked":["Iron Wave","Deep Breath"],"picked":"Armaments","floor":1},{"not_picked":["Anger","Immolate"],"picked":"Combust","floor":2},{"not_picked":["Shrug It Off","Iron Wave"],"picked":"Clothesline","floor":4},{"not_picked":["Body Slam","Havoc"],"picked":"Dramatic Entrance","floor":7},{"not_picked":["Clash","Infernal Blade"],"picked":"Cleave","floor":8},{"not_picked":["Iron Wave","Warcry"],"picked":"Cleave","floor":10},{"not_picked":["Flex","Jack Of All Trades"],"picked":"Anger","floor":11},{"not_picked":["Twin Strike","Infernal Blade"],"picked":"Metallicize","floor":12},{"not_picked":["Iron Wave","Enlightenment"],"picked":"Offering","floor":13}],"player_experience":5441,"relics_obtained":[{"floor":9,"key":"Shuriken"},{"floor":10,"key":"Matryoshka"},{"floor":13,"key":"Omamori"}],"event_choices":[{"damage_healed":0,"gold_gain":0,"player_choice":"2 cards matched","damage_taken":0,"max_hp_gain":0,"max_hp_loss":0,"event_name":"Match and Keep!","floor":3,"gold_loss":0,"cards_obtained":["Regret","Finesse"]},{"damage_healed":26,"gold_gain":0,"player_choice":"Banana","damage_taken":0,"max_hp_gain":0,"max_hp_loss":0,"event_name":"Big Fish","floor":14,"gold_loss":0}],"is_beta":false,"boss_relics":[],"items_purged_floors":[],"is_endless":false,"potions_floor_spawned":[7,8,11],"killed_by":"Hexaghost","ascension_level":0}