{"gold_per_floor":[110,110,130,140,20,55,55,69,69,69,98,50,50,64,64,162,162,172,0,0,10,10,10,10,23,49,49,49,77,77,77,77,180,180,193,193,93,104,152,152,168,268,268,268,281,307,31,42,42,42],"floor_reached":50,"playtime":3761,"items_purged":["Strike_R","Strike_R","Strike_R"],"score":744,"play_id":"f01ccb47-c393-4861-a0fc-090ced2a8f8a","local_time":"20190121135914","is_ascension_mode":true,"campfire_choices":[{"floor":7.0,"key":"REST"},{"data":"Shockwave","floor":10.0,"key":"SMITH"},{"data":"Shrug It Off","floor":15.0,"key":"SMITH"},{"data":"Pommel Strike","floor":23,"key":"SMITH"},{"floor":27,"key":"REST"},{"data":"Flame Barrier","floor":30,"key":"SMITH"},{"floor":32,"key":"REST"},{"floor":40,"key":"REST"},{"floor":49,"key":"REST"}],"neow_cost":"NONE","seed_source_timestamp":846056805295242,"circlet_count":0,"master_deck":["Strike_R","Defend_R","Defend_R","Defend_R","Bash","Pommel Strike+1","Shockwave+1","Shrug It Off+1","Cleave","Immolate","Pommel Strike+1","Spot Weakness","Shrug It Off","Dropkick","Immolate","Iron Wave+1","Dropkick","J.A.X.","Whirlwind+1","Flame Barrier+1","Demon Form","Shrug It Off","Burning Pact","Armaments+1","Thinking Ahead","Wild Strike"],"special_seed":0,"relics":["Burning Blood","NeowsBlessing","Champion Belt","FossilizedHelix","Du-Vu Doll","Sozu","Kunai","The Courier","Enchiridion","Busted Crown","Unceasing Top","Magic Flower","Frozen Egg 2","Shuriken"],"potions_floor_usage":[29],"damage_taken":[{"damage":0.0,"enemies":"2 Louse","floor":1.0,"turns":1.0},{"damage":0.0,"enemies":"Cultist","floor":3.0,"turns":1.0},{"damage":0.0,"enemies":"Small Slimes","floor":4.0,"turns":1.0},{"damage":27.0,"enemies":"3 Sentries","floor":6.0,"turns":9.0},{"damage":0.0,"enemies":"2 Fungi Beasts","floor":8.0,"turns":2.0},{"damage":2.0,"enemies":"Lagavulin","floor":11.0,"turns":6.0},{"damage":0.0,"enemies":"3 Louse","floor":14.0,"turns":1.0},{"damage":33.0,"enemies":"Slime Boss","floor":16.0,"turns":8.0},{"damage":11.0,"enemies":"Spheric Guardian","floor":18.0,"turns":4.0},{"damage":6.0,"enemies":"Chosen","floor":21.0,"turns":3.0},{"damage":18,"enemies":"Shelled Parasite and Fungi","floor":25,"turns":4},{"damage":15,"enemies":"Book of Stabbing","floor":29,"turns":4},{"damage":71,"enemies":"Automaton","floor":33,"turns":9},{"damage":0,"enemies":"Orb Walker","floor":35,"turns":3},{"damage":9,"enemies":"3 Darklings","floor":38,"turns":3},{"damage":25,"enemies":"2 Orb Walkers","floor":39,"turns":4},{"damage":0,"enemies":"Transient","floor":41,"turns":5},{"damage":0,"enemies":"Mind Bloom Boss Battle","floor":42,"turns":5},{"damage":24,"enemies":"4 Shapes","floor":45,"turns":2},{"damage":9,"enemies":"Giant Head","floor":46,"turns":7},{"damage":0,"enemies":"Maw","floor":48,"turns":6},{"damage":78,"enemies":"Awakened One","floor":50,"turns":9}],"seed_played":"4079653418416771843","potions_obtained":[{"floor":4.0,"key":"Strength Potion"},{"floor":6.0,"key":"GamblersBrew"},{"floor":8.0,"key":"Explosive Potion"},{"floor":14.0,"key":"Strength Potion"},{"floor":16.0,"key":"LiquidBronze"}],"is_trial":false,"path_per_floor":["M","?","M","M","$","E","R","M","T","R","E","$","?","M","R","B",null,"M","?","?","M","?","R","T","M","T","R","$","E","R","?","R","B",null,"M","?","$","M","?","R","M","?","T","?","M","E","$","M","R","B"],"character_chosen":"IRONCLAD","items_purchased":["Cleave","Shrug It Off","Shrug It Off","Thinking Ahead","Wild Strike"],"campfire_rested":5,"item_purchase_floors":[5,12,37,47,47],"current_hp_per_floor":[78,78,80,80,80,59,80,80,80,80,80,80,80,80,80,53,73,68,68,68,68,68,68,68,56,56,80,80,71,71,55,79,14,64,70,70,70,67,48,70,76,76,76,76,61,61,61,70,76,0],"gold":42,"neow_bonus":"THREE_ENEMY_KILL","is_prod":false,"is_daily":false,"chose_seed":false,"campfire_upgraded":4,"win_rate":0,"timestamp":1548071954,"path_taken":["M","?","M","?","$","E","R","M","T","R","E","$","?","?","R","BOSS","M","?","?","M","?","R","?","M","T","R","?","E","R","?","R","BOSS","M","?","$","M","?","R","M","?","T","?","M","E","?","?","R","BOSS"],"build_version":"2019-01-17v2","purchased_purges":3,"victory":false,"max_hp_per_floor":[80,80,80,80,80,80,80,80,80,80,80,80,80,80,80,80,80,80,80,80,80,80,80,80,80,80,80,80,80,80,80,80,80,80,80,76,76,76,76,76,76,76,76,76,76,76,76,76,76,76],"card_choices":[{"not_picked":["Armaments","Bloodletting"],"picked":"Pommel Strike","floor":1.0},{"not_picked":["Warcry","Flex"],"picked":"Shockwave","floor":3.0},{"not_picked":["Pommel Strike","Wild Strike"],"picked":"Shrug It Off","floor":4.0},{"not_picked":["Rupture","Cleave"],"picked":"Immolate","floor":6.0},{"not_picked":["Wild Strike","Clothesline"],"picked":"Pommel Strike","floor":8.0},{"not_picked":["Shrug It Off","Reaper"],"picked":"Spot Weakness","floor":11.0},{"not_picked":["Evolve","Combust"],"picked":"Dropkick","floor":14.0},{"not_picked":["Bludgeon","Berserk"],"picked":"Immolate","floor":16.0},{"not_picked":["Armaments","Cleave"],"picked":"Iron Wave+1","floor":18.0},{"not_picked":["Corruption+1","Warcry"],"picked":"Dropkick","floor":21.0},{"not_picked":["Battle Trance","Disarm"],"picked":"Whirlwind+1","floor":25},{"not_picked":["Dual Wield","Entrench"],"picked":"Flame Barrier","floor":29},{"not_picked":["Bludgeon","Brutality"],"picked":"Demon Form","floor":33},{"not_picked":["True Grit"],"picked":"SKIP","floor":35},{"not_picked":["Whirlwind+1"],"picked":"SKIP","floor":38},{"not_picked":[],"picked":"Burning Pact","floor":39},{"not_picked":["Twin Strike"],"picked":"SKIP","floor":41},{"not_picked":[],"picked":"Armaments+1","floor":42},{"not_picked":["Iron Wave+1"],"picked":"SKIP","floor":45},{"not_picked":["Second Wind+1"],"picked":"SKIP","floor":46},{"not_picked":["Twin Strike"],"picked":"SKIP","floor":48}],"player_experience":330791,"relics_obtained":[{"floor":6.0,"key":"Champion Belt"},{"floor":9.0,"key":"FossilizedHelix"},{"floor":11.0,"key":"Du-Vu Doll"},{"floor":24,"key":"Kunai"},{"floor":29,"key":"The Courier"},{"floor":31,"key":"Enchiridion"},{"floor":39,"key":"Unceasing Top"},{"floor":42,"key":"Magic Flower"},{"floor":43,"key":"Frozen Egg 2"},{"floor":46,"key":"Shuriken"}],"event_choices":[{"damage_healed":0.0,"max_hp_gain":0.0,"max_hp_loss":0.0,"gold_gain":0.0,"event_name":"Upgrade Shrine","player_choice":"Upgraded","floor":2.0,"gold_loss":0.0,"damage_taken":0.0,"cards_upgraded":["Pommel Strike"]},{"cards_removed":["Strike_R"],"damage_healed":0.0,"max_hp_gain":0.0,"max_hp_loss":0.0,"gold_gain":0.0,"event_name":"Purifier","player_choice":"Purged","floor":13.0,"gold_loss":0.0,"damage_taken":0.0},{"damage_healed":0.0,"max_hp_gain":0.0,"max_hp_loss":0.0,"gold_gain":0.0,"event_name":"Masked Bandits","player_choice":"Paid Fearfully","floor":19.0,"gold_loss":172.0,"damage_taken":0.0},{"damage_healed":0.0,"max_hp_gain":0.0,"max_hp_loss":0.0,"gold_gain":0.0,"event_name":"Beggar","player_choice":"Ignored","floor":20.0,"gold_loss":0.0,"damage_taken":0.0},{"damage_healed":0,"gold_gain":0,"player_choice":"Obtain J.A.X.","damage_taken":0,"max_hp_gain":0,"max_hp_loss":0,"event_name":"Drug Dealer","floor":22,"gold_loss":0,"cards_obtained":["J.A.X."]},{"damage_healed":0,"gold_gain":0,"player_choice":"Obtained Book","damage_taken":16,"max_hp_gain":0,"max_hp_loss":0,"event_name":"Cursed Tome","floor":31,"gold_loss":0},{"damage_healed":0,"gold_gain":0,"player_choice":"Max HP","damage_taken":0,"max_hp_gain":0,"max_hp_loss":4,"event_name":"Winding Halls","floor":36,"gold_loss":0},{"damage_healed":0,"gold_gain":0,"player_choice":"Fight","damage_taken":0,"max_hp_gain":0,"max_hp_loss":0,"event_name":"Mysterious Sphere","floor":39,"gold_loss":0},{"damage_healed":0,"gold_gain":0,"player_choice":"Fight","damage_taken":0,"max_hp_gain":0,"max_hp_loss":0,"event_name":"MindBloom","floor":42,"gold_loss":0},{"cards_removed":["Defend_R"],"damage_healed":0,"gold_gain":0,"player_choice":"Removed Skill","damage_taken":0,"max_hp_gain":0,"max_hp_loss":0,"event_name":"Falling","floor":44,"gold_loss":0}],"is_beta":false,"boss_relics":[{"not_picked":["Astrolabe","Calling Bell"],"picked":"Sozu"},{"not_picked":["Black Blood","Eternal Feather"],"picked":"Busted Crown"}],"items_purged_floors":[5,37,47],"is_endless":false,"potions_floor_spawned":[4,6,8,14,16,18,25,38,39,45],"killed_by":"Awakened One","ascension_level":9}