{"gold_per_floor":[11,26,52,52,67,67,67,101,401,401,401,442,455,455,455,585,585,598,206,206,181,196,196,74,95,121,121,121,161,161,197,197,326,326,351,351,351,50,69,69,109,60,128,144,144,182,201,214,214,214,214,214,68,109,109],"floor_reached":56,"playtime":2822,"items_purged":["Decay"],"score":1403,"play_id":"dc794e49-ba34-4be7-9fa3-9c616ca2b350","local_time":"20181207201043","is_ascension_mode":true,"campfire_choices":[{"data":"Uppercut","floor":6,"key":"SMITH"},{"data":"Feed","floor":10,"key":"SMITH"},{"data":"Bludgeon","floor":15,"key":"SMITH"},{"floor":23,"key":"REST"},{"floor":27,"key":"RECALL"},{"floor":30,"key":"REST"},{"floor":32,"key":"REST"},{"floor":40,"key":"REST"},{"floor":45,"key":"REST"},{"floor":49,"key":"REST"},{"floor":52,"key":"REST"}],"neow_cost":"NO_GOLD","seed_source_timestamp":37196425556443,"circlet_count":0,"master_deck":["Strike_R","Strike_R","Strike_R","Defend_R","Defend_R","Defend_R","Defend_R","Bash","Bludgeon+1","Feed+1","Uppercut+1","Burning Pact","Clothesline","Corruption","Sword Boomerang","Warcry","Fiend Fire","True Grit","Feel No Pain","Spot Weakness","Shrug It Off","Cleave","Disarm","Shrug It Off","Cleave+1","Dual Wield","Headbutt","Whirlwind+1","Headbutt+1","Offering","Armaments+1","Purity","Battle Trance","Pommel Strike+1","Shrug It Off","Burning Pact+1","Body Slam+1","Dark Embrace","Armaments+1","Inflame","Thunderclap+1","Feel No Pain","Battle Trance+1","Barricade","Demon Form","Inflame"],"relics":["Burning Blood","Juzu Bracelet","Golden Idol","Pocketwatch","Old Coin","Matryoshka","Fusion Hammer","Paper Frog","Gremlin Horn","Red Skull","Mummified Hand","Dream Catcher","Molten Egg 2","White Beast Statue","Bag of Marbles","Incense Burner","Regal Pillow","Bottled Flame","Vajra"],"potions_floor_usage":[16,18,31,33,41,55],"damage_taken":[{"damage":0,"enemies":"Cultist","floor":1,"turns":3},{"damage":11,"enemies":"Jaw Worm","floor":2,"turns":2},{"damage":0,"enemies":"Small Slimes","floor":5,"turns":3},{"damage":26,"enemies":"Lagavulin","floor":8,"turns":5},{"damage":26,"enemies":"3 Sentries","floor":12,"turns":6},{"damage":7,"enemies":"Looter","floor":13,"turns":2},{"damage":29,"enemies":"The Guardian","floor":16,"turns":6},{"damage":15,"enemies":"2 Thieves","floor":18,"turns":3},{"damage":12,"enemies":"3 Byrds","floor":22,"turns":5},{"damage":0,"enemies":"Snecko","floor":25,"turns":4},{"damage":38,"enemies":"Slavers","floor":29,"turns":5},{"damage":19,"enemies":"Book of Stabbing","floor":31,"turns":5},{"damage":63,"enemies":"Champ","floor":33,"turns":14},{"damage":10,"enemies":"Orb Walker","floor":35,"turns":2},{"damage":0,"enemies":"3 Darklings","floor":39,"turns":1},{"damage":24,"enemies":"Nemesis","floor":41,"turns":7},{"damage":16,"enemies":"Sphere and 2 Shapes","floor":44,"turns":3},{"damage":10,"enemies":"Reptomancer","floor":46,"turns":6},{"damage":1,"enemies":"Maw","floor":47,"turns":7},{"damage":6,"enemies":"Spire Growth","floor":48,"turns":3},{"damage":46,"enemies":"Time Eater","floor":50,"turns":10},{"damage":50,"enemies":"Shield and Spear","floor":54,"turns":11},{"damage":8,"enemies":"The Heart","floor":55,"turns":6}],"seed_played":"8481705732539456087","potions_obtained":[{"floor":1,"key":"SpeedPotion"},{"floor":2,"key":"PowerPotion"},{"floor":12,"key":"EssenceOfSteel"},{"floor":16,"key":"Fire Potion"},{"floor":29,"key":"Fire Potion"},{"floor":35,"key":"Fire Potion"},{"floor":39,"key":"FearPotion"},{"floor":41,"key":"SteroidPotion"},{"floor":47,"key":"LiquidBronze"}],"is_trial":false,"path_per_floor":["M","M","T","?","M","R","?","E","T","R","?","E","M","?","R","B",null,"M","$","?","$","M","R","$","M","T","R","?","E","R","E","R","B",null,"M","?","?","$","M","R","E","$","T","M","R","E","M","M","R","B",null,"R","$","E","B",null],"character_chosen":"IRONCLAD","items_purchased":["Feel No Pain","Paper Frog","Spot Weakness","Shrug It Off","Disarm","Shrug It Off","Bag of Marbles","Battle Trance","Body Slam+1","Demon Form"],"campfire_rested":7,"item_purchase_floors":[19,19,19,21,24,24,38,38,42,53],"current_hp_per_floor":[83,81,81,81,89,89,82,65,65,65,65,49,48,48,48,29,93,88,88,88,88,86,101,101,105,105,105,105,77,109,96,109,56,113,109,109,109,109,113,113,95,95,95,89,117,113,121,121,121,85,125,125,125,85,83],"gold":109,"neow_bonus":"TRANSFORM_TWO_CARDS","is_prod":false,"is_daily":false,"chose_seed":false,"campfire_upgraded":3,"win_rate":0,"timestamp":1544231443,"path_taken":["M","M","?","?","M","R","?","E","T","R","?","E","M","?","R","BOSS","M","?","?","$","M","R","$","M","T","R","?","E","R","E","R","BOSS","M","?","?","$","M","R","E","$","T","M","R","E","M","M","R","BOSS","R","$","E","BOSS"],"build_version":"2018-12-06","purchased_purges":1,"victory":true,"max_hp_per_floor":[83,86,86,86,89,89,82,85,85,85,85,89,89,89,89,93,93,97,97,97,97,101,101,101,105,105,105,105,109,109,109,109,113,113,113,113,113,113,113,113,113,113,113,117,117,117,121,121,121,125,125,125,125,129,129],"card_choices":[{"not_picked":["Rupture","Rage"],"picked":"Uppercut","floor":1},{"not_picked":["Heavy Blade","Warcry"],"picked":"Burning Pact","floor":2},{"not_picked":["Iron Wave","Flex"],"picked":"Clothesline","floor":5},{"not_picked":["Juggernaut","Heavy Blade"],"picked":"Corruption","floor":8},{"not_picked":["Power Through","Warcry"],"picked":"Sword Boomerang","floor":12},{"not_picked":["Havoc","Second Wind"],"picked":"Warcry","floor":13},{"not_picked":["Limit Break","Immolate"],"picked":"Fiend Fire","floor":16},{"not_picked":["Evolve","Iron Wave+1"],"picked":"True Grit","floor":18},{"not_picked":["Headbutt","Havoc+1"],"picked":"Cleave","floor":22},{"not_picked":["Havoc","Rage"],"picked":"Cleave+1","floor":25},{"not_picked":["Iron Wave","Inflame+1"],"picked":"Dual Wield","floor":29},{"not_picked":["Evolve","Havoc"],"picked":"Headbutt","floor":30},{"not_picked":["Thunderclap","Double Tap"],"picked":"Whirlwind","floor":31},{"not_picked":["Clash+1","Wild Strike+1"],"picked":"Headbutt+1","floor":32},{"not_picked":["Reaper+1","Barricade"],"picked":"Offering","floor":33},{"not_picked":["Dual Wield","Blood for Blood+1"],"picked":"Armaments+1","floor":35},{"not_picked":["Jack Of All Trades","Swift Strike+1"],"picked":"Purity","floor":37},{"not_picked":["True Grit","Sword Boomerang+1"],"picked":"Pommel Strike+1","floor":39},{"not_picked":["Headbutt+1","Anger+1"],"picked":"Shrug It Off","floor":40},{"not_picked":["Bloodletting","Sword Boomerang+1"],"picked":"Burning Pact+1","floor":41},{"not_picked":["Havoc","Body Slam+1"],"picked":"Dark Embrace","floor":44},{"not_picked":["Sword Boomerang+1","Pummel+1"],"picked":"Armaments+1","floor":45},{"not_picked":["Corruption+1","Battle Trance+1"],"picked":"Inflame","floor":46},{"not_picked":["Sword Boomerang+1","Flex"],"picked":"Thunderclap+1","floor":47},{"not_picked":["Cleave+1","Perfected Strike+1"],"picked":"Feel No Pain","floor":48},{"not_picked":["Clothesline+1","Pommel Strike+1"],"picked":"Battle Trance+1","floor":49},{"not_picked":["Warcry","Clothesline+1"],"picked":"Barricade","floor":52},{"not_picked":["Pommel Strike+1","Bloodletting"],"picked":"Inflame","floor":54}],"player_experience":287969,"relics_obtained":[{"floor":3,"key":"Juzu Bracelet"},{"floor":8,"key":"Pocketwatch"},{"floor":9,"key":"Old Coin"},{"floor":12,"key":"Matryoshka"},{"floor":26,"key":"Gremlin Horn"},{"floor":26,"key":"Red Skull"},{"floor":28,"key":"Mummified Hand"},{"floor":29,"key":"Dream Catcher"},{"floor":31,"key":"Molten Egg 2"},{"floor":41,"key":"Incense Burner"},{"floor":43,"key":"Regal Pillow"},{"floor":46,"key":"Bottled Flame"},{"floor":54,"key":"Vajra"}],"event_choices":[{"damage_healed":0,"gold_gain":0,"player_choice":"Leave","damage_taken":0,"max_hp_gain":0,"max_hp_loss":0,"event_name":"The Cleric","floor":4,"gold_loss":0},{"damage_healed":0,"gold_gain":0,"player_choice":"Lose Max HP","damage_taken":0,"relics_obtained":["Golden Idol"],"max_hp_gain":0,"max_hp_loss":7,"event_name":"Golden Idol","floor":7,"gold_loss":0},{"damage_healed":0,"gold_gain":0,"player_choice":"Ignored","damage_taken":0,"max_hp_gain":0,"max_hp_loss":0,"event_name":"Liars Game","floor":11,"gold_loss":0},{"damage_healed":0,"gold_gain":0,"player_choice":"Bought 0 Potions","damage_taken":0,"max_hp_gain":0,"max_hp_loss":0,"event_name":"The Woman in Blue","floor":14,"gold_loss":0},{"damage_healed":0,"gold_gain":0,"player_choice":"Ignored","damage_taken":0,"max_hp_gain":0,"max_hp_loss":0,"event_name":"Beggar","floor":20,"gold_loss":0},{"damage_healed":0,"gold_gain":0,"player_choice":"Relic","damage_taken":0,"max_hp_gain":0,"max_hp_loss":0,"event_name":"Wheel of Change","floor":28,"gold_loss":0},{"damage_healed":0,"gold_gain":0,"player_choice":"Cursed","damage_taken":0,"max_hp_gain":0,"max_hp_loss":0,"event_name":"Wheel of Change","floor":36,"gold_loss":0,"cards_obtained":["Decay"]},{"damage_healed":0,"gold_gain":0,"player_choice":"Memory 1","damage_taken":0,"max_hp_gain":0,"max_hp_loss":0,"event_name":"SensoryStone","floor":37,"gold_loss":0}],"is_beta":false,"boss_relics":[{"not_picked":["Astrolabe","Empty Cage"],"picked":"Fusion Hammer"},{"not_picked":["Velvet Choker","Runic Pyramid"],"picked":"White Beast Statue"}],"items_purged_floors":[38],"is_endless":false,"potions_floor_spawned":[1,2,12,13,16,29,35,39,41,44,46,47,48,54],"ascension_level":1}