{"gold_per_floor":[10,29,40,52,2,2,28,44,71,71,91,16,45,59,59,156,156,174,191,204,129,29,55,75,103,103,120,120,140,159,119,119,119],"floor_reached":33,"playtime":3280,"items_purged":["Strike_R","Pummel"],"score":318,"play_id":"7d801706-599e-4c94-8e8c-2ecd4891cdaf","local_time":"20190428095128","is_ascension_mode":true,"campfire_choices":[{"data":"Anger","floor":6,"key":"SMITH"},{"data":"Anger","floor":10,"key":"SMITH"},{"data":"Bludgeon","floor":15,"key":"SMITH"},{"floor":32,"key":"REST"}],"neow_cost":"NO_GOLD","seed_source_timestamp":1191084185989916,"circlet_count":0,"master_deck":["Defend_R+1","Defend_R","Defend_R+1","Defend_R","Bash+1","Intimidate","Bludgeon+1","Anger+1","Headbutt","Headbutt+1","Anger+1","Headbutt+1","Metallicize+1","Demon Form"],"relics":["Burning Blood","Paper Frog","Bag of Preparation","War Paint","Lizard Tail","PreservedInsect","Potion Belt","Darkstone Periapt"],"potions_floor_usage":[8,11,19,23,25,27,29,29],"damage_taken":[{"damage":5,"enemies":"2 Louse","floor":1,"turns":3},{"damage":0,"enemies":"Small Slimes","floor":2,"turns":2},{"damage":0,"enemies":"Cultist","floor":3,"turns":2},{"damage":20,"enemies":"Exordium Thugs","floor":4,"turns":4},{"damage":21,"enemies":"Lagavulin","floor":7,"turns":5},{"damage":9,"enemies":"3 Louse","floor":8,"turns":3},{"damage":12,"enemies":"Lots of Slimes","floor":11,"turns":4},{"damage":9,"enemies":"3 Sentries","floor":13,"turns":4},{"damage":4,"enemies":"2 Fungi Beasts","floor":14,"turns":2},{"damage":5,"enemies":"Slime Boss","floor":16,"turns":5},{"damage":2,"enemies":"Spheric Guardian","floor":18,"turns":3},{"damage":9,"enemies":"Shell Parasite","floor":19,"turns":4},{"damage":13,"enemies":"Centurion and Healer","floor":20,"turns":5},{"damage":58,"enemies":"Gremlin Leader","floor":23,"turns":7},{"damage":9,"enemies":"3 Cultists","floor":24,"turns":5},{"damage":18,"enemies":"Slavers","floor":25,"turns":4},{"damage":15,"enemies":"Shelled Parasite and Fungi","floor":27,"turns":3},{"damage":22,"enemies":"Centurion and Healer","floor":29,"turns":4},{"damage":18,"enemies":"Snecko","floor":30,"turns":4},{"damage":71,"enemies":"Automaton","floor":33,"turns":6}],"seed_played":"954480476083874648","potions_obtained":[{"floor":2,"key":"BloodPotion"},{"floor":3,"key":"SkillPotion"},{"floor":7,"key":"Explosive Potion"},{"floor":8,"key":"SteroidPotion"},{"floor":18,"key":"Fire Potion"},{"floor":19,"key":"EssenceOfSteel"},{"floor":25,"key":"Explosive Potion"},{"floor":27,"key":"Regen Potion"},{"floor":30,"key":"GamblersBrew"}],"is_trial":false,"path_per_floor":["M","M","M","M","?","R","E","M","T","R","M","$","E","M","R","B",null,"M","M","M","?","$","E","M","E","T","M","?","M","M","?","R","B"],"character_chosen":"IRONCLAD","items_purchased":[],"campfire_rested":1,"item_purchase_floors":[],"current_hp_per_floor":[80,80,80,66,66,66,51,48,48,48,50,50,47,49,49,50,80,80,77,70,70,70,18,15,46,46,37,37,33,21,21,45,0],"gold":119,"neow_bonus":"TRANSFORM_TWO_CARDS","is_prod":false,"is_daily":false,"chose_seed":false,"campfire_upgraded":3,"win_rate":0,"timestamp":1556459488,"path_taken":["M","M","M","M","?","R","E","M","T","R","M","$","E","M","R","BOSS","M","M","M","?","$","E","M","E","T","M","?","M","M","?","R","BOSS"],"build_version":"2019-01-23","purchased_purges":2,"victory":false,"max_hp_per_floor":[80,80,80,80,80,80,80,80,80,80,80,80,80,80,80,80,80,80,80,80,80,80,80,80,80,80,80,80,80,80,80,80,80],"card_choices":[{"not_picked":["Headbutt","Havoc"],"picked":"Anger","floor":1},{"not_picked":["Body Slam","Clothesline"],"picked":"Pummel","floor":2},{"not_picked":["Sword Boomerang","Clothesline"],"picked":"Headbutt","floor":3},{"not_picked":["Armaments","Pummel"],"picked":"Headbutt","floor":4},{"not_picked":["Perfected Strike","Cleave"],"picked":"Anger","floor":7},{"not_picked":["Seeing Red","Hemokinesis","Exhume"],"picked":"SKIP","floor":8},{"not_picked":["Evolve","Heavy Blade","Clothesline"],"picked":"SKIP","floor":11},{"not_picked":["Combust","Shockwave","Pommel Strike"],"picked":"SKIP","floor":13},{"not_picked":["Havoc","Spot Weakness","Pommel Strike"],"picked":"SKIP","floor":14},{"not_picked":["Feel No Pain","Iron Wave","Wild Strike"],"picked":"SKIP","floor":18},{"not_picked":["True Grit","Entrench"],"picked":"Headbutt+1","floor":19},{"not_picked":["Burning Pact+1","Armaments","True Grit"],"picked":"SKIP","floor":20},{"not_picked":["Havoc","Feel No Pain","Pummel"],"picked":"SKIP","floor":23},{"not_picked":["Flame Barrier+1","True Grit","Warcry"],"picked":"SKIP","floor":24},{"not_picked":["Whirlwind","Dropkick","True Grit"],"picked":"SKIP","floor":25},{"not_picked":["Combust+1","Shrug It Off"],"picked":"Metallicize+1","floor":27},{"not_picked":["Armaments","Blood for Blood+1"],"picked":"Demon Form","floor":29},{"not_picked":["Rupture+1","Sentinel","Clash"],"picked":"SKIP","floor":30}],"player_experience":140254,"relics_obtained":[{"floor":7,"key":"Paper Frog"},{"floor":9,"key":"Bag of Preparation"},{"floor":13,"key":"War Paint"},{"floor":23,"key":"PreservedInsect"},{"floor":25,"key":"Potion Belt"},{"floor":26,"key":"Darkstone Periapt"}],"event_choices":[{"cards_removed":["Strike_R"],"damage_healed":0,"gold_gain":0,"player_choice":"Card Removal","damage_taken":0,"max_hp_gain":0,"max_hp_loss":0,"event_name":"The Cleric","floor":5,"gold_loss":50},{"cards_removed":["Strike_R"],"damage_healed":0,"gold_gain":0,"player_choice":"Gave Gold","damage_taken":0,"max_hp_gain":0,"max_hp_loss":0,"event_name":"Beggar","floor":21,"gold_loss":75},{"damage_healed":0,"gold_gain":0,"player_choice":"Ignored","damage_taken":0,"max_hp_gain":0,"max_hp_loss":0,"event_name":"Cursed Tome","floor":28,"gold_loss":0},{"damage_healed":0,"gold_gain":0,"player_choice":"Upgraded Two","damage_taken":0,"max_hp_gain":0,"max_hp_loss":0,"event_name":"Designer","floor":31,"gold_loss":40,"cards_upgraded":["Bash","Headbutt"]}],"is_beta":false,"boss_relics":[{"not_picked":["Snecko Eye","Ectoplasm"],"picked":"Lizard Tail"}],"items_purged_floors":[12,22],"is_endless":false,"potions_floor_spawned":[2,3,7,8,18,19,25,27,30],"killed_by":"Automaton","ascension_level":1}