{"gold_per_floor":[13,88,88,88,104,104,147,161,161,161,197,18,18,58,58,189,189,205,239,59,59,80,80,80,118,118,118,29,29,29,29,29,155,155,179,179,195,417,417,417,448,448,448,462,502,100,113,13,13,13,13,13,13,57,57],"floor_reached":55,"playtime":2149,"items_purged":["Shame","Streamline"],"score":969,"play_id":"49c3e160-4ed9-4f80-9082-0da1543d520f","local_time":"20190421132413","is_ascension_mode":true,"campfire_choices":[{"data":"Dualcast","floor":6,"key":"SMITH"},{"data":"Zap","floor":10,"key":"SMITH"},{"floor":13,"key":"REST"},{"data":"Metamorphosis","floor":15,"key":"SMITH"},{"data":"White Noise","floor":23,"key":"SMITH"},{"data":"RitualDagger","floor":27,"key":"SMITH"},{"data":"Scrape","floor":30,"key":"SMITH"},{"floor":32,"key":"RECALL"},{"data":"Madness","floor":40,"key":"SMITH"},{"data":"Madness","floor":42,"key":"SMITH"},{"data":"Seek","floor":49,"key":"SMITH"},{"data":"Chrysalis","floor":52,"key":"SMITH"}],"neow_cost":"NO_GOLD","seed_source_timestamp":397378002008735,"circlet_count":0,"master_deck":["Zap+1","Dualcast+1","Core Surge","Conserve Battery","Reinforced Body","Ball Lightning","Compile Driver","Metamorphosis+1","Seek+1","Electrodynamics","White Noise+1","Scrape+1","Reboot","Sweeping Beam","All For One","Leap+1","Steam","Steam Power","Self Repair","Glacier","Chill","RitualDagger+1","Steam Power","Flash of Steel","Bite","Bite","Bite","Bite","Bite","Core Surge","Steam Power+1","Steam Power+1","Beam Cell+1","Hologram+1","Defragment+1","Madness+1","Madness+1","Seek","Steam","Capacitor+1","Chrysalis+1","Glacier+1"],"relics":["Cracked Core","Golden Idol","Letter Opener","Pen Nib","Blue Candle","Symbiotic Virus","Vajra","Pandora\u0027s Box","Red Mask","Frozen Egg 2","PreservedInsect","FossilizedHelix","Astrolabe","Kunai","Emotion Chip","Art of War","Lantern","Oddly Smooth Stone"],"potions_floor_usage":[7,11,14,25,25,50,50,54,55],"damage_taken":[{"damage":1,"enemies":"Jaw Worm","floor":1,"turns":3},{"damage":0,"enemies":"Small Slimes","floor":5,"turns":3},{"damage":12,"enemies":"Gremlin Nob","floor":7,"turns":4},{"damage":0,"enemies":"2 Louse","floor":8,"turns":3},{"damage":13,"enemies":"Lagavulin","floor":11,"turns":5},{"damage":7,"enemies":"3 Sentries","floor":14,"turns":4},{"damage":0,"enemies":"Slime Boss","floor":16,"turns":4},{"damage":21,"enemies":"Shell Parasite","floor":18,"turns":3},{"damage":23,"enemies":"Masked Bandits","floor":19,"turns":3},{"damage":0,"enemies":"Spheric Guardian","floor":22,"turns":1},{"damage":8,"enemies":"Book of Stabbing","floor":25,"turns":5},{"damage":13,"enemies":"Automaton","floor":33,"turns":6},{"damage":1,"enemies":"3 Darklings","floor":35,"turns":4},{"damage":0,"enemies":"3 Shapes","floor":37,"turns":2},{"damage":0,"enemies":"Nemesis","floor":41,"turns":3},{"damage":0,"enemies":"Transient","floor":44,"turns":5},{"damage":0,"enemies":"Giant Head","floor":45,"turns":3},{"damage":0,"enemies":"Maw","floor":47,"turns":5},{"damage":61,"enemies":"Time Eater","floor":50,"turns":10},{"damage":37,"enemies":"Shield and Spear","floor":54,"turns":4},{"damage":70,"enemies":"The Heart","floor":55,"turns":3}],"seed_played":"8073117900156609757","potions_obtained":[{"floor":1,"key":"Fire Potion"},{"floor":7,"key":"Regen Potion"},{"floor":11,"key":"FocusPotion"},{"floor":16,"key":"Strength Potion"},{"floor":19,"key":"Weak Potion"},{"floor":33,"key":"Strength Potion"},{"floor":37,"key":"Regen Potion"},{"floor":44,"key":"Poison Potion"},{"floor":45,"key":"PowerPotion"},{"floor":54,"key":"Poison Potion"}],"is_trial":false,"path_per_floor":["M","?","?","?","M","R","E","M","T","R","E","$","R","E","R","B",null,"M","?","$","?","M","R","?","E","T","R","$","?","R","$","R","B",null,"M","?","M","?","?","R","E","R","T","M","E","$","M","$","R","B",null,"R","$","E","B"],"character_chosen":"DEFECT","items_purchased":["Metamorphosis","Steam Power","Self Repair","Glacier","Flash of Steel","Lantern","Chrysalis"],"campfire_rested":1,"item_purchase_floors":[12,20,20,20,28,46,46],"current_hp_per_floor":[74,63,45,27,27,27,15,15,15,15,16,16,38,31,31,31,75,54,31,31,31,31,31,25,24,24,24,24,24,24,24,24,19,52,52,52,52,52,45,45,52,52,52,52,52,52,52,52,52,1,52,52,52,31,0],"gold":57,"neow_bonus":"THREE_RARE_CARDS","is_prod":false,"is_daily":false,"chose_seed":false,"campfire_upgraded":10,"win_rate":0,"timestamp":1555820653,"path_taken":["M","?","?","?","M","R","E","M","T","R","E","$","R","E","R","BOSS","M","?","$","?","M","R","?","E","T","R","?","?","R","?","R","BOSS","M","?","?","?","?","R","E","R","T","M","E","?","M","$","R","BOSS","R","$","E","BOSS"],"build_version":"2019-01-23","purchased_purges":2,"victory":false,"max_hp_per_floor":[75,75,75,75,75,75,75,75,75,75,75,75,75,75,75,75,75,75,75,75,75,75,75,75,75,75,75,75,52,52,52,52,52,52,52,52,52,52,52,52,52,52,52,52,52,52,52,52,52,52,52,52,52,52,52],"card_choices":[{"not_picked":["Meteor Strike","Hyperbeam"],"picked":"Core Surge","floor":0},{"not_picked":["Chaos","Capacitor"],"picked":"Streamline","floor":1},{"not_picked":["Compile Driver","Darkness"],"picked":"Conserve Battery","floor":5},{"not_picked":["Heatsinks","Barrage"],"picked":"Reinforced Body","floor":7},{"not_picked":["Undo","Sweeping Beam"],"picked":"Ball Lightning","floor":8},{"not_picked":["Double Energy","Storm"],"picked":"Compile Driver","floor":11},{"not_picked":["Conserve Battery","Leap"],"picked":"Seek","floor":14},{"not_picked":["Biased Cognition","Core Surge"],"picked":"Electrodynamics","floor":16},{"not_picked":["Rip and Tear","Static Discharge"],"picked":"Leap+1","floor":18},{"not_picked":["Tempest","Beam Cell"],"picked":"Steam","floor":19},{"not_picked":["Coolheaded","Hologram"],"picked":"Chill","floor":22},{"not_picked":["Redo","Sweeping Beam"],"picked":"Steam Power","floor":25},{"not_picked":["Biased Cognition+1","Rainbow"],"picked":"Core Surge","floor":33},{"not_picked":["Leap","Stack+1"],"picked":"Hologram+1","floor":35},{"not_picked":["Beam Cell+1","Rip and Tear+1"],"picked":"Defragment+1","floor":37},{"not_picked":["Steam","Gash+1"],"picked":"Seek","floor":41},{"not_picked":["Rebound","Chaos+1"],"picked":"Steam","floor":44},{"not_picked":["Leap","Barrage+1"],"picked":"Capacitor+1","floor":45},{"not_picked":["Coolheaded","Streamline","Tempest+1"],"picked":"SKIP","floor":47},{"not_picked":["Static Discharge+1","Rebound"],"picked":"Glacier+1","floor":54}],"player_experience":324919,"relics_obtained":[{"floor":7,"key":"Pen Nib"},{"floor":9,"key":"Blue Candle"},{"floor":11,"key":"Symbiotic Virus"},{"floor":14,"key":"Vajra"},{"floor":19,"key":"Red Mask"},{"floor":25,"key":"PreservedInsect"},{"floor":26,"key":"FossilizedHelix"},{"floor":36,"key":"Kunai"},{"floor":41,"key":"Emotion Chip"},{"floor":45,"key":"Art of War"},{"floor":54,"key":"Oddly Smooth Stone"}],"event_choices":[{"damage_healed":0,"gold_gain":75,"player_choice":"Gather Gold","damage_taken":11,"max_hp_gain":0,"max_hp_loss":0,"event_name":"World of Goop","floor":2,"gold_loss":0},{"damage_healed":0,"gold_gain":0,"player_choice":"Take Damage","damage_taken":18,"relics_obtained":["Golden Idol"],"max_hp_gain":0,"max_hp_loss":0,"event_name":"Golden Idol","floor":3,"gold_loss":0},{"damage_healed":0,"gold_gain":0,"player_choice":"Success","damage_taken":18,"relics_obtained":["Letter Opener"],"max_hp_gain":0,"max_hp_loss":0,"event_name":"Scrap Ooze","floor":4,"gold_loss":0},{"damage_healed":0,"gold_gain":0,"player_choice":"Fought Bandits","damage_taken":0,"max_hp_gain":0,"max_hp_loss":0,"event_name":"Masked Bandits","floor":19,"gold_loss":0},{"damage_healed":0,"gold_gain":0,"player_choice":"Stole Relic","damage_taken":0,"relics_obtained":["Frozen Egg 2"],"max_hp_gain":0,"max_hp_loss":0,"event_name":"Addict","floor":21,"gold_loss":0,"cards_obtained":["Shame"]},{"damage_healed":0,"gold_gain":0,"player_choice":"Joined the Cult","damage_taken":6,"max_hp_gain":0,"max_hp_loss":0,"event_name":"Nest","floor":24,"gold_loss":0,"cards_obtained":["RitualDagger"]},{"damage_healed":0,"gold_gain":0,"player_choice":"Became a vampire","damage_taken":0,"max_hp_gain":0,"max_hp_loss":23,"event_name":"Vampires","floor":29,"gold_loss":0,"cards_obtained":["Bite","Bite","Bite","Bite","Bite"]},{"damage_healed":0,"gold_gain":0,"player_choice":"Relic","damage_taken":0,"max_hp_gain":0,"max_hp_loss":0,"event_name":"Wheel of Change","floor":36,"gold_loss":0},{"damage_healed":0,"gold_gain":222,"player_choice":"Wore Mask","damage_taken":0,"max_hp_gain":0,"max_hp_loss":0,"event_name":"Tomb of Lord Red Mask","floor":38,"gold_loss":0},{"damage_healed":0,"gold_gain":0,"player_choice":"Embrace Madness","damage_taken":7,"max_hp_gain":0,"max_hp_loss":0,"event_name":"Winding Halls","floor":39,"gold_loss":0,"cards_obtained":["Madness","Madness"]}],"is_beta":false,"boss_relics":[{"not_picked":["Tiny House","Fusion Hammer"],"picked":"Pandora\u0027s Box"},{"not_picked":["Eternal Feather","Orrery"],"picked":"Astrolabe"}],"items_purged_floors":[46,48],"is_endless":false,"potions_floor_spawned":[1,7,11,16,19,33,37,44,45,54],"killed_by":"The Heart","ascension_level":1}