{"gold_per_floor":[115,125,199,199,149,149,72,72,72,91,118,118,143,143,143,244,244,258,258,272,272,272,272,75,75,75,75,101,101,26,26,26,26],"floor_reached":33,"playtime":1198,"items_purged":[],"score":315,"play_id":"62d35ba0-afa5-4986-a1ac-a3c357bebb86","local_time":"20190119200843","daily_mods":["Draft","Heirloom","Time Dilation","Flight"],"is_ascension_mode":false,"campfire_choices":[{"data":"True Grit","floor":6,"key":"SMITH"},{"data":"Armaments","floor":8,"key":"SMITH"},{"data":"Body Slam","floor":12,"key":"SMITH"},{"data":"Body Slam","floor":15,"key":"SMITH"},{"data":"Corruption","floor":23,"key":"SMITH"},{"data":"Feed","floor":25,"key":"SMITH"},{"data":"Wild Strike","floor":27,"key":"SMITH"},{"data":"Discovery","floor":32,"key":"SMITH"}],"neow_cost":"","seed_source_timestamp":0,"circlet_count":0,"master_deck":["Reckless Charge","True Grit+1","Wild Strike","True Grit+1","Wild Strike+1","Armaments+1","Body Slam+1","Evolve","Shrug It Off","Ghostly Armor","Reckless Charge","Headbutt","Evolve","Sentinel+1","Power Through","Wild Strike","Body Slam+1","Feed+1","Corruption+1","Shrug It Off+1","Body Slam+1","Flash of Steel","Discovery+1"],"relics":["Burning Blood","Nunchaku","Darkstone Periapt","The Courier","Prayer Wheel","Runic Cube","Nloth\u0027s Gift","Juzu Bracelet","Gremlin Horn","Question Card"],"potions_floor_usage":[20],"damage_taken":[{"damage":0,"enemies":"2 Louse","floor":1,"turns":1},{"damage":0,"enemies":"Small Slimes","floor":2,"turns":2},{"damage":0,"enemies":"Cultist","floor":10,"turns":2},{"damage":10,"enemies":"3 Sentries","floor":11,"turns":7},{"damage":3,"enemies":"Lagavulin","floor":13,"turns":6},{"damage":12,"enemies":"The Guardian","floor":16,"turns":6},{"damage":16,"enemies":"3 Byrds","floor":18,"turns":6},{"damage":12,"enemies":"2 Thieves","floor":20,"turns":2},{"damage":0,"enemies":"Gremlin Leader","floor":28,"turns":3},{"damage":57,"enemies":"Automaton","floor":33,"turns":6}],"seed_played":"7014513178541145331","potions_obtained":[{"floor":2,"key":"SpeedPotion"},{"floor":11,"key":"AttackPotion"}],"is_trial":true,"path_per_floor":["M","M","?","?","?","R","$","R","T","M","E","R","E","T","R","B",null,"M","?","M","?","?","R","$","R","T","R","E","?","?","?","R","B"],"character_chosen":"IRONCLAD","items_purchased":["Sentinel","Juzu Bracelet","Flash of Steel"],"campfire_rested":0,"item_purchase_floors":[7,24,24],"current_hp_per_floor":[80,80,80,80,80,80,80,80,80,80,76,76,79,79,79,73,80,73,73,67,67,67,67,67,67,67,67,73,73,73,57,57,0],"gold":26,"neow_bonus":"","is_prod":false,"is_daily":false,"chose_seed":false,"campfire_upgraded":8,"win_rate":0,"timestamp":1547896123,"path_taken":["M","M","?","?","?","R","?","R","T","?","E","R","E","?","R","BOSS","M","?","?","?","?","R","$","R","T","R","E","?","?","?","R","BOSS"],"build_version":"2019-01-17v2","purchased_purges":0,"victory":false,"max_hp_per_floor":[80,80,80,80,80,80,80,80,80,80,80,80,80,80,80,80,80,83,83,83,83,83,83,83,83,83,83,83,83,83,83,83,83],"card_choices":[{"not_picked":["Heavy Blade","Wild Strike"],"picked":"Reckless Charge","floor":0},{"not_picked":["Blood for Blood","Sword Boomerang"],"picked":"True Grit","floor":0},{"not_picked":["Sword Boomerang","Perfected Strike"],"picked":"Wild Strike","floor":0},{"not_picked":["Cleave","Flex"],"picked":"True Grit","floor":0},{"not_picked":["Dual Wield","Warcry"],"picked":"Wild Strike","floor":0},{"not_picked":["Iron Wave","Warcry"],"picked":"Fire Breathing","floor":0},{"not_picked":["Hemokinesis","Flex"],"picked":"Armaments","floor":0},{"not_picked":["True Grit","Warcry"],"picked":"Body Slam","floor":0},{"not_picked":["Cleave","Dual Wield"],"picked":"Evolve","floor":0},{"not_picked":["Rage","True Grit"],"picked":"Shrug It Off","floor":0},{"not_picked":["Armaments","Anger"],"picked":"Ghostly Armor","floor":0},{"not_picked":["True Grit","Flex"],"picked":"Cleave","floor":0},{"not_picked":["Headbutt","Rupture"],"picked":"Reckless Charge","floor":0},{"not_picked":["Anger","Cleave"],"picked":"Infernal Blade","floor":0},{"not_picked":["Flex","Metallicize"],"picked":"Headbutt","floor":0},{"not_picked":["Havoc","Armaments","Cleave"],"picked":"SKIP","floor":1},{"not_picked":["Feel No Pain","Disarm"],"picked":"Evolve","floor":2},{"not_picked":["Seeing Red","Body Slam"],"picked":"Power Through","floor":10},{"not_picked":["Combust","Impervious"],"picked":"Wild Strike","floor":11},{"not_picked":["Inflame","Evolve"],"picked":"Body Slam","floor":13},{"not_picked":["Impervious","Bludgeon"],"picked":"Feed","floor":16},{"not_picked":["Whirlwind","Body Slam"],"picked":"Corruption","floor":18},{"not_picked":["Blood for Blood","Sword Boomerang","Thunderclap+1"],"picked":"SKIP","floor":18},{"not_picked":["Berserk","Perfected Strike"],"picked":"Shrug It Off+1","floor":20},{"not_picked":["Pommel Strike+1","Cleave+1"],"picked":"Body Slam+1","floor":20},{"not_picked":["Twin Strike","Bludgeon","Limit Break"],"picked":"SKIP","floor":28}],"player_experience":305592,"relics_obtained":[{"floor":9,"key":"Darkstone Periapt"},{"floor":11,"key":"The Courier"},{"floor":13,"key":"Prayer Wheel"},{"floor":14,"key":"Paper Frog"},{"floor":26,"key":"Gremlin Horn"},{"floor":28,"key":"Question Card"}],"event_choices":[{"damage_healed":0,"gold_gain":74,"player_choice":"Gained Gold","damage_taken":0,"max_hp_gain":0,"max_hp_loss":0,"event_name":"Golden Wing","floor":3,"gold_loss":0},{"damage_healed":0,"gold_gain":0,"player_choice":"Grow","damage_taken":0,"max_hp_gain":0,"max_hp_loss":0,"event_name":"Living Wall","floor":4,"gold_loss":0,"cards_upgraded":["True Grit"]},{"cards_removed":["Fire Breathing"],"damage_healed":0,"gold_gain":0,"player_choice":"Card Removal","damage_taken":0,"max_hp_gain":0,"max_hp_loss":0,"event_name":"The Cleric","floor":5,"gold_loss":50},{"damage_healed":0,"gold_gain":0,"player_choice":"Traded Relic","damage_taken":0,"relics_obtained":["Nloth\u0027s Gift"],"max_hp_gain":0,"max_hp_loss":0,"event_name":"N\u0027loth","floor":19,"relics_lost":["Paper Frog"],"gold_loss":0},{"damage_healed":0,"gold_gain":0,"player_choice":"Ignored","damage_taken":0,"max_hp_gain":0,"max_hp_loss":0,"event_name":"Ghosts","floor":21,"gold_loss":0},{"cards_removed":["Infernal Blade"],"damage_healed":0,"gold_gain":0,"player_choice":"Elegance","damage_taken":0,"max_hp_gain":0,"max_hp_loss":0,"event_name":"Back to Basics","floor":22,"gold_loss":0},{"damage_healed":0,"gold_gain":0,"player_choice":"Upgraded","damage_taken":0,"max_hp_gain":0,"max_hp_loss":0,"event_name":"Upgrade Shrine","floor":29,"gold_loss":0,"cards_upgraded":["Sentinel"]},{"cards_removed":["Cleave"],"damage_healed":0,"gold_gain":0,"player_choice":"Gave Gold","damage_taken":0,"max_hp_gain":0,"max_hp_loss":0,"event_name":"Beggar","floor":30,"gold_loss":75},{"damage_healed":0,"gold_gain":0,"player_choice":"CARD ","damage_taken":16,"max_hp_gain":0,"max_hp_loss":0,"event_name":"Knowing Skull","floor":31,"potions_obtained":[],"gold_loss":0,"cards_obtained":["Discovery"]}],"is_beta":false,"boss_relics":[{"not_picked":["Ectoplasm","Astrolabe"],"picked":"Runic Cube"}],"items_purged_floors":[],"is_endless":true,"potions_floor_spawned":[2,11],"killed_by":"Automaton","ascension_level":0}