{"gold_per_floor":[11,11,21,21,33,33,44,44,344,324,324,336,347,63,63,158,158,177,38,38,57,57,57,10,45,70,70,70,82,82,93,93,195,195,210,210,225,236,236],"floor_reached":39,"playtime":4375,"items_purged":[],"score":582,"play_id":"6caf3792-752e-46ae-8722-d84d71afb8e3","local_time":"20190117230449","is_ascension_mode":true,"campfire_choices":[{"floor":6,"key":"REST"},{"floor":8,"key":"REST"},{"data":"Limit Break","floor":11,"key":"SMITH"},{"floor":15,"key":"REST"},{"floor":23,"key":"REST"},{"data":"Madness","floor":28,"key":"SMITH"},{"floor":30,"key":"REST"},{"floor":32,"key":"REST"}],"neow_cost":"NO_GOLD","seed_source_timestamp":532594047545796,"circlet_count":0,"master_deck":["Bash","Limit Break+1","Anger","Limit Break","Twin Strike","Pommel Strike","Intimidate","Pommel Strike","Shockwave","Flex","Shrug It Off","Demon Form","Shockwave","Spot Weakness","Headbutt","Disarm","True Grit","Demon Form","Flying Knee","Shrug It Off","Madness+1","Reinforced Body+1","Pain","Flex","Melter+1","Dark Shackles+1","Armaments","Power Through","Deflect+1","Stack"],"relics":["Burning Blood","Old Coin","PrismaticShard","Pandora\u0027s Box","WarpedTongs","Ginger","PreservedInsect","Runic Dome"],"potions_floor_usage":[16,16,16,18,25,35,38,39],"damage_taken":[{"damage":15,"enemies":"Cultist","floor":1,"turns":5},{"damage":8,"enemies":"2 Louse","floor":3,"turns":3},{"damage":9,"enemies":"Jaw Worm","floor":5,"turns":5},{"damage":45,"enemies":"Gremlin Gang","floor":7,"turns":6},{"damage":6,"enemies":"Looter","floor":12,"turns":3},{"damage":10,"enemies":"Red Slaver","floor":13,"turns":3},{"damage":28,"enemies":"The Guardian","floor":16,"turns":7},{"damage":24,"enemies":"Spheric Guardian","floor":18,"turns":4},{"damage":26,"enemies":"3 Byrds","floor":21,"turns":7},{"damage":17,"enemies":"Gremlin Leader","floor":25,"turns":6},{"damage":22,"enemies":"Shelled Parasite and Fungi","floor":29,"turns":4},{"damage":53,"enemies":"Chosen and Byrds","floor":31,"turns":8},{"damage":35,"enemies":"Champ","floor":33,"turns":7},{"damage":8,"enemies":"3 Shapes","floor":35,"turns":5},{"damage":40,"enemies":"3 Darklings","floor":37,"turns":8},{"damage":29,"enemies":"Maw","floor":38,"turns":7},{"damage":19,"enemies":"Transient","floor":39,"turns":3}],"seed_played":"5720080610526076014","potions_obtained":[{"floor":5,"key":"Strength Potion"},{"floor":7,"key":"Poison Potion"},{"floor":10,"key":"PowerPotion"},{"floor":16,"key":"Energy Potion"},{"floor":21,"key":"AttackPotion"},{"floor":31,"key":"SpeedPotion"},{"floor":33,"key":"Block Potion"},{"floor":37,"key":"Ancient Potion"}],"is_trial":false,"path_per_floor":["M","?","M","$","M","R","M","R","T","?","R","M","M","$","R","B",null,"M","$","?","M","?","R","$","E","T","$","R","M","R","M","R","B",null,"M","?","M","M","M"],"character_chosen":"IRONCLAD","items_purchased":["Flex","Shrug It Off","PrismaticShard","Shrug It Off","Madness","Flex"],"campfire_rested":6,"item_purchase_floors":[14,14,14,19,19,24],"current_hp_per_floor":[63,63,61,61,58,80,41,65,65,65,65,65,61,61,80,58,75,57,57,80,60,60,80,80,69,69,69,69,53,77,30,54,25,66,64,64,30,7,0],"gold":236,"neow_bonus":"TRANSFORM_TWO_CARDS","is_prod":false,"is_daily":false,"chose_seed":false,"campfire_upgraded":2,"win_rate":0,"timestamp":1547759089,"path_taken":["M","?","M","?","M","R","M","R","T","?","R","M","M","$","R","BOSS","M","$","?","M","?","R","$","E","T","$","R","M","R","?","R","BOSS","M","?","M","?","M"],"build_version":"2019-01-10","purchased_purges":0,"victory":false,"max_hp_per_floor":[80,80,80,80,80,80,80,80,80,80,80,80,80,80,80,80,80,80,80,80,80,80,80,80,80,80,80,80,80,80,80,80,80,80,80,80,80,80,80],"card_choices":[{"not_picked":["Headbutt","Sword Boomerang"],"picked":"Anger","floor":1},{"not_picked":["Heavy Blade","Blood for Blood"],"picked":"Twin Strike","floor":3},{"not_picked":["Sever Soul","Metallicize"],"picked":"Pommel Strike","floor":5},{"not_picked":["Bloodletting","Havoc"],"picked":"Intimidate","floor":7},{"not_picked":["Burning Pact","Clash"],"picked":"Pommel Strike","floor":12},{"not_picked":["Rupture","Searing Blow"],"picked":"Shockwave","floor":13},{"not_picked":["Secret Technique","Malaise"],"picked":"Demon Form","floor":16},{"not_picked":["Cloak And Dagger+1","Gash"],"picked":"Flying Knee","floor":18},{"not_picked":["PanicButton+1","Storm"],"picked":"Reinforced Body+1","floor":21},{"not_picked":["Dagger Throw","Bludgeon"],"picked":"Melter+1","floor":25},{"not_picked":["Outmaneuver","Redo+1"],"picked":"Dark Shackles+1","floor":29},{"not_picked":["Anger","Bane","Doom and Gloom"],"picked":"SKIP","floor":31},{"not_picked":["Streamline+1","Quick Slash+1"],"picked":"Armaments","floor":35},{"not_picked":["Storm","Body Slam+1"],"picked":"Deflect+1","floor":37},{"not_picked":["Flechettes+1","Flying Knee"],"picked":"Stack","floor":38}],"player_experience":298163,"relics_obtained":[{"floor":9,"key":"Old Coin"},{"floor":25,"key":"Ginger"},{"floor":26,"key":"PreservedInsect"}],"event_choices":[{"damage_healed":0,"gold_gain":0,"cards_transformed":["Feel No Pain"],"player_choice":"Transformed","damage_taken":0,"max_hp_gain":0,"max_hp_loss":0,"event_name":"Transmorgrifier","floor":2,"gold_loss":0,"cards_obtained":["Limit Break"]},{"damage_healed":0,"gold_gain":0,"player_choice":"Bought 1 Potion","damage_taken":0,"max_hp_gain":0,"max_hp_loss":0,"event_name":"The Woman in Blue","floor":10,"gold_loss":0},{"damage_healed":26,"gold_gain":0,"player_choice":"Heal","damage_taken":0,"max_hp_gain":0,"max_hp_loss":0,"event_name":"The Library","floor":20,"gold_loss":0},{"damage_healed":0,"gold_gain":0,"player_choice":"Rummage","damage_taken":0,"relics_obtained":["WarpedTongs"],"max_hp_gain":0,"max_hp_loss":0,"event_name":"Accursed Blacksmith","floor":22,"gold_loss":0,"cards_obtained":["Pain"]},{"damage_healed":0,"gold_gain":0,"cards_transformed":["Havoc"],"player_choice":"Transformed","damage_taken":0,"max_hp_gain":0,"max_hp_loss":0,"event_name":"Transmorgrifier","floor":36,"gold_loss":0,"cards_obtained":["Power Through"]}],"is_beta":false,"boss_relics":[{"not_picked":["Runic Cube","Empty Cage"],"picked":"Pandora\u0027s Box"},{"not_picked":["Runic Pyramid","Coffee Dripper"],"picked":"Runic Dome"}],"items_purged_floors":[],"is_endless":false,"potions_floor_spawned":[5,7,16,21,31,33,37],"killed_by":"Transient","ascension_level":8}