{"gold_per_floor":[110,129,143,143,20,49,59,79,130,130,162,213,241,241,241,344,344,358,358],"floor_reached":19,"playtime":1513,"items_purged":["Defend_R"],"score":196,"play_id":"0ef85750-8c18-4f8c-9597-f642cb4ad76e","local_time":"20190427175741","is_ascension_mode":true,"campfire_choices":[{"floor":10,"key":"REST"},{"floor":15,"key":"REST"}],"neow_cost":"NONE","seed_source_timestamp":1135641080126835,"circlet_count":0,"master_deck":["Strike_R","Strike_R","Strike_R","Strike_R","Defend_R","Defend_R","Defend_R","Bash","Havoc","Evolve","Havoc","Impervious","Heavy Blade","Corruption","Havoc","Carnage","Warcry","Brutality","Parasite","Spot Weakness","Brutality","Dual Wield"],"relics":["Burning Blood","Dream Catcher","Pocketwatch","Oddly Smooth Stone","Dodecahedron","Orichalcum","Cursed Key"],"potions_floor_usage":[6,16,19],"damage_taken":[{"damage":6,"enemies":"Small Slimes","floor":1,"turns":4},{"damage":10,"enemies":"Jaw Worm","floor":2,"turns":4},{"damage":2,"enemies":"2 Louse","floor":3,"turns":4},{"damage":42,"enemies":"Lagavulin","floor":6,"turns":7},{"damage":5,"enemies":"2 Fungi Beasts","floor":7,"turns":3},{"damage":20,"enemies":"Large Slime","floor":8,"turns":9},{"damage":39,"enemies":"3 Sentries","floor":11,"turns":7},{"damage":12,"enemies":"Lagavulin","floor":13,"turns":6},{"damage":37,"enemies":"Hexaghost","floor":16,"turns":9},{"damage":10,"enemies":"Shell Parasite","floor":18,"turns":4},{"damage":38,"enemies":"Colosseum Slavers","floor":19,"turns":5},{"damage":44,"enemies":"Colosseum Nobs","floor":19,"turns":4}],"seed_played":"-7658988717082342467","potions_obtained":[{"floor":2,"key":"BloodPotion"},{"floor":3,"key":"GamblersBrew"},{"floor":13,"key":"Block Potion"}],"is_trial":false,"path_per_floor":["M","M","M","?","$","E","M","M","T","R","E","?","E","?","R","B",null,"M","?"],"character_chosen":"IRONCLAD","items_purchased":["Heavy Blade"],"campfire_rested":2,"item_purchase_floors":[5],"current_hp_per_floor":[80,76,80,80,80,52,53,39,39,63,30,30,24,44,68,37,80,76,0],"gold":358,"neow_bonus":"RANDOM_COMMON_RELIC","is_prod":false,"is_daily":false,"chose_seed":false,"campfire_upgraded":0,"win_rate":0,"timestamp":1556402261,"path_taken":["M","M","M","?","$","E","M","M","T","R","E","?","E","?","R","BOSS","M","?"],"build_version":"2019-01-23","purchased_purges":1,"victory":false,"max_hp_per_floor":[80,80,80,80,80,80,80,80,80,80,80,80,80,80,80,80,80,80,80],"card_choices":[{"not_picked":["Cleave","Dual Wield"],"picked":"Havoc","floor":1},{"not_picked":["Shrug It Off","Infernal Blade"],"picked":"Evolve","floor":2},{"not_picked":["Anger","Perfected Strike"],"picked":"Havoc","floor":3},{"not_picked":["Pommel Strike","Warcry"],"picked":"Corruption","floor":6},{"not_picked":["Sever Soul","Flame Barrier"],"picked":"Havoc","floor":7},{"not_picked":["Juggernaut","Cleave","Corruption"],"picked":"SKIP","floor":8},{"not_picked":["Inflame","Clash"],"picked":"Carnage","floor":10},{"not_picked":["Twin Strike","Searing Blow"],"picked":"Warcry","floor":11},{"not_picked":["Shrug It Off","Sword Boomerang"],"picked":"Brutality","floor":13},{"not_picked":["Anger","Corruption"],"picked":"Spot Weakness","floor":15},{"not_picked":["Juggernaut","Barricade"],"picked":"Brutality","floor":16},{"not_picked":["Sever Soul+1","Shrug It Off"],"picked":"Dual Wield","floor":18}],"player_experience":131474,"relics_obtained":[{"floor":6,"key":"Pocketwatch"},{"floor":9,"key":"Oddly Smooth Stone"},{"floor":11,"key":"Dodecahedron"},{"floor":13,"key":"Orichalcum"}],"event_choices":[{"damage_healed":0,"gold_gain":0,"cards_transformed":["Strike_R"],"player_choice":"Change","damage_taken":0,"max_hp_gain":0,"max_hp_loss":0,"event_name":"Living Wall","floor":4,"gold_loss":0,"cards_obtained":["Impervious"]},{"damage_healed":0,"gold_gain":51,"player_choice":"Gained Gold","damage_taken":0,"max_hp_gain":0,"max_hp_loss":0,"event_name":"Golden Wing","floor":12,"gold_loss":0},{"damage_healed":20,"gold_gain":0,"player_choice":"Healed and dodged fight","damage_taken":0,"max_hp_gain":0,"max_hp_loss":0,"event_name":"Mushrooms","floor":14,"gold_loss":0,"cards_obtained":["Parasite"]},{"damage_healed":0,"gold_gain":0,"player_choice":"Fight","damage_taken":0,"max_hp_gain":0,"max_hp_loss":0,"event_name":"Colosseum","floor":19,"gold_loss":0},{"damage_healed":0,"gold_gain":0,"player_choice":"Fought Nobs","damage_taken":0,"max_hp_gain":0,"max_hp_loss":0,"event_name":"Colosseum","floor":19,"gold_loss":0}],"is_beta":false,"boss_relics":[{"not_picked":["Orrery","Runic Pyramid"],"picked":"Cursed Key"}],"items_purged_floors":[5],"is_endless":false,"potions_floor_spawned":[2,3,13],"killed_by":"Colosseum Nobs","ascension_level":1}