{"gold_per_floor":[110,110,185,197,197,235,235,255,281,281,306,10,44,58,58,58],"floor_reached":16,"playtime":509,"items_purged":[],"score":142,"play_id":"72d10110-7c8f-4c09-9790-5e8e22532c80","local_time":"20181117111107","is_ascension_mode":true,"campfire_choices":[{"data":"Bash","floor":7,"key":"SMITH"},{"data":"Pommel Strike","floor":10,"key":"SMITH"},{"data":"Inflame","floor":15,"key":"SMITH"}],"neow_cost":"NONE","seed_source_timestamp":150078145946210,"circlet_count":0,"master_deck":["Strike_R","Strike_R","Strike_R","Strike_R","Strike_R","Defend_R+1","Defend_R","Defend_R","Defend_R+1","Bash+1","Clothesline","Twin Strike","Anger","Pommel Strike+1","Pommel Strike","Inflame+1","Iron Wave","Shrug It Off","Spot Weakness"],"relics":["Burning Blood","NeowsBlessing","Golden Idol","Omamori","Boot","Sling","Bag of Preparation"],"potions_floor_usage":[16,16],"damage_taken":[{"damage":0,"enemies":"2 Louse","floor":1,"turns":1},{"damage":0,"enemies":"Jaw Worm","floor":4,"turns":1},{"damage":0,"enemies":"3 Sentries","floor":6,"turns":1},{"damage":0,"enemies":"Small Slimes","floor":8,"turns":2},{"damage":12,"enemies":"3 Louse","floor":11,"turns":3},{"damage":14,"enemies":"Gremlin Nob","floor":13,"turns":3},{"damage":0,"enemies":"Large Slime","floor":14,"turns":4},{"damage":44,"enemies":"The Guardian","floor":16,"turns":11}],"seed_played":"-4474502980126321057","potions_obtained":[{"floor":11,"key":"SpeedPotion"},{"floor":13,"key":"Explosive Potion"},{"floor":14,"key":"Dexterity Potion"}],"is_trial":false,"path_per_floor":["M","?","?","M","?","E","R","M","T","R","M","$","E","M","R","B"],"character_chosen":"IRONCLAD","items_purchased":["Inflame","Iron Wave","Sling"],"campfire_rested":0,"item_purchase_floors":[12,12,12],"current_hp_per_floor":[80,64,53,59,39,45,45,51,51,51,45,45,37,43,43,0],"gold":58,"neow_bonus":"THREE_ENEMY_KILL","is_prod":false,"is_daily":false,"chose_seed":false,"campfire_upgraded":3,"win_rate":0,"timestamp":1542471067,"path_taken":["M","?","?","M","?","E","R","?","T","R","M","$","E","M","R","BOSS"],"build_version":"2018-11-15","purchased_purges":0,"victory":false,"max_hp_per_floor":[80,80,80,80,80,80,80,80,80,80,80,80,80,80,80,80],"card_choices":[{"not_picked":["Armaments","Wild Strike"],"picked":"Clothesline","floor":1},{"not_picked":["Clash","Heavy Blade"],"picked":"Twin Strike","floor":4},{"not_picked":["Brutality","Searing Blow"],"picked":"Anger","floor":6},{"not_picked":["Anger","Uppercut"],"picked":"Pommel Strike","floor":8},{"not_picked":["Rupture","Corruption"],"picked":"Pommel Strike","floor":11},{"not_picked":["True Grit","Exhume"],"picked":"Shrug It Off","floor":13},{"not_picked":["Iron Wave","Carnage"],"picked":"Spot Weakness","floor":14}],"player_experience":158505,"relics_obtained":[{"floor":6,"key":"Omamori"},{"floor":9,"key":"Boot"},{"floor":13,"key":"Bag of Preparation"}],"event_choices":[{"damage_healed":0,"gold_gain":0,"player_choice":"Entered Light","damage_taken":16,"max_hp_gain":0,"max_hp_loss":0,"event_name":"Shining Light","floor":2,"gold_loss":0,"cards_upgraded":["Defend_R","Defend_R"]},{"damage_healed":0,"gold_gain":75,"player_choice":"Gather Gold","damage_taken":11,"max_hp_gain":0,"max_hp_loss":0,"event_name":"World of Goop","floor":3,"gold_loss":0},{"damage_healed":0,"gold_gain":0,"player_choice":"Take Damage","damage_taken":20,"relics_obtained":["Golden Idol"],"max_hp_gain":0,"max_hp_loss":0,"event_name":"Golden Idol","floor":5,"gold_loss":0}],"is_beta":false,"boss_relics":[],"items_purged_floors":[],"is_endless":false,"potions_floor_spawned":[11,13,14],"killed_by":"The Guardian","ascension_level":1}