{"gold_per_floor":[118,193,193,43,54,54,66,79,79,96,109,109,9,25,25,128,128,142,154,173,98,98,98,98],"floor_reached":24,"playtime":2018,"items_purged":["Strike_R","Strike_R"],"score":190,"play_id":"46ca59cc-9b1a-4363-989f-f5f2cbe1f3be","local_time":"20180703092429","is_ascension_mode":false,"campfire_choices":[{"floor":6,"key":"REST"},{"floor":15,"key":"REST"},{"data":"Armaments","floor":23,"key":"SMITH"}],"neow_cost":"FIFTY_PERCENT_DAMAGE","seed_source_timestamp":1680262173542267,"circlet_count":0,"master_deck":["Strike_R","Strike_R","Defend_R","Defend_R","Defend_R","Bash","Demon Form","Metallicize","Cleave","Dropkick","Twin Strike","Clash","Reckless Charge","Inflame","Reckless Charge","Flex","Double Tap","Armaments+1","Pummel","Armaments"],"relics":["Burning Blood","Blood Vial","Toolbox","Runic Pyramid"],"potions_floor_usage":[16,16,19],"damage_taken":[{"damage":7,"enemies":"2 Louse","floor":1,"turns":4},{"damage":6,"enemies":"Jaw Worm","floor":5,"turns":2},{"damage":6,"enemies":"Cultist","floor":7,"turns":3},{"damage":12,"enemies":"Looter","floor":8,"turns":4},{"damage":12,"enemies":"Blue Slaver","floor":10,"turns":2},{"damage":19,"enemies":"3 Louse","floor":11,"turns":3},{"damage":13,"enemies":"2 Fungi Beasts","floor":14,"turns":3},{"damage":9,"enemies":"Slime Boss","floor":16,"turns":9},{"damage":41,"enemies":"2 Thieves","floor":18,"turns":4},{"damage":10,"enemies":"Spheric Guardian","floor":19,"turns":3},{"damage":27,"enemies":"3 Cultists","floor":20,"turns":5},{"damage":56,"enemies":"Gremlin Leader","floor":24,"turns":7}],"seed_played":"-5751479811742687559","potions_obtained":[{"floor":1,"key":"SpeedPotion"},{"floor":5,"key":"Dexterity Potion"},{"floor":11,"key":"Energy Potion"},{"floor":18,"key":"Energy Potion"}],"is_trial":false,"path_per_floor":["M","?","?","$","M","R","M","M","T","M","M","?","$","M","R","B",null,"M","M","M","?","?","R"],"character_chosen":"IRONCLAD","items_purchased":["Dropkick"],"campfire_rested":2,"item_purchase_floors":[4],"current_hp_per_floor":[39,28,28,28,28,52,52,46,46,42,31,24,24,19,43,42,80,45,43,24,24,50,50,0],"gold":98,"neow_bonus":"THREE_RARE_CARDS","is_prod":false,"is_daily":false,"chose_seed":false,"campfire_upgraded":1,"win_rate":0.0,"timestamp":1530624269,"path_taken":["M","?","?","$","M","R","M","M","T","M","M","?","?","M","R","BOSS","M","M","M","?","?","R","E"],"build_version":"2018-06-28","purchased_purges":2,"victory":false,"max_hp_per_floor":[80,80,80,80,80,80,80,80,80,80,80,80,80,80,80,80,80,80,80,80,80,80,80,80],"card_choices":[{"not_picked":["Impervious","Dark Embrace"],"picked":"Demon Form","floor":0},{"not_picked":["Carnage","Disarm"],"picked":"Metallicize","floor":1},{"not_picked":["Fire Breathing","Flex"],"picked":"Twin Strike","floor":5},{"not_picked":["Clothesline","Rupture"],"picked":"Clash","floor":7},{"not_picked":["Iron Wave","Ghostly Armor"],"picked":"Reckless Charge","floor":8},{"not_picked":["Shockwave","Pommel Strike"],"picked":"Inflame","floor":10},{"not_picked":["Clothesline","Double Tap"],"picked":"Reckless Charge","floor":11},{"not_picked":["Body Slam","Clothesline"],"picked":"Flex","floor":14},{"not_picked":["Fiend Fire","Berserk"],"picked":"Double Tap","floor":16},{"not_picked":["Corruption+1","Pommel Strike+1"],"picked":"Armaments","floor":18},{"not_picked":["Anger","Warcry"],"picked":"Pummel","floor":19},{"not_picked":["Perfected Strike","Infernal Blade"],"picked":"Armaments","floor":20}],"player_experience":26810,"relics_obtained":[{"floor":9,"key":"Blood Vial"}],"event_choices":[{"event_name":"World of Goop","player_choice":"Gather Gold","floor":2,"damage_taken":0},{"event_name":"Living Wall","player_choice":"Change","floor":3,"damage_taken":0},{"event_name":"Scrap Ooze","player_choice":"success","floor":12,"damage_taken":7},{"event_name":"Beggar","player_choice":"Gave Gold","floor":21,"damage_taken":0},{"event_name":"The Library","player_choice":"Heal","floor":22,"damage_taken":0}],"boss_relics":[{"not_picked":["Calling Bell","Black Star"],"picked":"Runic Pyramid"}],"items_purged_floors":[4,13],"is_endless":false,"potions_floor_spawned":[1,5,11,18],"killed_by":"Gremlin Leader","ascension_level":0}