{"gold_per_floor":[113,113,38,51,0,0,25,25,25,25,25,64,78,93,93,186,186,210,210,234,234],"floor_reached":21,"playtime":1042,"items_purged":["Strike_B"],"score":394,"play_id":"02a27037-6f23-4082-a8f5-31be064b36c7","local_time":"20190418011437","is_ascension_mode":true,"campfire_choices":[{"data":"Conserve Battery","floor":6,"key":"SMITH"},{"floor":11,"key":"REST"},{"data":"Doom and Gloom","floor":15,"key":"SMITH"}],"neow_cost":"NONE","seed_source_timestamp":618597923624590,"circlet_count":0,"master_deck":["AscendersBane","Strike_B","Strike_B","Strike_B+1","Defend_B+1","Defend_B","Defend_B","Zap","Dualcast","Conserve Battery+1","Loop","Doom and Gloom+1","Leap","Machine Learning","Go for the Eyes"],"relics":["Cracked Core","NeowsBlessing","Omamori","Blue Candle","Golden Idol","Happy Flower","Busted Crown"],"potions_floor_usage":[13,16],"damage_taken":[{"damage":0,"enemies":"Cultist","floor":1,"turns":1},{"damage":0,"enemies":"2 Louse","floor":4,"turns":1},{"damage":0,"enemies":"3 Sentries","floor":12,"turns":1},{"damage":2,"enemies":"Jaw Worm","floor":13,"turns":5},{"damage":3,"enemies":"Looter","floor":14,"turns":3},{"damage":49,"enemies":"Slime Boss","floor":16,"turns":10},{"damage":44,"enemies":"3 Byrds","floor":18,"turns":6},{"damage":9,"enemies":"Shell Parasite","floor":20,"turns":5},{"damage":11,"enemies":"Snake Plant","floor":21,"turns":1}],"seed_played":"-7220382485656033880","potions_obtained":[{"floor":4,"key":"FearPotion"},{"floor":12,"key":"AttackPotion"},{"floor":13,"key":"Fruit Juice"},{"floor":20,"key":"Block Potion"}],"is_trial":false,"path_per_floor":["M","?","$","M","?","R","T","$","T","?","R","E","M","M","R","B",null,"M","?","M","M"],"character_chosen":"DEFECT","items_purchased":[],"campfire_rested":1,"item_purchase_floors":[],"current_hp_per_floor":[64,43,43,43,43,43,43,43,43,43,64,64,67,64,64,15,61,17,17,8,0],"gold":234,"neow_bonus":"THREE_ENEMY_KILL","is_prod":false,"is_daily":false,"chose_seed":false,"campfire_upgraded":2,"win_rate":0,"timestamp":1555539277,"path_taken":["M","?","$","M","?","R","?","$","T","?","R","E","M","?","R","BOSS","M","?","M","M"],"build_version":"2019-01-23","purchased_purges":1,"victory":false,"max_hp_per_floor":[71,71,71,71,71,71,71,71,71,71,71,71,76,76,76,76,76,76,76,76,76],"card_choices":[{"not_picked":["Hologram","Self Repair"],"picked":"Conserve Battery","floor":1},{"not_picked":["Double Energy","Stack","Consume"],"picked":"SKIP","floor":4},{"not_picked":["Double Energy","Genetic Algorithm"],"picked":"Loop","floor":12},{"not_picked":["Conserve Battery","Steam"],"picked":"Doom and Gloom","floor":13},{"not_picked":["Steam","Sweeping Beam"],"picked":"Leap","floor":14},{"not_picked":["Meteor Strike","All For One"],"picked":"Machine Learning","floor":16},{"not_picked":["Barrage"],"picked":"SKIP","floor":18},{"not_picked":[],"picked":"Go for the Eyes","floor":20}],"player_experience":821253,"relics_obtained":[{"floor":7,"key":"Omamori"},{"floor":9,"key":"Blue Candle"},{"floor":12,"key":"Happy Flower"}],"event_choices":[{"damage_healed":0,"gold_gain":0,"player_choice":"Entered Light","damage_taken":21,"max_hp_gain":0,"max_hp_loss":0,"event_name":"Shining Light","floor":2,"gold_loss":0,"cards_upgraded":["Strike_B","Defend_B"]},{"damage_healed":0,"gold_gain":0,"player_choice":"Left Gold","damage_taken":0,"max_hp_gain":0,"max_hp_loss":0,"event_name":"World of Goop","floor":5,"gold_loss":51},{"damage_healed":0,"gold_gain":0,"player_choice":"Take Wound","damage_taken":0,"relics_obtained":["Golden Idol"],"max_hp_gain":0,"max_hp_loss":0,"event_name":"Golden Idol","floor":10,"gold_loss":0,"cards_obtained":["Injury"]},{"cards_removed":["Defend_B"],"damage_healed":0,"gold_gain":0,"player_choice":"Purged","damage_taken":0,"max_hp_gain":0,"max_hp_loss":0,"event_name":"Purifier","floor":19,"gold_loss":0}],"is_beta":false,"boss_relics":[{"not_picked":["Nuclear Battery","Velvet Choker"],"picked":"Busted Crown"}],"items_purged_floors":[3],"is_endless":false,"potions_floor_spawned":[4,12,13,20],"killed_by":"Snake Plant","ascension_level":19}