{"gold_per_floor":[116,116,69,79,4,4,38,56,56,56,56,91,143,175,175,279,279,298,53,53,68,88,88],"floor_reached":23,"playtime":851,"items_purged":["Strike_B","Strike_B"],"score":313,"play_id":"a0c8c8ac-7fd2-4842-bc8b-13ebad7b7a84","local_time":"20190415125204","is_ascension_mode":true,"campfire_choices":[{"data":"Zap","floor":6,"key":"SMITH"},{"data":"Defragment","floor":10,"key":"SMITH"},{"data":"Hologram","floor":15,"key":"SMITH"}],"neow_cost":"NONE","seed_source_timestamp":88427637927949,"circlet_count":0,"master_deck":["Strike_B","Defend_B","Defend_B","Defend_B","Defend_B","Zap+1","Dualcast","Ball Lightning","Multi-Cast","Ball Lightning","Hologram+1","Defragment+1","Chill","Creative AI"],"relics":["Cracked Core","NeowsBlessing","Thread and Needle","Bottled Lightning","Potion Belt","Vajra","Ornamental Fan","Inserter","PreservedInsect","CultistMask"],"potions_floor_usage":[],"damage_taken":[{"damage":0,"enemies":"Small Slimes","floor":1,"turns":1},{"damage":0,"enemies":"Cultist","floor":4,"turns":1},{"damage":0,"enemies":"Gremlin Nob","floor":7,"turns":1},{"damage":3,"enemies":"Jaw Worm","floor":8,"turns":2},{"damage":18,"enemies":"Lagavulin","floor":12,"turns":6},{"damage":5,"enemies":"Gremlin Nob","floor":14,"turns":4},{"damage":9,"enemies":"The Guardian","floor":16,"turns":10},{"damage":8,"enemies":"Spheric Guardian","floor":18,"turns":5},{"damage":16,"enemies":"Shell Parasite","floor":21,"turns":7},{"damage":12,"enemies":"Centurion and Healer","floor":22,"turns":9},{"damage":31,"enemies":"Book of Stabbing","floor":23,"turns":4}],"seed_played":"-4351844182111891815","potions_obtained":[{"floor":7,"key":"PowerPotion"},{"floor":12,"key":"SteroidPotion"},{"floor":14,"key":"AttackPotion"},{"floor":18,"key":"SteroidPotion"}],"is_trial":false,"path_per_floor":["M","?","$","M","$","R","E","M","T","R","$","E","T","E","R","B",null,"M","$","?","M","M","E"],"character_chosen":"DEFECT","items_purchased":["Ball Lightning","PreservedInsect"],"campfire_rested":0,"item_purchase_floors":[3,19],"current_hp_per_floor":[68,68,68,68,68,68,68,65,65,65,65,47,47,42,42,33,65,57,57,57,41,29,0],"gold":88,"neow_bonus":"THREE_ENEMY_KILL","is_prod":false,"is_daily":false,"chose_seed":false,"campfire_upgraded":3,"win_rate":0,"timestamp":1555347124,"path_taken":["M","?","$","M","$","R","E","M","T","R","?","E","?","E","R","BOSS","M","$","?","?","M","E"],"build_version":"2019-01-23","purchased_purges":2,"victory":false,"max_hp_per_floor":[75,75,75,75,75,75,75,75,75,75,75,75,75,75,75,75,75,75,75,75,75,75,75],"card_choices":[{"not_picked":["Stack","Turbo"],"picked":"Ball Lightning","floor":1},{"not_picked":["Meteor Strike","Compile Driver"],"picked":"Hologram","floor":4},{"not_picked":["Go for the Eyes","Stack"],"picked":"Defragment","floor":7},{"not_picked":["Leap","Steam","Sweeping Beam"],"picked":"SKIP","floor":8},{"not_picked":["Reinforced Body","Sweeping Beam"],"picked":"Chill","floor":12},{"not_picked":["Rebound","Force Field","Turbo"],"picked":"SKIP","floor":14},{"not_picked":["Hyperbeam","Amplify"],"picked":"Creative AI","floor":16},{"not_picked":["Go for the Eyes","Beam Cell","Steam"],"picked":"SKIP","floor":18},{"not_picked":["Gash","Compile Driver","Hello World"],"picked":"SKIP","floor":21},{"not_picked":["Sunder","Compile Driver","Steam"],"picked":"SKIP","floor":22}],"player_experience":575611,"relics_obtained":[{"floor":7,"key":"Thread and Needle"},{"floor":9,"key":"Bottled Lightning"},{"floor":12,"key":"Potion Belt"},{"floor":13,"key":"Vajra"},{"floor":14,"key":"Ornamental Fan"}],"event_choices":[{"damage_healed":0,"gold_gain":0,"cards_transformed":["Strike_B"],"player_choice":"Transformed","damage_taken":0,"max_hp_gain":0,"max_hp_loss":0,"event_name":"Transmorgrifier","floor":2,"gold_loss":0,"cards_obtained":["Multi-Cast"]},{"damage_healed":0,"gold_gain":0,"player_choice":"Trade","damage_taken":0,"relics_obtained":["CultistMask"],"max_hp_gain":0,"max_hp_loss":0,"event_name":"FaceTrader","floor":20,"gold_loss":0}],"is_beta":false,"boss_relics":[{"not_picked":["Tiny House","Runic Dome"],"picked":"Inserter"}],"items_purged_floors":[5,19],"is_endless":false,"potions_floor_spawned":[7,12,14,18],"killed_by":"Book of Stabbing","ascension_level":7}