{"gold_per_floor":[118,118,44,44,44,69,85,97,97,126,126,85,85,103,103,203,203,113,113,64,64,64,64,0,0,0,0,0,0,0,0,0,0,0,0,0,0,0,0,0,0,0,0,0,0,0,0,0,0,0],"floor_reached":51,"playtime":2551,"items_purged":[],"score":984,"play_id":"a57a4f6d-d5ff-4436-9dc4-9cd167aec74f","local_time":"20190119002646","is_ascension_mode":true,"campfire_choices":[{"floor":11,"key":"REST"},{"data":"Catalyst","floor":13,"key":"SMITH"},{"data":"Bouncing Flask","floor":15,"key":"SMITH"},{"floor":23,"key":"REST"},{"data":"Well Laid Plans","floor":25,"key":"SMITH"},{"data":"Malaise","floor":27,"key":"SMITH"},{"floor":29,"key":"REST"},{"floor":32,"key":"REST"},{"data":"A Thousand Cuts","floor":40,"key":"SMITH"},{"data":"Cloak And Dagger","floor":41,"key":"SMITH"},{"data":"A Thousand Cuts","floor":44,"key":"SMITH"},{"data":"Acrobatics","floor":46,"key":"SMITH"},{"data":"Deadly Poison","floor":47,"key":"SMITH"},{"data":"Cloak And Dagger","floor":49,"key":"SMITH"}],"neow_cost":"TEN_PERCENT_HP_LOSS","seed_source_timestamp":59780537527335,"circlet_count":0,"master_deck":["Defend_G+1","Defend_G+1","Defend_G","Defend_G","Defend_G","Strike_G","Strike_G","Strike_G","Survivor","Neutralize+1","Deadly Poison+1","Well Laid Plans+1","Malaise+1","Cloak And Dagger+1","Catalyst+1","Bouncing Flask+1","Cloak And Dagger+1","Venomology","Backstab","PiercingWail","Crippling Poison","Dash","PiercingWail","A Thousand Cuts+1","Acrobatics+1","Poisoned Stab+1","PiercingWail+1","A Thousand Cuts+1","Dodge and Roll+1"],"relics":["Ring of the Serpent","FossilizedHelix","Ice Cream","The Specimen","Potion Belt","Ectoplasm","WingedGreaves","StoneCalendar","Question Card","Unceasing Top","Anchor"],"potions_floor_usage":[10,19,21,21,21,21,50,50,50],"damage_taken":[{"damage":0,"enemies":"2 Louse","floor":1,"turns":4},{"damage":26,"enemies":"3 Sentries","floor":6,"turns":15},{"damage":0,"enemies":"Jaw Worm","floor":7,"turns":5},{"damage":0,"enemies":"Small Slimes","floor":8,"turns":3},{"damage":23,"enemies":"Gremlin Nob","floor":10,"turns":6},{"damage":0,"enemies":"Looter","floor":14,"turns":4},{"damage":0,"enemies":"The Guardian","floor":16,"turns":8},{"damage":24,"enemies":"2 Thieves","floor":18,"turns":5},{"damage":6,"enemies":"3 Byrds","floor":19,"turns":4},{"damage":20,"enemies":"3 Cultists","floor":21,"turns":7},{"damage":15,"enemies":"Slavers","floor":30,"turns":5},{"damage":16,"enemies":"Champ","floor":33,"turns":19},{"damage":2,"enemies":"3 Shapes","floor":35,"turns":5},{"damage":4,"enemies":"Orb Walker","floor":36,"turns":5},{"damage":0,"enemies":"Mind Bloom Boss Battle","floor":38,"turns":7},{"damage":0,"enemies":"Maw","floor":42,"turns":6},{"damage":0,"enemies":"4 Shapes","floor":48,"turns":4},{"damage":38,"enemies":"Donu and Deca","floor":50,"turns":9}],"seed_played":"7356160890104238824","potions_obtained":[{"floor":7,"key":"SpeedPotion"},{"floor":10,"key":"Dexterity Potion"},{"floor":18,"key":"Fire Potion"},{"floor":21,"key":"Energy Potion"},{"floor":38,"key":"Poison Potion"},{"floor":39,"key":"FairyPotion"}],"is_trial":false,"path_per_floor":["M","?","$","?","?","E","M","M","T","E","R","?","R","M","R","B",null,"M","M","$","M","?","R","?","R","T","R","?","R","E","T","R","B",null,"M","M","$","?","?","R","R","M","T","R","?","R","R","M","R","B",null],"character_chosen":"THE_SILENT","items_purchased":["Well Laid Plans","PiercingWail"],"campfire_rested":4,"item_purchase_floors":[3,20],"current_hp_per_floor":[63,63,63,63,50,24,24,24,24,1,19,19,19,19,19,19,52,28,22,22,2,2,20,20,20,20,20,20,38,23,23,41,25,54,52,48,48,48,48,48,48,48,48,48,48,48,48,48,48,10],"gold":0,"neow_bonus":"ONE_RARE_RELIC","is_prod":false,"is_daily":false,"chose_seed":false,"campfire_upgraded":10,"win_rate":0,"timestamp":1547875606,"path_taken":["M","?","$","?","?","E","?","M","T","E","R","?","R","M","R","BOSS","M","M","$","M","?","R","?","R","T","R","?","R","E","?","R","BOSS","M","M","$","?","?","R","R","?","T","R","?","R","R","M","R","BOSS"],"build_version":"2019-01-17v2","purchased_purges":0,"victory":true,"max_hp_per_floor":[63,63,63,63,63,63,63,63,63,63,63,63,63,63,63,63,63,63,63,63,63,63,63,63,63,63,63,63,63,63,63,63,63,63,63,63,63,63,63,63,63,63,63,63,63,63,63,63,63,63],"card_choices":[{"not_picked":["Bane","Escape Plan"],"picked":"Deadly Poison","floor":1},{"not_picked":["Deflect","Dagger Throw"],"picked":"Malaise","floor":6},{"not_picked":["Deadly Poison","Underhanded Strike"],"picked":"Cloak And Dagger","floor":7},{"not_picked":["Prepared","Backflip"],"picked":"Catalyst","floor":8},{"not_picked":["Deadly Poison","Sucker Punch"],"picked":"Bouncing Flask","floor":10},{"not_picked":["Deflect","Reflex"],"picked":"Cloak And Dagger","floor":14},{"not_picked":["Doppelganger","Unload"],"picked":"Venomology","floor":16},{"not_picked":["Underhanded Strike","Poisoned Stab","Dagger Spray"],"picked":"SKIP","floor":18},{"not_picked":["Blade Dance","Deflect"],"picked":"Backstab","floor":19},{"not_picked":["Riddle With Holes+1","Prepared"],"picked":"Crippling Poison","floor":21},{"not_picked":["Sucker Punch","Dagger Spray"],"picked":"PiercingWail","floor":30},{"not_picked":["Venomology","Glass Knife","Tools of the Trade"],"picked":"A Thousand Cuts","floor":33},{"not_picked":["Quick Slash","Riddle With Holes+1","Skewer+1"],"picked":"Acrobatics","floor":35},{"not_picked":["Dash+1","Flying Knee","Cloak And Dagger+1"],"picked":"Poisoned Stab+1","floor":36},{"not_picked":["Flying Knee","Calculated Gamble","Bane+1"],"picked":"PiercingWail+1","floor":38},{"not_picked":["Poisoned Stab","Prepared","Choke"],"picked":"A Thousand Cuts","floor":42},{"not_picked":["Deflect+1","Deadly Poison+1","Dagger Spray+1"],"picked":"Dodge and Roll+1","floor":48}],"player_experience":402971,"relics_obtained":[{"floor":6,"key":"Ice Cream"},{"floor":9,"key":"The Specimen"},{"floor":10,"key":"Potion Belt"},{"floor":26,"key":"WingedGreaves"},{"floor":30,"key":"StoneCalendar"},{"floor":31,"key":"Question Card"},{"floor":38,"key":"Unceasing Top"},{"floor":43,"key":"Anchor"}],"event_choices":[{"damage_healed":0,"gold_gain":0,"player_choice":"Grow","damage_taken":0,"max_hp_gain":0,"max_hp_loss":0,"event_name":"Living Wall","floor":2,"gold_loss":0,"cards_upgraded":["Neutralize"]},{"damage_healed":0,"gold_gain":0,"player_choice":"Ignored","damage_taken":0,"max_hp_gain":0,"max_hp_loss":0,"event_name":"Liars Game","floor":4,"gold_loss":0},{"damage_healed":0,"gold_gain":0,"player_choice":"Entered Light","damage_taken":13,"max_hp_gain":0,"max_hp_loss":0,"event_name":"Shining Light","floor":5,"gold_loss":0,"cards_upgraded":["Defend_G","Defend_G"]},{"damage_healed":0,"gold_gain":0,"player_choice":"Left Gold","damage_taken":0,"max_hp_gain":0,"max_hp_loss":0,"event_name":"World of Goop","floor":12,"gold_loss":41},{"damage_healed":0,"gold_gain":99,"player_choice":"Stole From Cult","damage_taken":0,"max_hp_gain":0,"max_hp_loss":0,"event_name":"Nest","floor":22,"gold_loss":0},{"damage_healed":0,"gold_gain":0,"player_choice":"Paid Fearfully","damage_taken":0,"max_hp_gain":0,"max_hp_loss":0,"event_name":"Masked Bandits","floor":24,"gold_loss":64},{"damage_healed":0,"gold_gain":0,"cards_transformed":["Strike_G","Strike_G"],"player_choice":"Became Test Subject","damage_taken":0,"max_hp_gain":0,"max_hp_loss":0,"event_name":"Drug Dealer","floor":28,"gold_loss":0,"cards_obtained":["All Out Attack","Dash"]},{"damage_healed":0,"gold_gain":0,"player_choice":"Fight","damage_taken":0,"max_hp_gain":0,"max_hp_loss":0,"event_name":"MindBloom","floor":38,"gold_loss":0},{"damage_healed":0,"gold_gain":0,"player_choice":"Got Potions","damage_taken":0,"max_hp_gain":0,"max_hp_loss":0,"event_name":"Lab","floor":39,"gold_loss":0},{"cards_removed":["All Out Attack"],"damage_healed":0,"gold_gain":0,"player_choice":"Removed Attack","damage_taken":0,"max_hp_gain":0,"max_hp_loss":0,"event_name":"Falling","floor":45,"gold_loss":0}],"is_beta":false,"boss_relics":[{"not_picked":["Fusion Hammer","Eternal Feather"],"picked":"Ectoplasm"},{"not_picked":["Philosopher\u0027s Stone","Runic Pyramid"],"picked":"Ring of the Serpent"}],"items_purged_floors":[],"is_endless":false,"potions_floor_spawned":[7,10,18,21,38,42],"ascension_level":8}