{"gold_per_floor":[109,124,124,137,137,165,178,178,202,202,233,243,243,15,15,113,113,94,94,109,109,125,154,154,187,187,204,221,221,221,241,241,241],"floor_reached":33,"playtime":2551,"items_purged":["Strike_R"],"score":500,"play_id":"6d0004fe-098e-4ca1-a393-aafeda2039b5","local_time":"20190127105258","is_ascension_mode":true,"campfire_choices":[{"floor":13.0,"key":"REST"},{"floor":15.0,"key":"REST"},{"floor":24.0,"key":"REST"},{"floor":29.0,"key":"REST"},{"data":"Uppercut","floor":32.0,"key":"SMITH"}],"neow_cost":"NONE","seed_source_timestamp":0,"circlet_count":0,"master_deck":["AscendersBane","Defend_R+1","Defend_R+1","Defend_R+1","Bash","Uppercut+1","Headbutt+1","Headbutt+1","True Grit","Anger","Parasite","Anger","Impervious","Bite","Bite","Bite","Bite","Bite","Shrug It Off","Iron Wave","Inflame","Rage+1"],"special_seed":0,"relics":["Empty Cage","Boot","Bronze Scales","Omamori","PreservedInsect","Cursed Key","Pocketwatch","Potion Belt"],"potions_floor_usage":[],"damage_taken":[{"damage":9.0,"enemies":"Jaw Worm","floor":1.0,"turns":4.0},{"damage":11.0,"enemies":"2 Louse","floor":2.0,"turns":3.0},{"damage":5.0,"enemies":"Small Slimes","floor":4.0,"turns":3.0},{"damage":8.0,"enemies":"Gremlin Nob","floor":6.0,"turns":3.0},{"damage":10.0,"enemies":"3 Louse","floor":7.0,"turns":3.0},{"damage":28.0,"enemies":"3 Sentries","floor":11.0,"turns":7.0},{"damage":24.0,"enemies":"Exordium Thugs","floor":12.0,"turns":5.0},{"damage":12.0,"enemies":"Slime Boss","floor":16.0,"turns":9.0},{"damage":23.0,"enemies":"2 Thieves","floor":18.0,"turns":4.0},{"damage":12.0,"enemies":"3 Byrds","floor":20.0,"turns":3.0},{"damage":13.0,"enemies":"Snake Plant","floor":22.0,"turns":4.0},{"damage":13.0,"enemies":"Slavers","floor":23.0,"turns":6.0},{"damage":21.0,"enemies":"Book of Stabbing","floor":25.0,"turns":5.0},{"damage":14.0,"enemies":"3 Cultists","floor":27.0,"turns":5.0},{"damage":14.0,"enemies":"Shelled Parasite and Fungi","floor":28.0,"turns":6.0},{"damage":8.0,"enemies":"Snake Plant","floor":31.0,"turns":3.0},{"damage":75,"enemies":"Automaton","floor":33,"turns":10}],"seed_played":"-6112787896332673976","potions_obtained":[{"floor":1.0,"key":"AttackPotion"},{"floor":2.0,"key":"AttackPotion"},{"floor":6.0,"key":"Poison Potion"},{"floor":12.0,"key":"SteroidPotion"},{"floor":18.0,"key":"Block Potion"},{"floor":23.0,"key":"SmokeBomb"}],"is_trial":false,"path_per_floor":["M","M","?","M","?","E","M","?","T","?","E","M","R","$","R","B",null,"M","?","M","?","M","E","R","E","T","M","M","R","?","M","R","B"],"character_chosen":"IRONCLAD","items_purchased":["PreservedInsect"],"campfire_rested":4,"item_purchase_floors":[14],"current_hp_per_floor":[63,52,52,47,31,23,13,33,33,59,31,7,31,31,55,43,71,48,48,44,44,39,36,52,38,38,38,38,54,54,52,52,0],"gold":241,"neow_bonus":"BOSS_RELIC","is_prod":false,"is_daily":false,"chose_seed":false,"campfire_upgraded":1,"win_rate":0,"timestamp":1548579178,"path_taken":["M","M","?","M","?","E","M","?","T","?","E","M","R","$","R","BOSS","M","?","M","?","M","E","R","E","T","M","M","R","?","M","R","BOSS"],"build_version":"2019-01-23","purchased_purges":1,"victory":false,"max_hp_per_floor":[80,80,80,80,80,80,80,80,80,80,80,80,80,80,80,80,80,80,56,56,56,56,56,56,56,56,56,56,56,56,56,56,56],"card_choices":[{"not_picked":["Twin Strike","Clash"],"picked":"Uppercut","floor":1.0},{"not_picked":["Corruption","Anger"],"picked":"Headbutt","floor":2.0},{"not_picked":["Thunderclap","Reckless Charge"],"picked":"Headbutt","floor":4.0},{"not_picked":["Offering","Seeing Red"],"picked":"True Grit","floor":6.0},{"not_picked":["Sentinel","Second Wind"],"picked":"Anger","floor":7.0},{"not_picked":["Dual Wield","Pommel Strike","Clothesline"],"picked":"SKIP","floor":11.0},{"not_picked":["Havoc","Fire Breathing"],"picked":"Anger","floor":12.0},{"not_picked":["Exhume","Offering"],"picked":"Impervious","floor":16.0},{"not_picked":["Dual Wield","Wild Strike","Reckless Charge"],"picked":"SKIP","floor":18.0},{"not_picked":["Second Wind","Clash"],"picked":"Shrug It Off","floor":20.0},{"not_picked":["Wild Strike","Double Tap"],"picked":"Iron Wave","floor":22.0},{"not_picked":["Havoc","Bloodletting"],"picked":"Inflame","floor":23.0},{"not_picked":["Thunderclap","Burning Pact","True Grit"],"picked":"SKIP","floor":25.0},{"not_picked":["Perfected Strike","Body Slam"],"picked":"Rage+1","floor":27.0},{"not_picked":["Hemokinesis","Metallicize","Sever Soul"],"picked":"SKIP","floor":28.0},{"not_picked":["Body Slam","Clash","Pommel Strike"],"picked":"SKIP","floor":31.0}],"player_experience":400302,"relics_obtained":[{"floor":6.0,"key":"Boot"},{"floor":9.0,"key":"Bronze Scales"},{"floor":11.0,"key":"Omamori"},{"floor":23.0,"key":"Pocketwatch"},{"floor":25.0,"key":"Potion Belt"}],"event_choices":[{"damage_healed":0.0,"max_hp_gain":0.0,"max_hp_loss":0.0,"gold_gain":0.0,"event_name":"Scrap Ooze","player_choice":"Fled","floor":3.0,"gold_loss":0.0,"damage_taken":0.0},{"damage_healed":0.0,"max_hp_gain":0.0,"max_hp_loss":0.0,"gold_gain":0.0,"event_name":"Shining Light","player_choice":"Entered Light","floor":5.0,"gold_loss":0.0,"damage_taken":16.0,"cards_upgraded":["Headbutt","Headbutt"]},{"damage_healed":20.0,"max_hp_gain":0.0,"max_hp_loss":0.0,"gold_gain":0.0,"event_name":"Mushrooms","player_choice":"Healed and dodged fight","floor":8.0,"gold_loss":0.0,"damage_taken":0.0,"cards_obtained":["Parasite"]},{"damage_healed":26.0,"max_hp_gain":0.0,"max_hp_loss":0.0,"gold_gain":0.0,"event_name":"Big Fish","player_choice":"Banana","floor":10.0,"gold_loss":0.0,"damage_taken":0.0},{"damage_healed":0.0,"max_hp_gain":0.0,"max_hp_loss":24.0,"gold_gain":0.0,"event_name":"Vampires","player_choice":"Became a vampire","floor":19.0,"gold_loss":0.0,"damage_taken":0.0,"cards_obtained":["Bite","Bite","Bite","Bite","Bite"]},{"damage_healed":0.0,"max_hp_gain":0.0,"max_hp_loss":0.0,"gold_gain":0.0,"event_name":"Back to Basics","player_choice":"Simplicity","floor":21.0,"gold_loss":0.0,"damage_taken":0.0,"cards_upgraded":["Defend_R","Defend_R","Defend_R"]},{"damage_healed":0.0,"max_hp_gain":0.0,"max_hp_loss":0.0,"gold_gain":0.0,"event_name":"Ghosts","player_choice":"Ignored","floor":30.0,"gold_loss":0.0,"damage_taken":0.0}],"is_beta":false,"boss_relics":[{"not_picked":["Runic Dome","White Beast Statue"],"picked":"Cursed Key"}],"items_purged_floors":[14],"is_endless":false,"potions_floor_spawned":[1,2,6,12,18,23],"killed_by":"Automaton","ascension_level":12}