{"gold_per_floor":[113,38,38,14,14,42,42,55,55,55,55,133,163,183,183,183],"floor_reached":16,"playtime":485,"items_purged":["Strike_R"],"score":223,"play_id":"8572cb1e-8f5a-4224-958a-0d325ddf89ed","local_time":"20190129135208","is_ascension_mode":true,"campfire_choices":[{"data":"Bash","floor":10,"key":"SMITH"},{"floor":15,"key":"REST"}],"neow_cost":"NONE","seed_source_timestamp":1540236619250570,"circlet_count":0,"master_deck":["AscendersBane","Strike_R","Strike_R","Strike_R","Strike_R","Defend_R","Defend_R","Defend_R","Defend_R","Bash+1","Sword Boomerang","Regret","Reaper","Battle Trance","Shrug It Off","Iron Wave"],"relics":["Burning Blood","NeowsBlessing","Bird Faced Urn","Regal Pillow","The Courier","Bottled Lightning","Bronze Scales"],"potions_floor_usage":[13],"damage_taken":[{"damage":0,"enemies":"2 Louse","floor":1,"turns":1},{"damage":0,"enemies":"Gremlin Nob","floor":6,"turns":1},{"damage":0,"enemies":"Small Slimes","floor":8,"turns":1},{"damage":49,"enemies":"Lagavulin","floor":13,"turns":6},{"damage":20,"enemies":"Jaw Worm","floor":14,"turns":4},{"damage":73,"enemies":"Slime Boss","floor":16,"turns":9}],"seed_played":"975785228256464755","potions_obtained":[{"floor":1,"key":"Strength Potion"}],"is_trial":false,"path_per_floor":["M","$","?","?","?","E","?","M","T","R","$","T","E","M","R","B"],"character_chosen":"IRONCLAD","items_purchased":[],"campfire_rested":1,"item_purchase_floors":[],"current_hp_per_floor":[74,74,74,74,74,75,75,75,75,75,75,75,32,19,56,0],"gold":183,"neow_bonus":"THREE_ENEMY_KILL","is_prod":false,"is_daily":false,"chose_seed":false,"campfire_upgraded":1,"win_rate":0,"timestamp":1548762728,"path_taken":["M","$","?","?","?","E","?","M","T","R","?","?","E","?","R","BOSS"],"build_version":"2019-01-23","purchased_purges":1,"victory":false,"max_hp_per_floor":[75,75,75,75,75,75,75,75,75,75,75,75,75,75,75,75],"card_choices":[{"not_picked":["Havoc","Twin Strike"],"picked":"Sword Boomerang","floor":1},{"not_picked":["Whirlwind","Dark Embrace"],"picked":"Reaper","floor":6},{"not_picked":["Clothesline","Pummel"],"picked":"Battle Trance","floor":8},{"not_picked":["Anger","Double Tap"],"picked":"Shrug It Off","floor":13},{"not_picked":["Warcry","Armaments"],"picked":"Iron Wave","floor":14}],"player_experience":449890,"relics_obtained":[{"floor":6,"key":"Regal Pillow"},{"floor":9,"key":"The Courier"},{"floor":12,"key":"Bottled Lightning"},{"floor":13,"key":"Bronze Scales"}],"event_choices":[{"damage_healed":0,"gold_gain":0,"player_choice":"Leave","damage_taken":0,"max_hp_gain":0,"max_hp_loss":0,"event_name":"The Cleric","floor":3,"gold_loss":0},{"damage_healed":0,"gold_gain":0,"player_choice":"Left Gold","damage_taken":0,"max_hp_gain":0,"max_hp_loss":0,"event_name":"World of Goop","floor":4,"gold_loss":24},{"damage_healed":0,"gold_gain":0,"player_choice":"Box","damage_taken":0,"relics_obtained":["Bird Faced Urn"],"max_hp_gain":0,"max_hp_loss":0,"event_name":"Big Fish","floor":5,"gold_loss":0,"cards_obtained":["Regret"]},{"damage_healed":0,"gold_gain":0,"player_choice":"Ignored","damage_taken":0,"max_hp_gain":0,"max_hp_loss":0,"event_name":"Liars Game","floor":7,"gold_loss":0}],"is_beta":false,"boss_relics":[],"items_purged_floors":[2],"is_endless":false,"potions_floor_spawned":[1],"killed_by":"Slime Boss","ascension_level":14}