{"gold_per_floor":[109,284,302,18,33,33,62,62,62,62,127,127,127,127,127,252,252,267,292,94,110,124,124,150,150,229,229,269,194,194,194,194,313,313,338,338,338,359,123,123,141,141,141,94,94,138,152,152,152,152],"floor_reached":50,"playtime":3815,"items_purged":["Doubt","Doubt","Grand Finale"],"score":623,"play_id":"4aeaa2fe-3b34-455a-9624-10a8f0d09b24","local_time":"20190120011558","is_ascension_mode":true,"campfire_choices":[{"data":"Neutralize","floor":6.0,"key":"SMITH"},{"data":"Backstab","floor":8.0,"key":"SMITH"},{"floor":10.0,"key":"REST"},{"data":"Backstab","floor":12.0,"key":"SMITH"},{"floor":15.0,"key":"REST"},{"floor":23.0,"key":"REST"},{"floor":25.0,"key":"DIG"},{"floor":27.0,"key":"REST"},{"floor":30.0,"key":"DIG"},{"floor":32.0,"key":"RECALL"},{"floor":40,"key":"DIG"},{"floor":42,"key":"REST"},{"floor":45,"key":"DIG"},{"floor":49,"key":"REST"}],"neow_cost":"NONE","seed_source_timestamp":713883012170424,"circlet_count":0,"master_deck":["Survivor","Neutralize+1","Backstab+1","Phantasmal Killer","Caltrops","All Out Attack","Predator","Backstab","Cloak And Dagger","Phantasmal Killer","All Out Attack","Dagger Spray","Backstab+1","Prepared","Escape Plan","Dramatic Entrance","Quick Slash","Corpse Explosion+1","Cloak And Dagger","Tools of the Trade","Parasite","Acrobatics+1","Underhanded Strike","Flying Knee","Calculated Gamble","After Image","Blur","Well Laid Plans","Backflip","Flying Knee"],"special_seed":0,"relics":["Pandora\u0027s Box","Pocketwatch","Singing Bowl","Tiny Chest","Golden Idol","Shovel","Calling Bell","Anchor","Sundial","Incense Burner","Bottled Lightning","Pantograph","Unceasing Top","Ancient Tea Set","Busted Crown","Shuriken","Mummified Hand","Bronze Scales","Meat on the Bone","Kunai"],"potions_floor_usage":[41,47,50],"damage_taken":[{"damage":12.0,"enemies":"Jaw Worm","floor":1.0,"turns":2.0},{"damage":0.0,"enemies":"Cultist","floor":3.0,"turns":2.0},{"damage":0.0,"enemies":"2 Louse","floor":5.0,"turns":1.0},{"damage":2.0,"enemies":"3 Sentries","floor":7.0,"turns":3.0},{"damage":0.0,"enemies":"Gremlin Nob","floor":11.0,"turns":2.0},{"damage":27.0,"enemies":"The Guardian","floor":16.0,"turns":11.0},{"damage":0.0,"enemies":"Spheric Guardian","floor":18.0,"turns":2.0},{"damage":8.0,"enemies":"2 Thieves","floor":19.0,"turns":3.0},{"damage":18.0,"enemies":"Snecko","floor":21.0,"turns":3.0},{"damage":18.0,"enemies":"Centurion and Healer","floor":22.0,"turns":3.0},{"damage":0.0,"enemies":"Slavers","floor":28.0,"turns":2.0},{"damage":65.0,"enemies":"Automaton","floor":33.0,"turns":10.0},{"damage":8.0,"enemies":"Orb Walker","floor":35.0,"turns":3.0},{"damage":6,"enemies":"3 Shapes","floor":38,"turns":1},{"damage":13,"enemies":"Sphere and 2 Shapes","floor":41,"turns":4},{"damage":21,"enemies":"Reptomancer","floor":46,"turns":4},{"damage":0,"enemies":"Transient","floor":47,"turns":5},{"damage":84,"enemies":"Time Eater","floor":50,"turns":7}],"seed_played":"-1278164008886808185","potions_obtained":[{"floor":3.0,"key":"PowerPotion"},{"floor":5.0,"key":"Fire Potion"},{"floor":18.0,"key":"EssenceOfSteel"},{"floor":21.0,"key":"SteroidPotion"},{"floor":33.0,"key":"Dexterity Potion"},{"floor":35.0,"key":"PowerPotion"},{"floor":46,"key":"AttackPotion"}],"is_trial":false,"path_per_floor":["M","?","M","$","M","R","E","R","T","R","E","R","?","T","R","B",null,"M","M","$","M","M","R","T","R","T","R","E","?","R","$","R","B",null,"M","?","?","M","$","R","M","R","T","$","R","E","M","T","R","B"],"character_chosen":"THE_SILENT","items_purchased":["Prepared","Escape Plan","Dramatic Entrance","Underhanded Strike","Flying Knee","Blur","Well Laid Plans","Flying Knee"],"campfire_rested":6,"item_purchase_floors":[4,4,4,20,20,39,39,44],"current_hp_per_floor":[58,58,58,58,58,58,56,56,56,70,70,70,53,53,70,43,70,72,64,64,48,32,54,54,54,54,76,76,76,76,76,76,11,76,70,70,70,66,66,66,53,77,77,77,77,58,60,60,84,0],"gold":152,"neow_bonus":"BOSS_RELIC","is_prod":false,"is_daily":false,"chose_seed":false,"campfire_upgraded":3,"win_rate":0,"timestamp":1547939758,"path_taken":["M","?","M","$","M","R","E","R","T","R","E","R","?","?","R","BOSS","M","M","$","M","?","R","?","R","T","R","E","?","R","$","R","BOSS","M","?","?","M","$","R","?","R","T","$","R","E","M","?","R","BOSS"],"build_version":"2019-01-17v2","purchased_purges":3,"victory":false,"max_hp_per_floor":[70,70,70,70,70,70,70,70,70,70,70,70,70,70,70,70,70,72,72,72,74,76,76,76,76,76,76,76,76,76,76,76,76,76,78,78,78,80,80,80,80,80,80,80,80,82,84,84,84,84],"card_choices":[{"not_picked":["Prepared","Deadly Poison"],"picked":"Dagger Spray","floor":1.0},{"not_picked":["Deadly Poison","Riddle With Holes"],"picked":"Backstab","floor":3.0},{"not_picked":["Acrobatics","Deflect"],"picked":"Quick Slash","floor":5.0},{"not_picked":["Blade Dance","Bane"],"picked":"Corpse Explosion","floor":7.0},{"not_picked":["Reflex","Dagger Spray"],"picked":"Cloak And Dagger","floor":11.0},{"not_picked":["Envenom","Die Die Die"],"picked":"Tools of the Trade","floor":16.0},{"not_picked":["PiercingWail+1","Slice+1","Dagger Throw"],"picked":"Singing Bowl","floor":18.0},{"not_picked":["Finisher","Deadly Poison"],"picked":"Acrobatics+1","floor":19.0},{"not_picked":["Deadly Poison","Blade Dance+1","Bane"],"picked":"Singing Bowl","floor":21.0},{"not_picked":["Phantasmal Killer","Dagger Throw","Bane"],"picked":"Singing Bowl","floor":22.0},{"not_picked":["Predator","Cloak And Dagger+1"],"picked":"Calculated Gamble","floor":28.0},{"not_picked":["Tools of the Trade","Die Die Die"],"picked":"After Image","floor":33.0},{"not_picked":["Deflect"],"picked":"Singing Bowl","floor":35.0},{"not_picked":["Endless Agony"],"picked":"Singing Bowl","floor":38},{"not_picked":[],"picked":"Backflip","floor":41},{"not_picked":["Dodge and Roll"],"picked":"Singing Bowl","floor":46},{"not_picked":["Endless Agony+1"],"picked":"Singing Bowl","floor":47}],"player_experience":302538,"relics_obtained":[{"floor":7.0,"key":"Pocketwatch"},{"floor":9.0,"key":"Singing Bowl"},{"floor":11.0,"key":"Tiny Chest"},{"floor":14.0,"key":"Shovel"},{"floor":17.0,"key":"Anchor"},{"floor":17.0,"key":"Sundial"},{"floor":17.0,"key":"Incense Burner"},{"floor":25.0,"key":"Bottled Lightning"},{"floor":26.0,"key":"Pantograph"},{"floor":28.0,"key":"Unceasing Top"},{"floor":30.0,"key":"Ancient Tea Set"},{"floor":40,"key":"Shuriken"},{"floor":43,"key":"Mummified Hand"},{"floor":45,"key":"Bronze Scales"},{"floor":46,"key":"Meat on the Bone"},{"floor":48,"key":"Kunai"}],"event_choices":[{"damage_healed":0.0,"max_hp_gain":0.0,"max_hp_loss":0.0,"gold_gain":175.0,"event_name":"Liars Game","player_choice":"AGREE","floor":2.0,"gold_loss":0.0,"damage_taken":0.0,"cards_obtained":["Doubt"]},{"damage_healed":0.0,"max_hp_gain":0.0,"max_hp_loss":0.0,"gold_gain":0.0,"event_name":"Golden Idol","player_choice":"Take Damage","floor":13.0,"gold_loss":0.0,"damage_taken":17.0,"relics_obtained":["Golden Idol"]},{"cards_removed":["Clumsy"],"damage_healed":0.0,"max_hp_gain":0.0,"max_hp_loss":0.0,"gold_gain":0.0,"event_name":"Beggar","player_choice":"Gave Gold","floor":29.0,"gold_loss":75.0,"damage_taken":0.0},{"damage_healed":0,"gold_gain":0,"player_choice":"Ignored","damage_taken":0,"max_hp_gain":0,"max_hp_loss":0,"event_name":"Tomb of Lord Red Mask","floor":36,"gold_loss":0},{"damage_healed":0,"gold_gain":0,"player_choice":"Upgraded","damage_taken":0,"max_hp_gain":0,"max_hp_loss":0,"event_name":"Upgrade Shrine","floor":37,"gold_loss":0,"cards_upgraded":["Corpse Explosion"]}],"is_beta":false,"boss_relics":[{"not_picked":["Coffee Dripper","White Beast Statue"],"picked":"Calling Bell"},{"not_picked":["Empty Cage","Orrery"],"picked":"Busted Crown"}],"items_purged_floors":[4,20,39],"is_endless":false,"potions_floor_spawned":[3,5,18,21,33,35,46],"killed_by":"Time Eater","ascension_level":3}