{"gold_per_floor":[117,14,34,109,59,59,71,71,98,125,125,140,21,21,21,124,124,140,158,257,257,257,257,290,21,48,59,74,74,94,94,94,193,193,204,204,218,143,160,160,35,53,121,121,121,121,121,138,138,138],"floor_reached":51,"playtime":2824,"items_purged":["Injury"],"score":848,"play_id":"1d770e3f-1a4a-458e-8dd4-1638d93e9739","local_time":"20181218174853","is_ascension_mode":true,"campfire_choices":[{"data":"Neutralize","floor":6,"key":"SMITH"},{"data":"Sucker Punch","floor":8,"key":"SMITH"},{"data":"Noxious Fumes","floor":15,"key":"SMITH"},{"data":"Footwork","floor":23,"key":"SMITH"},{"floor":29,"key":"REST"},{"floor":32,"key":"REST"},{"floor":40,"key":"REST"},{"data":"Night Terror","floor":44,"key":"SMITH"},{"data":"Burst","floor":47,"key":"SMITH"},{"floor":49,"key":"REST"}],"neow_cost":"CURSE","seed_source_timestamp":457156109076671,"circlet_count":0,"master_deck":["Defend_G+1","Defend_G+1","Defend_G+1","Defend_G+1","Defend_G+1","Strike_G+1","Strike_G+1","Survivor","Neutralize+1","Die Die Die","Backflip","Footwork+1","Dodge and Roll","Quick Slash","Sucker Punch+1","Dagger Spray","Dash","Crippling Poison","Noxious Fumes+1","PiercingWail","Night Terror+1","Leg Sweep","Deflect+1","PiercingWail","Catalyst+1","Leg Sweep","Burst+1","Catalyst+1","Choke+1","All Out Attack+1","Dodge and Roll+1","Catalyst","Cloak And Dagger","Parasite","Good Instincts","Neutralize","PiercingWail+1"],"relics":["Ring of the Snake","Vajra","Shovel","Bottled Tornado","Sozu","Ornamental Fan","Bottled Lightning","Happy Flower","Astrolabe","Darkstone Periapt"],"potions_floor_usage":[24,48,50],"damage_taken":[{"damage":0,"enemies":"Jaw Worm","floor":1,"turns":5},{"damage":0,"enemies":"Small Slimes","floor":3,"turns":3},{"damage":0,"enemies":"2 Louse","floor":7,"turns":1},{"damage":20,"enemies":"Gremlin Nob","floor":10,"turns":5},{"damage":0,"enemies":"Blue Slaver","floor":12,"turns":4},{"damage":17,"enemies":"Slime Boss","floor":16,"turns":10},{"damage":23,"enemies":"Shell Parasite","floor":18,"turns":7},{"damage":5,"enemies":"Spheric Guardian","floor":19,"turns":6},{"damage":19,"enemies":"Slavers","floor":24,"turns":6},{"damage":20,"enemies":"3 Cultists","floor":27,"turns":4},{"damage":0,"enemies":"Shelled Parasite and Fungi","floor":28,"turns":6},{"damage":7,"enemies":"Centurion and Healer","floor":30,"turns":6},{"damage":30,"enemies":"Champ","floor":33,"turns":19},{"damage":0,"enemies":"3 Shapes","floor":35,"turns":5},{"damage":1,"enemies":"Orb Walker","floor":37,"turns":5},{"damage":35,"enemies":"Spire Growth","floor":39,"turns":5},{"damage":4,"enemies":"Writhing Mass","floor":42,"turns":3},{"damage":3,"enemies":"3 Darklings","floor":48,"turns":5},{"damage":41,"enemies":"Awakened One","floor":50,"turns":36}],"seed_played":"-676615909349225693","potions_obtained":[{"floor":3,"key":"Fire Potion"},{"floor":10,"key":"GhostInAJar"},{"floor":12,"key":"Swift Potion"}],"is_trial":false,"path_per_floor":["M","$","M","?","$","R","M","R","T","E","?","M","$","T","R","B",null,"M","M","?","?","?","R","E","$","T","M","M","R","M","?","R","B",null,"M","?","M","$","M","R","$","M","T","R","?","?","R","M","R","B",null],"character_chosen":"THE_SILENT","items_purchased":["Footwork","Dodge and Roll","Sucker Punch","Noxious Fumes","PiercingWail","Bottled Lightning","PiercingWail","Catalyst","Cloak And Dagger"],"campfire_rested":4,"item_purchase_floors":[2,2,5,13,13,25,25,41,41],"current_hp_per_floor":[70,70,70,59,59,59,59,59,59,39,39,39,39,39,39,22,58,35,30,30,53,53,53,34,34,34,14,14,35,28,28,49,19,57,57,57,56,56,21,40,40,36,36,36,36,36,36,33,52,11],"gold":138,"neow_bonus":"THREE_RARE_CARDS","is_prod":false,"is_daily":false,"chose_seed":false,"campfire_upgraded":6,"win_rate":0,"timestamp":1545173333,"path_taken":["M","$","M","?","$","R","M","R","T","E","?","M","?","?","R","BOSS","M","M","?","?","?","R","E","?","T","M","M","R","M","?","R","BOSS","M","?","M","$","M","R","$","M","T","R","?","?","R","?","R","BOSS"],"build_version":"2018-12-13","purchased_purges":1,"victory":true,"max_hp_per_floor":[70,70,70,70,70,70,70,70,70,70,70,70,70,70,70,70,70,70,70,70,70,70,70,70,70,70,70,70,70,70,70,70,70,70,70,66,66,66,66,66,66,66,66,66,66,66,66,66,66,66],"card_choices":[{"not_picked":["Glass Knife","Phantasmal Killer"],"picked":"Die Die Die","floor":0},{"not_picked":["Blur","Prepared"],"picked":"Backflip","floor":1},{"not_picked":["Backflip","Prepared"],"picked":"Quick Slash","floor":3},{"not_picked":["Backflip","Poisoned Stab"],"picked":"Dagger Spray","floor":7},{"not_picked":["Predator","PiercingWail"],"picked":"Dash","floor":10},{"not_picked":["Skewer","Quick Slash"],"picked":"Crippling Poison","floor":12},{"not_picked":["Doppelganger","Corpse Explosion"],"picked":"Night Terror","floor":16},{"not_picked":["Quick Slash","Riddle With Holes","All Out Attack"],"picked":"SKIP","floor":18},{"not_picked":["Endless Agony","Accuracy"],"picked":"Leg Sweep","floor":19},{"not_picked":["Concentrate","PiercingWail"],"picked":"Deflect+1","floor":24},{"not_picked":["Masterful Stab","Acrobatics+1"],"picked":"Catalyst+1","floor":27},{"not_picked":["Quick Slash","Bane+1","Terror"],"picked":"SKIP","floor":28},{"not_picked":["Concentrate","Tactician"],"picked":"Leg Sweep","floor":30},{"not_picked":["Bullet Time","Die Die Die"],"picked":"Burst","floor":33},{"not_picked":["Bane+1","Setup+1","Quick Slash+1"],"picked":"SKIP","floor":35},{"not_picked":["Footwork","Quick Slash"],"picked":"Dodge and Roll+1","floor":37},{"not_picked":["PiercingWail","Heel Hook+1","Acrobatics+1"],"picked":"SKIP","floor":39},{"not_picked":["Infinite Blades","Outmaneuver+1","All Out Attack+1"],"picked":"SKIP","floor":42},{"not_picked":["Flash of Steel","Enlightenment"],"picked":"Good Instincts","floor":45},{"not_picked":["Acrobatics+1","Flying Knee"],"picked":"PiercingWail+1","floor":48}],"player_experience":340438,"relics_obtained":[{"floor":9,"key":"Vajra"},{"floor":10,"key":"Shovel"},{"floor":14,"key":"Bottled Tornado"},{"floor":24,"key":"Ornamental Fan"},{"floor":26,"key":"Happy Flower"},{"floor":43,"key":"Darkstone Periapt"}],"event_choices":[{"damage_healed":0,"gold_gain":75,"player_choice":"Gather Gold","damage_taken":11,"max_hp_gain":0,"max_hp_loss":0,"event_name":"World of Goop","floor":4,"gold_loss":0},{"damage_healed":0,"gold_gain":0,"player_choice":"Ignored","damage_taken":0,"max_hp_gain":0,"max_hp_loss":0,"event_name":"Shining Light","floor":11,"gold_loss":0},{"damage_healed":0,"gold_gain":99,"player_choice":"Stole From Cult","damage_taken":0,"max_hp_gain":0,"max_hp_loss":0,"event_name":"Nest","floor":20,"gold_loss":0},{"damage_healed":23,"gold_gain":0,"player_choice":"Heal","damage_taken":0,"max_hp_gain":0,"max_hp_loss":0,"event_name":"The Library","floor":21,"gold_loss":0},{"damage_healed":0,"gold_gain":0,"player_choice":"Simplicity","damage_taken":0,"max_hp_gain":0,"max_hp_loss":0,"event_name":"Back to Basics","floor":22,"gold_loss":0,"cards_upgraded":["Defend_G","Defend_G","Defend_G","Defend_G","Defend_G","Strike_G","Strike_G","Strike_G","Strike_G","Strike_G"]},{"damage_healed":0,"gold_gain":0,"player_choice":"Ignored","damage_taken":0,"max_hp_gain":0,"max_hp_loss":0,"event_name":"Vampires","floor":31,"gold_loss":0},{"damage_healed":0,"gold_gain":0,"player_choice":"Max HP","damage_taken":0,"max_hp_gain":0,"max_hp_loss":4,"event_name":"Winding Halls","floor":36,"gold_loss":0},{"damage_healed":0,"gold_gain":0,"player_choice":"Memory 1","damage_taken":0,"max_hp_gain":0,"max_hp_loss":0,"event_name":"SensoryStone","floor":45,"gold_loss":0},{"damage_healed":0,"gold_gain":0,"player_choice":"1 cards matched","damage_taken":0,"max_hp_gain":0,"max_hp_loss":0,"event_name":"Match and Keep!","floor":46,"gold_loss":0,"cards_obtained":["Neutralize"]}],"is_beta":false,"boss_relics":[{"not_picked":["Empty Cage","Orrery"],"picked":"Sozu"},{"not_picked":["Runic Dome","WristBlade"],"picked":"Astrolabe"}],"items_purged_floors":[38],"is_endless":false,"potions_floor_spawned":[3,10,12,18,30,39],"ascension_level":5}