{"gold_per_floor":[118,118,134,148,162,162,190,190,190,155,182,182,237,288,288,386,386,404,319,31,31,49,49,149,169,169,181,181,209,209,209,209,307,307,327,346,361,371,371,371,397,413,413,413,413,242,0,11,11,11],"floor_reached":51,"playtime":2370,"items_purged":["Strike_G"],"score":989,"play_id":"bb81af5c-c4eb-4100-96ff-f8ffa6e5156f","local_time":"20190110114437","is_ascension_mode":true,"campfire_choices":[{"data":"Neutralize","floor":6,"key":"SMITH"},{"data":"Cloak And Dagger","floor":8,"key":"SMITH"},{"data":"Noxious Fumes","floor":15,"key":"SMITH"},{"floor":23,"key":"RECALL"},{"data":"Cloak And Dagger","floor":28,"key":"SMITH"},{"data":"Noxious Fumes","floor":30,"key":"SMITH"},{"data":"Blade Dance","floor":32,"key":"SMITH"},{"data":"Glass Knife","floor":40,"key":"SMITH"},{"data":"Acrobatics","floor":44,"key":"SMITH"},{"data":"Noxious Fumes","floor":49,"key":"SMITH"}],"neow_cost":"TEN_PERCENT_HP_LOSS","seed_source_timestamp":69796256262243,"circlet_count":0,"master_deck":["Defend_G","Defend_G","Defend_G","Defend_G+1","Defend_G","Strike_G","Strike_G","Survivor","Neutralize+1","Dodge and Roll+1","Flying Knee","Poisoned Stab","Backflip","Cloak And Dagger+1","Noxious Fumes+1","Blade Dance+1","Glass Knife+1","Cloak And Dagger+1","Bouncing Flask","Outmaneuver","Noxious Fumes+1","Acrobatics+1","Endless Agony+1","Corpse Explosion","Deflect","Deflect","Backflip+1","Backstab+1","Endless Agony+1","Deflect+1","Leg Sweep+1","Panacea","Noxious Fumes+1","Well Laid Plans","Acrobatics"],"relics":["Ring of the Snake","FossilizedHelix","War Paint","Shuriken","Sundial","Odd Mushroom","Tiny Chest","Bag of Marbles","Coffee Dripper","Letter Opener","Kunai","Vajra","Boot","Matryoshka","Orrery","Lantern","PreservedInsect","The Courier","Red Mask"],"potions_floor_usage":[29,41,50],"damage_taken":[{"damage":0,"enemies":"Cultist","floor":1,"turns":3},{"damage":0,"enemies":"Small Slimes","floor":3,"turns":5},{"damage":0,"enemies":"2 Louse","floor":4,"turns":3},{"damage":0,"enemies":"Blue Slaver","floor":5,"turns":5},{"damage":21,"enemies":"Gremlin Nob","floor":7,"turns":6},{"damage":0,"enemies":"The Mushroom Lair","floor":11,"turns":4},{"damage":2,"enemies":"Lagavulin","floor":13,"turns":8},{"damage":4,"enemies":"The Guardian","floor":16,"turns":10},{"damage":0,"enemies":"3 Byrds","floor":18,"turns":5},{"damage":0,"enemies":"Chosen","floor":22,"turns":4},{"damage":0,"enemies":"Snecko","floor":25,"turns":5},{"damage":0,"enemies":"Centurion and Healer","floor":27,"turns":5},{"damage":0,"enemies":"Slavers","floor":29,"turns":4},{"damage":9,"enemies":"Collector","floor":33,"turns":8},{"damage":0,"enemies":"3 Darklings","floor":35,"turns":4},{"damage":0,"enemies":"Orb Walker","floor":36,"turns":2},{"damage":0,"enemies":"Jaw Worm Horde","floor":37,"turns":3},{"damage":0,"enemies":"4 Shapes","floor":38,"turns":6},{"damage":17,"enemies":"Reptomancer","floor":41,"turns":5},{"damage":0,"enemies":"Sphere and 2 Shapes","floor":42,"turns":3},{"damage":0,"enemies":"Maw","floor":48,"turns":7},{"damage":13,"enemies":"Donu and Deca","floor":50,"turns":6}],"seed_played":"-4206143461912041828","potions_obtained":[{"floor":3,"key":"Energy Potion"},{"floor":5,"key":"GhostInAJar"},{"floor":11,"key":"Explosive Potion"},{"floor":33,"key":"FearPotion"},{"floor":42,"key":"EssenceOfSteel"}],"is_trial":false,"path_per_floor":["M","?","M","M","M","R","E","R","T","?","?","?","E","T","R","B",null,"M","?","$","?","M","R","?","M","T","M","R","E","R","T","R","B",null,"M","M","M","M","?","R","E","M","T","R","?","$","?","M","R","B",null],"character_chosen":"THE_SILENT","items_purchased":["Kunai","Cloak And Dagger","Noxious Fumes","Well Laid Plans"],"campfire_rested":0,"item_purchase_floors":[20,20,46,46],"current_hp_per_floor":[63,45,45,45,45,45,24,24,24,39,39,39,37,37,37,33,56,56,56,56,56,56,56,56,56,56,56,56,56,56,56,56,47,59,59,59,59,59,59,59,42,42,42,42,42,42,42,42,42,29],"gold":11,"neow_bonus":"ONE_RARE_RELIC","is_prod":false,"is_daily":false,"chose_seed":false,"campfire_upgraded":9,"win_rate":0,"timestamp":1547138677,"path_taken":["M","?","M","M","M","R","E","R","T","?","?","?","E","?","R","BOSS","M","?","$","?","M","R","?","M","T","?","R","E","R","?","R","BOSS","M","M","M","M","?","R","E","M","T","R","?","$","?","M","R","BOSS"],"build_version":"2019-01-03v4","purchased_purges":1,"victory":true,"max_hp_per_floor":[63,63,63,63,63,63,63,63,63,63,63,63,63,63,63,63,63,63,63,63,63,63,63,63,63,63,63,63,63,63,63,63,63,63,63,63,63,63,63,63,63,63,63,63,63,63,63,63,63,63],"card_choices":[{"not_picked":["Bane","Prepared"],"picked":"Dodge and Roll","floor":1},{"not_picked":["Concentrate","Outmaneuver"],"picked":"Flying Knee","floor":3},{"not_picked":["Reflex","Dagger Throw"],"picked":"Poisoned Stab","floor":4},{"not_picked":["Sucker Punch","Flechettes"],"picked":"Backflip","floor":5},{"not_picked":["Prepared","Tactician"],"picked":"Cloak And Dagger","floor":7},{"not_picked":["Outmaneuver","Setup"],"picked":"Noxious Fumes","floor":11},{"not_picked":["Backflip","Sucker Punch"],"picked":"Blade Dance","floor":13},{"not_picked":["Storm of Steel","Doppelganger"],"picked":"Glass Knife","floor":16},{"not_picked":["Dagger Throw+1","Quick Slash","Blade Dance"],"picked":"SKIP","floor":18},{"not_picked":["Masterful Stab","Choke","Slice"],"picked":"SKIP","floor":22},{"not_picked":["Quick Slash","Outmaneuver"],"picked":"Noxious Fumes","floor":25},{"not_picked":["Dagger Throw","Caltrops"],"picked":"Acrobatics","floor":27},{"not_picked":["Predator","Acrobatics"],"picked":"Endless Agony+1","floor":29},{"not_picked":["Storm of Steel","Glass Knife"],"picked":"Corpse Explosion","floor":33},{"not_picked":["Bane","Dagger Spray"],"picked":"Deflect","floor":34},{"not_picked":["Accuracy+1","Endless Agony+1"],"picked":"Deflect","floor":34},{"not_picked":["Acrobatics","Dagger Spray+1"],"picked":"Backflip+1","floor":34},{"not_picked":["Bane+1","Quick Slash+1"],"picked":"Backstab+1","floor":34},{"not_picked":["Quick Slash","Underhanded Strike"],"picked":"Endless Agony+1","floor":35},{"not_picked":["Slice+1","Heel Hook","Skewer"],"picked":"SKIP","floor":36},{"not_picked":["Wraith Form v2","Deadly Poison+1"],"picked":"Deflect+1","floor":37},{"not_picked":["Dagger Spray","Deflect+1","Endless Agony+1"],"picked":"SKIP","floor":38},{"not_picked":["Sucker Punch","Quick Slash","Eviscerate+1"],"picked":"SKIP","floor":41},{"not_picked":["Flechettes","Choke+1"],"picked":"Leg Sweep+1","floor":42},{"not_picked":["Mind Blast","Chrysalis"],"picked":"Panacea","floor":45},{"not_picked":["Deadly Poison+1","Quick Slash+1"],"picked":"Acrobatics","floor":48}],"player_experience":361964,"relics_obtained":[{"floor":7,"key":"Shuriken"},{"floor":9,"key":"Sundial"},{"floor":11,"key":"Odd Mushroom"},{"floor":13,"key":"Tiny Chest"},{"floor":14,"key":"Bag of Marbles"},{"floor":26,"key":"Vajra"},{"floor":29,"key":"Boot"},{"floor":31,"key":"Matryoshka"},{"floor":41,"key":"Lantern"},{"floor":43,"key":"PreservedInsect"},{"floor":43,"key":"The Courier"}],"event_choices":[{"damage_healed":0,"gold_gain":0,"player_choice":"Success","damage_taken":18,"relics_obtained":["War Paint"],"max_hp_gain":0,"max_hp_loss":0,"event_name":"Scrap Ooze","floor":2,"gold_loss":0},{"damage_healed":15,"gold_gain":0,"player_choice":"Healed","damage_taken":0,"max_hp_gain":0,"max_hp_loss":0,"event_name":"The Cleric","floor":10,"gold_loss":35},{"damage_healed":0,"gold_gain":0,"player_choice":"Fought Mushrooms","damage_taken":0,"max_hp_gain":0,"max_hp_loss":0,"event_name":"Mushrooms","floor":11,"gold_loss":0},{"damage_healed":0,"gold_gain":0,"player_choice":"Ignored","damage_taken":0,"max_hp_gain":0,"max_hp_loss":0,"event_name":"Golden Wing","floor":12,"gold_loss":0},{"damage_healed":0,"gold_gain":0,"player_choice":"Obtained Relic","damage_taken":0,"relics_obtained":["Letter Opener"],"max_hp_gain":0,"max_hp_loss":0,"event_name":"Addict","floor":19,"gold_loss":85},{"damage_healed":0,"gold_gain":0,"cards_transformed":["Strike_G","Strike_G"],"player_choice":"Became Test Subject","damage_taken":0,"max_hp_gain":0,"max_hp_loss":0,"event_name":"Drug Dealer","floor":21,"gold_loss":0,"cards_obtained":["Bouncing Flask","Outmaneuver"]},{"damage_healed":0,"gold_gain":100,"player_choice":"Pray","damage_taken":0,"max_hp_gain":0,"max_hp_loss":0,"event_name":"Golden Shrine","floor":24,"gold_loss":0},{"damage_healed":0,"gold_gain":0,"player_choice":"Ignored","damage_taken":0,"max_hp_gain":0,"max_hp_loss":0,"event_name":"Mysterious Sphere","floor":39,"gold_loss":0},{"damage_healed":0,"gold_gain":0,"player_choice":"Memory 1","damage_taken":0,"max_hp_gain":0,"max_hp_loss":0,"event_name":"SensoryStone","floor":45,"gold_loss":0},{"damage_healed":0,"gold_gain":0,"player_choice":"Paid","damage_taken":0,"relics_obtained":["Red Mask"],"max_hp_gain":0,"max_hp_loss":0,"event_name":"Tomb of Lord Red Mask","floor":47,"gold_loss":242}],"is_beta":false,"boss_relics":[{"not_picked":["Astrolabe","Pandora\u0027s Box"],"picked":"Coffee Dripper"},{"not_picked":["Ring of the Serpent","Velvet Choker"],"picked":"Orrery"}],"items_purged_floors":[46],"is_endless":false,"potions_floor_spawned":[3,5,11,18,22,27,33,36,37,38,42,48],"ascension_level":6}