{"gold_per_floor":[109,384,398,412,412,441,441,454,454,454],"floor_reached":10,"playtime":228,"items_purged":[],"score":78,"play_id":"910206df-1dbd-427b-b4e0-938d7b9567f3","local_time":"20190422194953","is_ascension_mode":true,"campfire_choices":[{"data":"Setup","floor":7,"key":"SMITH"}],"neow_cost":"NONE","seed_source_timestamp":101483902236373,"circlet_count":0,"master_deck":["Defend_G","Defend_G","Defend_G","Defend_G","Defend_G","Strike_G","Strike_G","Strike_G","Strike_G","Strike_G","Survivor","Neutralize","Deflect","Regret","Cloak And Dagger","Setup+1","Bouncing Flask","Cloak And Dagger"],"relics":["Ring of the Snake","NeowsBlessing","Oddly Smooth Stone","The Specimen","Shuriken"],"potions_floor_usage":[6,6],"damage_taken":[{"damage":0,"enemies":"2 Louse","floor":1,"turns":1},{"damage":0,"enemies":"Cultist","floor":3,"turns":1},{"damage":0,"enemies":"Small Slimes","floor":4,"turns":1},{"damage":26,"enemies":"Gremlin Nob","floor":6,"turns":5},{"damage":7,"enemies":"Red Slaver","floor":8,"turns":5}],"seed_played":"8686967865373358549","potions_obtained":[{"floor":3,"key":"AttackPotion"},{"floor":4,"key":"PowerPotion"}],"is_trial":false,"path_per_floor":["M","?","M","M","?","E","R","M","T","R"],"character_chosen":"THE_SILENT","items_purchased":[],"campfire_rested":0,"item_purchase_floors":[],"current_hp_per_floor":[70,70,70,70,52,26,26,19,19,19],"gold":454,"neow_bonus":"THREE_ENEMY_KILL","is_prod":false,"is_daily":false,"chose_seed":false,"campfire_upgraded":1,"win_rate":0,"timestamp":1555930193,"path_taken":["M","?","M","?","?","E","R","M","T","R"],"build_version":"2019-01-23","purchased_purges":0,"victory":false,"max_hp_per_floor":[70,70,70,70,70,70,70,70,70,70],"card_choices":[{"not_picked":["Flechettes","Eviscerate"],"picked":"Deflect","floor":1},{"not_picked":["Sucker Punch","Heel Hook"],"picked":"Cloak And Dagger","floor":3},{"not_picked":["PiercingWail","Reflex"],"picked":"Setup","floor":4},{"not_picked":["Acrobatics","Blade Dance"],"picked":"Bouncing Flask","floor":6},{"not_picked":["Dagger Throw","Bane"],"picked":"Cloak And Dagger","floor":8}],"player_experience":340011,"relics_obtained":[{"floor":6,"key":"The Specimen"},{"floor":9,"key":"Shuriken"}],"event_choices":[{"damage_healed":0,"gold_gain":275,"player_choice":"Desecrate","damage_taken":0,"max_hp_gain":0,"max_hp_loss":0,"event_name":"Golden Shrine","floor":2,"gold_loss":0,"cards_obtained":["Regret"]},{"damage_healed":0,"gold_gain":0,"player_choice":"Success","damage_taken":18,"relics_obtained":["Oddly Smooth Stone"],"max_hp_gain":0,"max_hp_loss":0,"event_name":"Scrap Ooze","floor":5,"gold_loss":0}],"is_beta":false,"boss_relics":[],"items_purged_floors":[],"is_endless":false,"potions_floor_spawned":[3,4],"ascension_level":3}