{"gold_per_floor":[116,70,90,90,101,128,147,147,147,147,167,198,209,209,209,338,338,354,375,388,388,313,313,344,43,115,115,133,133,147,166,166,294,294,313,313,313,127,154,195,195,52,52,52,67,67,91,106,106,106],"floor_reached":51,"playtime":2628,"items_purged":[],"score":962,"play_id":"c9657e25-3f52-4f91-9b86-da991342e340","local_time":"20181128084250","is_ascension_mode":true,"campfire_choices":[{"data":"Whirlwind","floor":8,"key":"SMITH"},{"data":"Bash","floor":15,"key":"SMITH"},{"data":"True Grit","floor":23,"key":"SMITH"},{"floor":29,"key":"REST"},{"data":"Shockwave","floor":32,"key":"SMITH"},{"data":"Heavy Blade","floor":41,"key":"SMITH"},{"floor":44,"key":"REST"},{"data":"Demon Form","floor":49,"key":"SMITH"}],"neow_cost":"NONE","seed_source_timestamp":466672942773191,"circlet_count":0,"master_deck":["Strike_R","Strike_R","Defend_R","Defend_R","Defend_R","Defend_R","Bash+1","Battle Trance","Cleave","Headbutt","Ghostly Armor","Rampage+1","Twin Strike","Whirlwind+1","Ghostly Armor","Juggernaut","Heavy Blade+1","Reaper","Clothesline","Spot Weakness+1","True Grit+1","Shrug It Off","Havoc","Sentinel","Shockwave+1","Metallicize+1","Demon Form+1","Madness","Madness","Seeing Red","Exhume","Armaments+1","Corruption","True Grit+1"],"relics":["Burning Blood","FossilizedHelix","Charon\u0027s Ashes","Ginger","Golden Idol","Snecko Eye","Dodecahedron","Art of War","Shuriken","Ornamental Fan","Nilry\u0027s Codex","Mark of Pain","Happy Flower","Ancient Tea Set","Meat on the Bone","Red Skull","Bronze Scales"],"potions_floor_usage":[16,24,28,50,50],"damage_taken":[{"damage":11,"enemies":"Cultist","floor":1,"turns":4},{"damage":2,"enemies":"Jaw Worm","floor":3,"turns":3},{"damage":0,"enemies":"Small Slimes","floor":5,"turns":3},{"damage":15,"enemies":"3 Sentries","floor":6,"turns":7},{"damage":7,"enemies":"3 Louse","floor":7,"turns":2},{"damage":15,"enemies":"Exordium Wildlife","floor":11,"turns":4},{"damage":16,"enemies":"Gremlin Nob","floor":12,"turns":4},{"damage":1,"enemies":"Looter","floor":13,"turns":3},{"damage":36,"enemies":"Hexaghost","floor":16,"turns":9},{"damage":0,"enemies":"2 Thieves","floor":18,"turns":2},{"damage":0,"enemies":"Shell Parasite","floor":19,"turns":3},{"damage":23,"enemies":"Snake Plant","floor":20,"turns":5},{"damage":33,"enemies":"Book of Stabbing","floor":24,"turns":5},{"damage":2,"enemies":"Centurion and Healer","floor":28,"turns":4},{"damage":0,"enemies":"Chosen and Byrds","floor":30,"turns":4},{"damage":4,"enemies":"Snake Plant","floor":31,"turns":3},{"damage":46,"enemies":"Champ","floor":33,"turns":10},{"damage":0,"enemies":"3 Shapes","floor":35,"turns":3},{"damage":37,"enemies":"Reptomancer","floor":40,"turns":5},{"damage":18,"enemies":"3 Darklings","floor":45,"turns":3},{"damage":10,"enemies":"Spire Growth","floor":47,"turns":4},{"damage":0,"enemies":"Transient","floor":48,"turns":5},{"damage":41,"enemies":"Awakened One","floor":50,"turns":6}],"seed_played":"4467676044569266632","potions_obtained":[{"floor":7,"key":"LiquidBronze"},{"floor":11,"key":"Explosive Potion"},{"floor":16,"key":"PowerPotion"},{"floor":18,"key":"GamblersBrew"},{"floor":28,"key":"FearPotion"},{"floor":33,"key":"Swift Potion"}],"is_trial":false,"path_per_floor":["M","$","M","?","M","E","M","R","T","?","M","E","M","?","R","B",null,"M","M","M","?","?","R","E","$","T","?","M","R","M","M","R","B",null,"M","?","?","$","T","E","R","$","T","R","M","?","M","M","R","B",null],"character_chosen":"IRONCLAD","items_purchased":["Headbutt","Shuriken","Havoc","Seeing Red","Happy Flower","Red Skull"],"campfire_rested":2,"item_purchase_floors":[2,25,25,38,38,42],"current_hp_per_floor":[67,67,71,71,77,68,67,67,67,67,58,48,53,53,53,23,61,71,74,57,57,57,57,30,30,30,14,18,40,46,55,55,42,66,74,65,65,65,65,34,34,34,34,56,44,44,52,71,71,57],"gold":106,"neow_bonus":"THREE_CARDS","is_prod":false,"is_daily":false,"chose_seed":false,"campfire_upgraded":6,"win_rate":0,"timestamp":1543412570,"path_taken":["M","?","M","?","?","E","M","R","T","?","M","E","M","?","R","BOSS","M","M","M","?","?","R","E","?","T","?","M","R","?","M","R","BOSS","M","?","?","$","?","E","R","$","T","R","?","?","M","M","R","BOSS"],"build_version":"2018-11-15","purchased_purges":0,"victory":true,"max_hp_per_floor":[80,80,80,80,80,80,80,80,80,80,80,80,80,74,74,74,74,74,74,74,74,74,74,74,74,74,74,74,74,74,74,74,74,74,74,74,74,74,74,74,74,74,74,74,74,74,74,74,74,74],"card_choices":[{"not_picked":["Flex","Searing Blow"],"picked":"Battle Trance","floor":0},{"not_picked":["Clothesline","Sever Soul"],"picked":"Cleave","floor":1},{"not_picked":["Metallicize","Flex"],"picked":"Ghostly Armor","floor":3},{"not_picked":["Warcry","Havoc"],"picked":"Rampage","floor":5},{"not_picked":["Thunderclap","Flex"],"picked":"Twin Strike","floor":6},{"not_picked":["Armaments","Searing Blow"],"picked":"Whirlwind","floor":7},{"not_picked":["Pommel Strike","Wild Strike"],"picked":"Ghostly Armor","floor":11},{"not_picked":["Second Wind","Heavy Blade"],"picked":"Juggernaut","floor":12},{"not_picked":["Whirlwind","Clash"],"picked":"Heavy Blade","floor":13},{"not_picked":["Juggernaut","Brutality"],"picked":"Reaper","floor":16},{"not_picked":["Whirlwind","Sword Boomerang"],"picked":"Clothesline","floor":18},{"not_picked":["Warcry+1","Carnage+1"],"picked":"Spot Weakness+1","floor":19},{"not_picked":["Body Slam","Clash"],"picked":"True Grit","floor":20},{"not_picked":["Flex","Feed"],"picked":"Shrug It Off","floor":24},{"not_picked":["Sword Boomerang+1","Reckless Charge"],"picked":"Sentinel","floor":28},{"not_picked":["Iron Wave","Seeing Red"],"picked":"Shockwave","floor":30},{"not_picked":["Fire Breathing","Body Slam"],"picked":"Metallicize+1","floor":31},{"not_picked":["Berserk","Immolate"],"picked":"Demon Form","floor":33},{"not_picked":["Bloodletting+1","Thunderclap+1","Sword Boomerang"],"picked":"SKIP","floor":35},{"not_picked":["Iron Wave","Wild Strike+1"],"picked":"Exhume","floor":40},{"not_picked":["Thunderclap","Burning Pact+1"],"picked":"Armaments+1","floor":45},{"not_picked":["Seeing Red","Hemokinesis","Sword Boomerang+1"],"picked":"SKIP","floor":47},{"not_picked":["Twin Strike","Heavy Blade+1"],"picked":"True Grit+1","floor":48}],"player_experience":239909,"relics_obtained":[{"floor":6,"key":"FossilizedHelix"},{"floor":9,"key":"Charon\u0027s Ashes"},{"floor":12,"key":"Ginger"},{"floor":24,"key":"Art of War"},{"floor":26,"key":"Ornamental Fan"},{"floor":27,"key":"Nilry\u0027s Codex"},{"floor":39,"key":"Ancient Tea Set"},{"floor":40,"key":"Meat on the Bone"},{"floor":43,"key":"Bronze Scales"}],"event_choices":[{"cards_removed":["Strike_R"],"damage_healed":0,"gold_gain":0,"player_choice":"Card Removal","damage_taken":0,"max_hp_gain":0,"max_hp_loss":0,"event_name":"Wheel of Change","floor":4,"gold_loss":0},{"damage_healed":0,"gold_gain":0,"player_choice":"Grow","damage_taken":0,"max_hp_gain":0,"max_hp_loss":0,"event_name":"Living Wall","floor":10,"gold_loss":0,"cards_upgraded":["Rampage"]},{"damage_healed":0,"gold_gain":0,"player_choice":"Lose Max HP","damage_taken":0,"relics_obtained":["Golden Idol"],"max_hp_gain":0,"max_hp_loss":6,"event_name":"Golden Idol","floor":14,"gold_loss":0},{"damage_healed":0,"gold_gain":0,"player_choice":"Opened","damage_taken":0,"relics_obtained":["Dodecahedron"],"max_hp_gain":0,"max_hp_loss":0,"event_name":"The Mausoleum","floor":21,"gold_loss":0},{"cards_removed":["Strike_R"],"damage_healed":0,"gold_gain":0,"player_choice":"Gave Gold","damage_taken":0,"max_hp_gain":0,"max_hp_loss":0,"event_name":"Beggar","floor":22,"gold_loss":75},{"damage_healed":0,"gold_gain":0,"player_choice":"Obtained Book","damage_taken":16,"max_hp_gain":0,"max_hp_loss":0,"event_name":"Cursed Tome","floor":27,"gold_loss":0},{"damage_healed":0,"gold_gain":0,"player_choice":"Embrace Madness","damage_taken":9,"max_hp_gain":0,"max_hp_loss":0,"event_name":"Winding Halls","floor":36,"gold_loss":0,"cards_obtained":["Madness","Madness"]},{"damage_healed":0,"gold_gain":0,"player_choice":"Ignored","damage_taken":0,"max_hp_gain":0,"max_hp_loss":0,"event_name":"Mysterious Sphere","floor":37,"gold_loss":0},{"damage_healed":0,"gold_gain":0,"cards_transformed":["Strike_R"],"player_choice":"Transformed","damage_taken":0,"max_hp_gain":0,"max_hp_loss":0,"event_name":"Transmorgrifier","floor":46,"gold_loss":0,"cards_obtained":["Corruption"]}],"is_beta":false,"boss_relics":[{"not_picked":["Runic Cube","Pandora\u0027s Box"],"picked":"Snecko Eye"},{"not_picked":["Runic Pyramid","Coffee Dripper"],"picked":"Mark of Pain"}],"items_purged_floors":[],"is_endless":false,"potions_floor_spawned":[7,11,16,18,28,33,48],"ascension_level":6}