{"gold_per_floor":[218,218,231,250,250,250,294,294,294,315,346,59,74,109,109,205,205,225,42,55,55,73,107,107,148,173,173,206,229,19,43,43,136,136,156,156,99,123,123,123,157,157,157,220,239,572,572,588,588,588,588],"floor_reached":52,"playtime":2921,"items_purged":["Strike_R","Strike_R","Strike_R"],"score":1926,"play_id":"03e8b380-7493-494a-a9f4-a766ecd71439","local_time":"20190513145414","is_ascension_mode":true,"campfire_choices":[{"data":"Uppercut","floor":6,"key":"SMITH"},{"data":"Anger","floor":8,"key":"SMITH"},{"data":"Apotheosis","floor":15,"key":"SMITH"},{"floor":24,"key":"REST"},{"data":"Juggernaut","floor":27,"key":"SMITH"},{"floor":32,"key":"REST"},{"data":"Panache","floor":40,"key":"SMITH"},{"data":"True Grit","floor":42,"key":"SMITH"},{"data":"Offering","floor":49,"key":"SMITH"}],"neow_cost":"NONE","seed_source_timestamp":608626638360431,"circlet_count":0,"master_deck":["AscendersBane","Strike_R","Strike_R","Defend_R","Defend_R","Defend_R","Defend_R","Bash","Uppercut+1","Anger+1","Shrug It Off","Corruption","Apotheosis+1","Burning Pact","Juggernaut+1","Battle Trance","True Grit+1","Seeing Red","Shrug It Off","Offering+1","Entrench","Barricade","Panache+1","Master of Strategy","Sentinel","True Grit+1","Impervious","Bash","Dark Embrace","Flame Barrier"],"relics":["Burning Blood","Pantograph","Centennial Puzzle","Mercury Hourglass","Snecko Eye","Potion Belt","Paper Frog","Orichalcum","Red Mask","Philosopher\u0027s Stone","Darkstone Periapt","Magic Flower","Ice Cream"],"potions_floor_usage":[16,16,23,28,28,33,51],"damage_taken":[{"damage":9,"enemies":"Jaw Worm","floor":1,"turns":5},{"damage":1,"enemies":"Cultist","floor":3,"turns":3},{"damage":8,"enemies":"Small Slimes","floor":4,"turns":3},{"damage":22,"enemies":"Lagavulin","floor":7,"turns":6},{"damage":1,"enemies":"Blue Slaver","floor":10,"turns":2},{"damage":22,"enemies":"Gremlin Nob","floor":11,"turns":4},{"damage":11,"enemies":"Looter","floor":13,"turns":3},{"damage":25,"enemies":"Lagavulin","floor":14,"turns":6},{"damage":43,"enemies":"Hexaghost","floor":16,"turns":10},{"damage":0,"enemies":"Spheric Guardian","floor":18,"turns":3},{"damage":16,"enemies":"3 Byrds","floor":20,"turns":4},{"damage":14,"enemies":"Shelled Parasite and Fungi","floor":22,"turns":4},{"damage":22,"enemies":"Slavers","floor":23,"turns":6},{"damage":11,"enemies":"Book of Stabbing","floor":25,"turns":4},{"damage":19,"enemies":"Masked Bandits","floor":28,"turns":4},{"damage":12,"enemies":"Snake Plant","floor":29,"turns":2},{"damage":0,"enemies":"Snecko","floor":31,"turns":4},{"damage":59,"enemies":"Automaton","floor":33,"turns":10},{"damage":0,"enemies":"Orb Walker","floor":35,"turns":4},{"damage":0,"enemies":"3 Shapes","floor":38,"turns":3},{"damage":6,"enemies":"Reptomancer","floor":41,"turns":3},{"damage":19,"enemies":"2 Orb Walkers","floor":44,"turns":4},{"damage":13,"enemies":"Jaw Worm Horde","floor":45,"turns":3},{"damage":6,"enemies":"3 Darklings","floor":48,"turns":1},{"damage":24,"enemies":"Donu and Deca","floor":50,"turns":8},{"damage":28,"enemies":"Awakened One","floor":51,"turns":16}],"seed_played":"4073068512989352593","potions_obtained":[{"floor":10,"key":"Regen Potion"},{"floor":13,"key":"Block Potion"},{"floor":16,"key":"SkillPotion"},{"floor":18,"key":"Swift Potion"},{"floor":25,"key":"SkillPotion"},{"floor":28,"key":"SteroidPotion"},{"floor":35,"key":"EssenceOfSteel"},{"floor":41,"key":"Ancient Potion"}],"is_trial":false,"path_per_floor":["M","?","M","M","?","R","E","R","T","M","E","$","M","E","R","B",null,"M","$","M","?","M","E","R","E","T","R","?","M","$","M","R","B",null,"M","?","$","M","?","R","E","R","T","?","M","?","?","M","R","B","B",null],"character_chosen":"IRONCLAD","items_purchased":["Apotheosis","Battle Trance","Offering","Strength Potion"],"campfire_rested":2,"item_purchase_floors":[12,19,30,37],"current_hp_per_floor":[65,65,70,68,68,68,52,52,52,57,41,41,36,17,17,10,54,60,60,50,50,42,26,46,41,41,41,28,22,22,28,48,15,55,61,51,51,57,57,57,57,57,57,47,43,43,43,46,46,50,46],"gold":588,"neow_bonus":"HUNDRED_GOLD","is_prod":false,"is_daily":false,"chose_seed":false,"campfire_upgraded":7,"win_rate":0,"timestamp":1557773654,"path_taken":["M","?","M","?","?","R","E","R","T","M","E","$","M","E","R","BOSS","M","$","M","?","M","E","R","E","T","R","?","M","$","M","R","BOSS","M","?","$","M","?","R","E","R","T","?","?","?","?","M","R","BOSS","BOSS"],"build_version":"2019-01-23","purchased_purges":3,"victory":true,"max_hp_per_floor":[75,75,75,75,68,68,68,68,68,68,68,68,68,68,68,68,68,68,68,68,68,68,68,68,68,68,68,68,68,68,68,68,68,68,68,68,68,68,65,65,65,65,65,65,65,65,65,65,65,65,65],"card_choices":[{"not_picked":["Havoc","Armaments","Evolve"],"picked":"SKIP","floor":1},{"not_picked":["Uppercut","Blood for Blood"],"picked":"Anger","floor":3},{"not_picked":["Perfected Strike","Carnage"],"picked":"Shrug It Off","floor":4},{"not_picked":["Seeing Red","Berserk","Havoc"],"picked":"SKIP","floor":7},{"not_picked":["Entrench","Armaments","Pommel Strike"],"picked":"SKIP","floor":10},{"not_picked":["True Grit","Headbutt"],"picked":"Corruption","floor":11},{"not_picked":["Warcry","Perfected Strike","Pommel Strike"],"picked":"SKIP","floor":13},{"not_picked":["Headbutt","Anger"],"picked":"Burning Pact","floor":14},{"not_picked":["Demon Form","Fiend Fire"],"picked":"Juggernaut","floor":16},{"not_picked":["Corruption","Evolve+1","Thunderclap"],"picked":"SKIP","floor":18},{"not_picked":["Armaments","Uppercut","Dropkick"],"picked":"SKIP","floor":20},{"not_picked":["Twin Strike","Bloodletting","Double Tap"],"picked":"SKIP","floor":22},{"not_picked":["Anger","Searing Blow","Second Wind+1"],"picked":"SKIP","floor":23},{"not_picked":["Burning Pact+1","Warcry"],"picked":"True Grit+1","floor":25},{"not_picked":["True Grit","Burning Pact"],"picked":"Seeing Red","floor":28},{"not_picked":["Thunderclap","Iron Wave"],"picked":"Shrug It Off","floor":29},{"not_picked":["Evolve","Armaments+1"],"picked":"Entrench","floor":31},{"not_picked":["Dark Embrace","Double Tap"],"picked":"Barricade","floor":33},{"not_picked":["Cleave","Flex","Havoc"],"picked":"SKIP","floor":35},{"not_picked":["Panacea","Magnetism"],"picked":"Panache","floor":36},{"not_picked":["Sadistic Nature","Blind"],"picked":"Master of Strategy","floor":36},{"not_picked":["Armaments","Perfected Strike"],"picked":"Sentinel","floor":38},{"not_picked":["Headbutt","Havoc"],"picked":"True Grit","floor":41},{"not_picked":["Flex","Rupture"],"picked":"Impervious","floor":45},{"not_picked":["Armaments","Clothesline"],"picked":"Flame Barrier","floor":48}],"player_experience":618988,"relics_obtained":[{"floor":7,"key":"Pantograph"},{"floor":11,"key":"Centennial Puzzle"},{"floor":14,"key":"Mercury Hourglass"},{"floor":23,"key":"Potion Belt"},{"floor":25,"key":"Paper Frog"},{"floor":26,"key":"Orichalcum"},{"floor":28,"key":"Red Mask"},{"floor":41,"key":"Darkstone Periapt"},{"floor":43,"key":"Magic Flower"},{"floor":44,"key":"Ice Cream"}],"event_choices":[{"damage_healed":0,"gold_gain":0,"player_choice":"1 cards matched","damage_taken":0,"max_hp_gain":0,"max_hp_loss":0,"event_name":"Match and Keep!","floor":2,"gold_loss":0,"cards_obtained":["Uppercut"]},{"damage_healed":0,"gold_gain":0,"player_choice":"Lose Max HP","damage_taken":0,"relics_obtained":["Golden Idol"],"max_hp_gain":0,"max_hp_loss":7,"event_name":"Golden Idol","floor":5,"gold_loss":0},{"damage_healed":0,"gold_gain":0,"player_choice":"Ignored","damage_taken":0,"max_hp_gain":0,"max_hp_loss":0,"event_name":"Vampires","floor":21,"gold_loss":0},{"damage_healed":0,"gold_gain":0,"player_choice":"Fought Bandits","damage_taken":0,"max_hp_gain":0,"max_hp_loss":0,"event_name":"Masked Bandits","floor":28,"gold_loss":0},{"damage_healed":0,"gold_gain":0,"player_choice":"Memory 3","damage_taken":10,"max_hp_gain":0,"max_hp_loss":0,"event_name":"SensoryStone","floor":36,"gold_loss":0},{"damage_healed":0,"gold_gain":0,"player_choice":"Max HP","damage_taken":0,"max_hp_gain":0,"max_hp_loss":3,"event_name":"Winding Halls","floor":39,"gold_loss":0},{"damage_healed":0,"gold_gain":0,"player_choice":"Fight","damage_taken":0,"max_hp_gain":0,"max_hp_loss":0,"event_name":"Mysterious Sphere","floor":44,"gold_loss":0},{"damage_healed":0,"gold_gain":333,"player_choice":"Gave Idol","damage_taken":0,"max_hp_gain":0,"max_hp_loss":0,"event_name":"The Moai Head","floor":46,"relics_lost":["Golden Idol"],"gold_loss":0},{"damage_healed":0,"gold_gain":0,"player_choice":"2 cards matched","damage_taken":0,"max_hp_gain":0,"max_hp_loss":0,"event_name":"Match and Keep!","floor":47,"gold_loss":0,"cards_obtained":["Bash","Dark Embrace"]}],"is_beta":false,"boss_relics":[{"not_picked":["Black Star","Runic Dome"],"picked":"Snecko Eye"},{"not_picked":["Coffee Dripper","Sozu"],"picked":"Philosopher\u0027s Stone"}],"items_purged_floors":[12,19,30],"is_endless":false,"potions_floor_spawned":[10,13,14,16,18,25,28,35,41],"ascension_level":20}