{"gold_per_floor":[109,120,120,120,130,130,155,155,155,155,43,56,74,74,74,74],"floor_reached":16,"playtime":840,"items_purged":["Strike_R"],"score":100,"play_id":"7a0425f3-b1d0-4879-8fcd-6972d715175a","local_time":"20190125002607","is_ascension_mode":false,"campfire_choices":[{"data":"Heavy Blade","floor":6,"key":"SMITH"},{"floor":8,"key":"REST"},{"floor":15,"key":"RECALL"}],"neow_cost":"NONE","seed_source_timestamp":1145911609523407,"circlet_count":0,"master_deck":["Strike_R","Strike_R","Strike_R","Defend_R","Defend_R","Defend_R","Defend_R","Bash","Flex","Regret","Heavy Blade+1","Shockwave","Spot Weakness","Barricade","Ghostly Armor"],"relics":["Burning Blood","NeowsBlessing","Incense Burner","Orichalcum"],"potions_floor_usage":[7,7,16],"damage_taken":[{"damage":0,"enemies":"Small Slimes","floor":1,"turns":1},{"damage":0,"enemies":"2 Louse","floor":2,"turns":1},{"damage":0,"enemies":"Cultist","floor":5,"turns":1},{"damage":47,"enemies":"3 Sentries","floor":7,"turns":11},{"damage":6,"enemies":"Looter","floor":12,"turns":3},{"damage":8,"enemies":"Exordium Wildlife","floor":13,"turns":4},{"damage":64,"enemies":"Hexaghost","floor":16,"turns":14}],"seed_played":"-4390720009554760892","potions_obtained":[{"floor":2,"key":"Dexterity Potion"},{"floor":4,"key":"Poison Potion"},{"floor":4,"key":"Strength Potion"}],"is_trial":false,"path_per_floor":["M","M","?","?","M","R","E","R","T","?","$","M","M","$","R","B"],"character_chosen":"IRONCLAD","items_purchased":["Spot Weakness"],"campfire_rested":1,"item_purchase_floors":[11],"current_hp_per_floor":[80,80,80,80,80,80,39,63,63,63,63,63,61,61,61,0],"gold":74,"neow_bonus":"THREE_ENEMY_KILL","is_prod":false,"is_daily":false,"chose_seed":false,"campfire_upgraded":1,"win_rate":0,"timestamp":1548368767,"path_taken":["M","M","?","?","?","R","E","R","T","?","$","M","M","$","R","BOSS"],"build_version":"2019-01-23","purchased_purges":1,"victory":false,"max_hp_per_floor":[80,80,80,80,80,80,80,80,80,80,80,80,80,80,80,80],"card_choices":[{"not_picked":["Thunderclap","Hemokinesis","Wild Strike"],"picked":"SKIP","floor":1},{"not_picked":["Havoc","True Grit"],"picked":"Flex","floor":2},{"not_picked":["Dropkick","Feel No Pain"],"picked":"Heavy Blade","floor":5},{"not_picked":["Blood for Blood","Pommel Strike"],"picked":"Shockwave","floor":7},{"not_picked":["Clothesline","Perfected Strike"],"picked":"Barricade","floor":12},{"not_picked":["Reckless Charge","Sword Boomerang"],"picked":"Ghostly Armor","floor":13}],"player_experience":382233,"relics_obtained":[{"floor":7,"key":"Orichalcum"}],"event_choices":[{"damage_healed":0,"gold_gain":0,"player_choice":"Box","damage_taken":0,"relics_obtained":["Incense Burner"],"max_hp_gain":0,"max_hp_loss":0,"event_name":"Big Fish","floor":3,"gold_loss":0,"cards_obtained":["Regret"]},{"damage_healed":0,"gold_gain":0,"player_choice":"Got Potions","damage_taken":0,"max_hp_gain":0,"max_hp_loss":0,"event_name":"Lab","floor":4,"gold_loss":0},{"cards_removed":["Strike_R"],"damage_healed":0,"gold_gain":0,"player_choice":"Forget","damage_taken":0,"max_hp_gain":0,"max_hp_loss":0,"event_name":"Living Wall","floor":10,"gold_loss":0}],"is_beta":false,"boss_relics":[],"items_purged_floors":[11],"is_endless":false,"potions_floor_spawned":[2],"killed_by":"Hexaghost","ascension_level":0}