{"gold_per_floor":[114,133,148,148,160,160,179,179,179,179,189,219,234,31,31,126,176,190,204,19,39,39,39,39,39,39,39,53,65,39,39,39,39],"floor_reached":33,"playtime":1524,"items_purged":[],"score":467,"play_id":"ff41f5b2-6adb-4b36-96e2-96cd568a8b2f","local_time":"20181215161525","is_ascension_mode":true,"campfire_choices":[{"data":"Feed","floor":6,"key":"SMITH"},{"data":"Bash","floor":8,"key":"SMITH"},{"data":"Anger","floor":10,"key":"SMITH"},{"data":"Uppercut","floor":15,"key":"SMITH"},{"data":"Apotheosis","floor":23,"key":"SMITH"},{"floor":27,"key":"REST"},{"floor":32,"key":"REST"}],"neow_cost":"PERCENT_DAMAGE","seed_source_timestamp":0,"circlet_count":0,"master_deck":["AscendersBane","Strike_R","Strike_R","Strike_R","Strike_R","Defend_R","Defend_R","Defend_R+1","Defend_R","Bash+1","Feed+1","Heavy Blade","Anger+1","Pummel","Shrug It Off","Shrug It Off","Sword Boomerang","Uppercut+1","Offering","Feed","True Grit","Cleave","Flame Barrier","Apotheosis+1","Immolate","True Grit"],"special_seed":0,"relics":["Burning Blood","Meat on the Bone","Shuriken","Tiny House","Pen Nib"],"potions_floor_usage":[12,16,25,28,33],"damage_taken":[{"damage":7,"enemies":"2 Louse","floor":1,"turns":3},{"damage":1,"enemies":"Cultist","floor":2,"turns":3},{"damage":7,"enemies":"Jaw Worm","floor":3,"turns":3},{"damage":19,"enemies":"Blue Slaver","floor":5,"turns":5},{"damage":18,"enemies":"Lots of Slimes","floor":7,"turns":4},{"damage":25,"enemies":"Exordium Thugs","floor":11,"turns":5},{"damage":22,"enemies":"3 Sentries","floor":12,"turns":7},{"damage":20,"enemies":"Large Slime","floor":13,"turns":6},{"damage":46,"enemies":"The Guardian","floor":16,"turns":14},{"damage":30,"enemies":"Shell Parasite","floor":18,"turns":4},{"damage":39,"enemies":"2 Thieves","floor":19,"turns":5},{"damage":9,"enemies":"Centurion and Healer","floor":21,"turns":8},{"damage":23,"enemies":"Colosseum Slavers","floor":22,"turns":3},{"damage":34,"enemies":"Book of Stabbing","floor":25,"turns":5},{"damage":50,"enemies":"3 Cultists","floor":28,"turns":5},{"damage":26,"enemies":"Snecko","floor":29,"turns":6},{"damage":97,"enemies":"Champ","floor":33,"turns":13}],"seed_played":"-5531806298734898783","potions_obtained":[{"floor":1,"key":"Block Potion"},{"floor":3,"key":"SkillPotion"},{"floor":13,"key":"Regen Potion"},{"floor":16,"key":"Poison Potion"},{"floor":21,"key":"SmokeBomb"},{"floor":29,"key":"SteroidPotion"}],"is_trial":false,"path_per_floor":["M","M","M","?","M","R","M","R","T","R","M","E","M","$","R","B",null,"M","M","$","M","?","R","?","E","T","R","M","M","$","$","R","B"],"character_chosen":"IRONCLAD","items_purchased":["Uppercut","Offering","Apotheosis","True Grit"],"campfire_rested":2,"item_purchase_floors":[14,14,20,30],"current_hp_per_floor":[53,61,63,89,79,79,71,71,71,71,64,64,66,66,66,53,96,76,59,59,72,70,70,70,54,54,91,59,55,55,55,93,0],"gold":39,"neow_bonus":"THREE_RARE_CARDS","is_prod":false,"is_daily":false,"chose_seed":false,"campfire_upgraded":5,"win_rate":0,"timestamp":1544908525,"path_taken":["M","M","M","?","?","R","M","R","T","R","M","E","M","$","R","BOSS","M","?","$","M","?","R","?","E","T","R","M","?","?","$","R","BOSS"],"build_version":"2018-12-13","purchased_purges":0,"victory":false,"max_hp_per_floor":[83,86,89,89,92,92,96,96,96,96,96,100,104,104,104,104,109,113,117,117,121,124,124,124,124,124,124,124,128,128,128,128,128],"card_choices":[{"not_picked":["Fiend Fire","Reaper"],"picked":"Feed","floor":0},{"not_picked":["Burning Pact","Bloodletting"],"picked":"Heavy Blade","floor":1},{"not_picked":["Evolve","Second Wind"],"picked":"Rampage","floor":2},{"not_picked":["True Grit","Reckless Charge"],"picked":"Anger","floor":3},{"not_picked":["Fire Breathing","Intimidate"],"picked":"Pummel","floor":5},{"not_picked":["Combust","Armaments"],"picked":"Shrug It Off","floor":7},{"not_picked":["Combust","Second Wind","Clash"],"picked":"SKIP","floor":11},{"not_picked":["Burning Pact","Rampage"],"picked":"Shrug It Off","floor":12},{"not_picked":["Rampage","Reckless Charge"],"picked":"Sword Boomerang","floor":13},{"not_picked":["Dark Embrace","Reaper"],"picked":"Feed","floor":16},{"not_picked":["Headbutt","Burning Pact"],"picked":"True Grit","floor":17},{"not_picked":["Twin Strike","Reckless Charge"],"picked":"Cleave","floor":18},{"not_picked":["Twin Strike","Armaments"],"picked":"Flame Barrier","floor":19},{"not_picked":["Seeing Red","Warcry+1"],"picked":"Immolate","floor":21},{"not_picked":["Iron Wave","Thunderclap","Clothesline"],"picked":"SKIP","floor":28},{"not_picked":["Body Slam","Pommel Strike","Hemokinesis"],"picked":"SKIP","floor":29}],"player_experience":333158,"relics_obtained":[{"floor":9,"key":"Meat on the Bone"},{"floor":12,"key":"Shuriken"},{"floor":26,"key":"Pen Nib"}],"event_choices":[{"cards_removed":["Rampage"],"damage_healed":26,"gold_gain":0,"player_choice":"Offered Uncommon","damage_taken":0,"max_hp_gain":0,"max_hp_loss":0,"event_name":"Bonfire Elementals","floor":4,"gold_loss":0},{"damage_healed":0,"gold_gain":0,"player_choice":"Fight","damage_taken":0,"max_hp_gain":0,"max_hp_loss":0,"event_name":"Colosseum","floor":22,"gold_loss":0},{"damage_healed":0,"gold_gain":0,"player_choice":"Fled From Nobs","damage_taken":0,"max_hp_gain":0,"max_hp_loss":0,"event_name":"Colosseum","floor":22,"gold_loss":0},{"cards_removed":["Strike_R"],"damage_healed":0,"gold_gain":0,"player_choice":"Purged","damage_taken":0,"max_hp_gain":0,"max_hp_loss":0,"event_name":"Purifier","floor":24,"gold_loss":0}],"is_beta":false,"boss_relics":[{"not_picked":["Mark of Pain","Busted Crown"],"picked":"Tiny House"}],"items_purged_floors":[],"is_endless":false,"potions_floor_spawned":[1,3,7,13,16,19,21,29],"killed_by":"Champ","ascension_level":11}