{"gold_per_floor":[218,120,137,154,154,187,200,233,233,250,260,277,293,306,306,410,410,427,445,17,35,35,35,68,68,68,68,103,103],"floor_reached":29,"playtime":1284,"items_purged":["Strike_R"],"score":405,"play_id":"cc1b1eb5-36d8-4e93-aea9-d88469f8f235","local_time":"20181123163834","is_ascension_mode":true,"campfire_choices":[{"floor":15.0,"key":"REST"},{"data":"Limit Break","floor":23.0,"key":"SMITH"},{"data":"Inflame","floor":25.0,"key":"SMITH"},{"data":"Armaments","floor":27.0,"key":"SMITH"}],"neow_cost":"NONE","seed_source_timestamp":0,"circlet_count":0,"master_deck":["Strike_R","Strike_R","Strike_R","Strike_R","Defend_R","Defend_R","Defend_R","Defend_R","Bash","Sword Boomerang","Wild Strike","Warcry","Pummel","Havoc","Rampage","Armaments+1","Headbutt","Pommel Strike","Anger","Cleave","Feed","Ghostly Armor","Immolate","Shrug It Off","True Grit","Inflame+1","Limit Break+1","Iron Wave","Impervious","Metallicize+1"],"special_seed":0,"relics":["Burning Blood","Bag of Preparation","Ancient Tea Set","Art of War","Snecko Eye","Lantern","Ornamental Fan","Frozen Egg 2","PreservedInsect"],"potions_floor_usage":[],"damage_taken":[{"damage":2.0,"enemies":"2 Louse","floor":1.0,"turns":2.0},{"damage":12.0,"enemies":"Jaw Worm","floor":3.0,"turns":2.0},{"damage":1.0,"enemies":"Cultist","floor":4.0,"turns":3.0},{"damage":32.0,"enemies":"Gremlin Nob","floor":6.0,"turns":4.0},{"damage":8.0,"enemies":"3 Louse","floor":7.0,"turns":3.0},{"damage":40.0,"enemies":"Lagavulin","floor":8.0,"turns":6.0},{"damage":0.0,"enemies":"Exordium Wildlife","floor":10.0,"turns":3.0},{"damage":9.0,"enemies":"2 Fungi Beasts","floor":11.0,"turns":2.0},{"damage":23.0,"enemies":"3 Louse","floor":12.0,"turns":3.0},{"damage":0.0,"enemies":"Lots of Slimes","floor":13.0,"turns":2.0},{"damage":13.0,"enemies":"2 Fungi Beasts","floor":14.0,"turns":3.0},{"damage":41.0,"enemies":"Slime Boss","floor":16.0,"turns":11.0},{"damage":12.0,"enemies":"2 Thieves","floor":18.0,"turns":3.0},{"damage":17.0,"enemies":"3 Byrds","floor":19.0,"turns":4.0},{"damage":20.0,"enemies":"Centurion and Healer","floor":21.0,"turns":7.0},{"damage":0.0,"enemies":"Gremlin Leader","floor":24.0,"turns":4.0},{"damage":53.0,"enemies":"Slavers","floor":28.0,"turns":4.0},{"damage":18,"enemies":"Shelled Parasite and Fungi","floor":29,"turns":2}],"seed_played":"3474935394060607842","potions_obtained":[{"floor":6.0,"key":"Dexterity Potion"},{"floor":8.0,"key":"Regen Potion"},{"floor":11.0,"key":"BloodPotion"},{"floor":14.0,"key":"Ancient Potion"},{"floor":18.0,"key":"SkillPotion"}],"is_trial":false,"path_per_floor":["M","$","M","M","?","E","M","E","T","M","M","M","M","M","R","B",null,"M","M","$","M","$","R","E","R","T","R","E","M"],"character_chosen":"IRONCLAD","items_purchased":["Wild Strike","Warcry","True Grit","Inflame","Limit Break","Lantern"],"campfire_rested":1,"item_purchase_floors":[2,2,20,20,20,20],"current_hp_per_floor":[80,80,74,79,84,58,56,22,22,28,25,16,22,15,40,8,68,65,57,57,46,46,46,61,61,61,61,17,0],"gold":103,"neow_bonus":"HUNDRED_GOLD","is_prod":false,"is_daily":false,"chose_seed":false,"campfire_upgraded":3,"win_rate":0,"timestamp":1543009114,"path_taken":["M","$","M","M","?","E","M","E","T","M","M","M","M","M","R","BOSS","M","M","$","M","$","R","E","R","T","R","E","M"],"build_version":"2018-11-15","purchased_purges":1,"victory":false,"max_hp_per_floor":[80,80,80,80,85,85,85,85,85,85,85,85,85,85,85,88,88,91,94,94,97,97,97,97,97,97,97,100,100],"card_choices":[{"not_picked":["Thunderclap","Shrug It Off"],"picked":"Sword Boomerang","floor":1.0},{"not_picked":["Disarm","Thunderclap"],"picked":"Pummel","floor":3.0},{"not_picked":["Searing Blow","True Grit"],"picked":"Havoc","floor":4.0},{"not_picked":["Entrench","Disarm"],"picked":"Rampage","floor":6.0},{"not_picked":["Warcry","Fiend Fire"],"picked":"Armaments","floor":7.0},{"not_picked":["Rupture","Pommel Strike"],"picked":"Headbutt","floor":8.0},{"not_picked":["Body Slam","Heavy Blade"],"picked":"Pommel Strike","floor":10.0},{"not_picked":["Rupture","Fire Breathing"],"picked":"Anger","floor":11.0},{"not_picked":["Dropkick","Iron Wave"],"picked":"Cleave","floor":12.0},{"not_picked":["Feel No Pain","Rage"],"picked":"Feed","floor":13.0},{"not_picked":["Iron Wave","Heavy Blade"],"picked":"Ghostly Armor","floor":14.0},{"not_picked":["Bludgeon","Reaper"],"picked":"Immolate","floor":16.0},{"not_picked":["Combust","Wild Strike","Pommel Strike+1"],"picked":"SKIP","floor":18.0},{"not_picked":["Wild Strike+1","Cleave"],"picked":"Shrug It Off","floor":19.0},{"not_picked":["Flex","Exhume"],"picked":"Iron Wave","floor":21.0},{"not_picked":["Second Wind","Blood for Blood"],"picked":"Impervious","floor":24.0},{"not_picked":["Feel No Pain+1","Clothesline"],"picked":"Metallicize+1","floor":28.0}],"player_experience":210530,"relics_obtained":[{"floor":6.0,"key":"Bag of Preparation"},{"floor":8.0,"key":"Ancient Tea Set"},{"floor":9.0,"key":"Art of War"},{"floor":24.0,"key":"Ornamental Fan"},{"floor":26.0,"key":"Frozen Egg 2"},{"floor":28.0,"key":"PreservedInsect"}],"event_choices":[{"damage_healed":0.0,"max_hp_gain":5.0,"max_hp_loss":0.0,"gold_gain":0.0,"event_name":"Big Fish","player_choice":"Donut","floor":5.0,"gold_loss":0.0,"damage_taken":0.0}],"is_beta":false,"boss_relics":[{"not_picked":["Coffee Dripper","Sozu"],"picked":"Snecko Eye"}],"items_purged_floors":[20],"is_endless":false,"potions_floor_spawned":[6,8,11,14,18,21],"killed_by":"Shelled Parasite and Fungi","ascension_level":5}