{"gold_per_floor":[111,286,61,73,73,101,101,120,120,120,120,137,172,185,185,185],"floor_reached":16,"playtime":1638,"items_purged":["Doubt"],"score":138,"play_id":"83f07f63-b043-4ae8-9d9e-33334f318640","local_time":"20190107183402","is_ascension_mode":true,"campfire_choices":[{"floor":7,"key":"REST"},{"floor":11,"key":"REST"},{"floor":15,"key":"REST"}],"neow_cost":"NONE","seed_source_timestamp":434793964544678,"circlet_count":0,"master_deck":["Strike_R","Strike_R","Strike_R","Strike_R","Strike_R","Defend_R","Defend_R","Defend_R","Defend_R","Bash","Brutality","Shrug It Off","Shrug It Off","Heavy Blade","Shrug It Off","Combust","Thunderclap","Fire Breathing","Whirlwind","Infernal Blade"],"special_seed":0,"relics":["Burning Blood","Gremlin Horn","Singing Bowl","Ornamental Fan","Darkstone Periapt"],"potions_floor_usage":[6],"damage_taken":[{"damage":9.0,"enemies":"Small Slimes","floor":1.0,"turns":4.0},{"damage":18,"enemies":"Jaw Worm","floor":4,"turns":5},{"damage":62,"enemies":"Gremlin Nob","floor":6,"turns":6},{"damage":2,"enemies":"2 Louse","floor":8,"turns":2},{"damage":14,"enemies":"Lots of Slimes","floor":12,"turns":3},{"damage":24,"enemies":"3 Sentries","floor":13,"turns":7},{"damage":11,"enemies":"2 Fungi Beasts","floor":14,"turns":3},{"damage":60,"enemies":"Hexaghost","floor":16,"turns":9}],"seed_played":"6812056328334243829","potions_obtained":[{"floor":1,"key":"LiquidBronze"},{"floor":6,"key":"Weak Potion"}],"is_trial":false,"path_per_floor":["M","?","$","M","T","E","R","M","T","?","R","M","E","M","R","B"],"character_chosen":"IRONCLAD","items_purchased":["Heavy Blade","Shrug It Off","Combust"],"campfire_rested":3,"item_purchase_floors":[3,3,3],"current_hp_per_floor":[77,77,77,65,65,9,33,37,37,37,61,53,37,34,59,0],"gold":185,"neow_bonus":"ONE_RANDOM_RARE_CARD","is_prod":false,"is_daily":false,"chose_seed":false,"campfire_upgraded":0,"win_rate":0,"timestamp":1546878842,"path_taken":["M","?","$","M","?","E","R","M","T","?","R","?","E","M","R","BOSS"],"build_version":"2019-01-03v4","purchased_purges":1,"victory":false,"max_hp_per_floor":[80,80,80,80,80,80,80,80,80,80,80,80,82,84,84,84],"card_choices":[{"not_picked":["Second Wind","Fire Breathing"],"picked":"Shrug It Off","floor":1},{"not_picked":["Second Wind","Fire Breathing"],"picked":"Shrug It Off","floor":1},{"not_picked":["Sword Boomerang","Heavy Blade"],"picked":"Thunderclap","floor":4},{"not_picked":["Evolve","Brutality"],"picked":"Fire Breathing","floor":6},{"not_picked":["Twin Strike","Headbutt"],"picked":"Whirlwind","floor":8},{"not_picked":["Heavy Blade","Havoc"],"picked":"Infernal Blade","floor":12},{"not_picked":["Exhume","Dual Wield","Clothesline"],"picked":"Singing Bowl","floor":13},{"not_picked":["Evolve","Flex","Twin Strike"],"picked":"Singing Bowl","floor":14}],"player_experience":118504,"relics_obtained":[{"floor":5,"key":"Gremlin Horn"},{"floor":6,"key":"Singing Bowl"},{"floor":13,"key":"Darkstone Periapt"}],"event_choices":[{"damage_healed":0,"gold_gain":175,"player_choice":"AGREE","damage_taken":0,"max_hp_gain":0,"max_hp_loss":0,"event_name":"Liars Game","floor":2,"gold_loss":0,"cards_obtained":["Doubt"]},{"damage_healed":0,"gold_gain":0,"player_choice":"Gave Potion","damage_taken":0,"relics_obtained":["Ornamental Fan"],"max_hp_gain":0,"max_hp_loss":0,"event_name":"WeMeetAgain","floor":10,"gold_loss":0}],"is_beta":false,"boss_relics":[],"items_purged_floors":[3],"is_endless":false,"potions_floor_spawned":[1,6],"killed_by":"Hexaghost","ascension_level":5}