{"gold_per_floor":[113,129,139,109,122,122,148,164,164,183,183,214,224,251,251,356,356,371,388,400,400,315,315,315],"floor_reached":24,"playtime":1872,"items_purged":[],"score":336,"play_id":"60244982-6fcd-4bff-9e55-e6c9aae92a11","local_time":"20190518030614","is_ascension_mode":true,"campfire_choices":[{"data":"Neutralize","floor":6,"key":"SMITH"},{"data":"Noxious Fumes","floor":11,"key":"SMITH"},{"data":"Deadly Poison","floor":15,"key":"SMITH"},{"data":"Burst","floor":23,"key":"SMITH"}],"neow_cost":"NONE","seed_source_timestamp":0,"circlet_count":0,"master_deck":["Defend_G","Defend_G","Defend_G","Defend_G","Defend_G","Strike_G","Strike_G","Strike_G","Strike_G","Strike_G","Survivor","Neutralize+1","Dagger Throw","Deadly Poison+1","Noxious Fumes+1","Terror","Blur","Quick Slash+1","Poisoned Stab+1","Backstab+1","Outmaneuver","Burst+1","Dagger Spray+1","Dodge and Roll+1"],"special_seed":0,"relics":["Ring of the Snake","NeowsBlessing","Molten Egg 2","Meat on the Bone","Calipers","Dodecahedron","Velvet Choker","Orichalcum"],"potions_floor_usage":[13,13,14,16,19],"damage_taken":[{"damage":0,"enemies":"Cultist","floor":1,"turns":1},{"damage":0,"enemies":"Jaw Worm","floor":2,"turns":1},{"damage":0,"enemies":"2 Louse","floor":3,"turns":1},{"damage":0,"enemies":"Looter","floor":4,"turns":4},{"damage":13,"enemies":"Exordium Wildlife","floor":5,"turns":4},{"damage":20,"enemies":"Gremlin Nob","floor":7,"turns":5},{"damage":7,"enemies":"Large Slime","floor":8,"turns":6},{"damage":7,"enemies":"3 Louse","floor":10,"turns":4},{"damage":19,"enemies":"3 Sentries","floor":12,"turns":6},{"damage":10,"enemies":"Gremlin Gang","floor":13,"turns":4},{"damage":8,"enemies":"Lagavulin","floor":14,"turns":4},{"damage":23,"enemies":"The Guardian","floor":16,"turns":7},{"damage":2,"enemies":"Shell Parasite","floor":18,"turns":4},{"damage":17,"enemies":"Spheric Guardian","floor":19,"turns":5},{"damage":9,"enemies":"Snake Plant","floor":20,"turns":4},{"damage":43,"enemies":"Slavers","floor":24,"turns":3}],"seed_played":"192194924677036743","potions_obtained":[{"floor":3,"key":"Ancient Potion"},{"floor":5,"key":"Fire Potion"},{"floor":10,"key":"SkillPotion"},{"floor":14,"key":"SteroidPotion"},{"floor":18,"key":"SpeedPotion"},{"floor":20,"key":"GamblersBrew"}],"is_trial":false,"path_per_floor":["M","M","M","M","M","R","E","M","T","M","R","E","M","E","R","B",null,"M","M","M","?","?","R","E"],"character_chosen":"THE_SILENT","items_purchased":[],"campfire_rested":0,"item_purchase_floors":[],"current_hp_per_floor":[70,70,70,70,57,57,37,30,30,35,35,28,30,34,34,23,70,68,51,42,42,42,42,0],"gold":315,"neow_bonus":"THREE_ENEMY_KILL","is_prod":false,"is_daily":false,"chose_seed":false,"campfire_upgraded":4,"win_rate":0,"timestamp":1558163174,"path_taken":["M","M","M","M","?","R","E","M","T","M","R","E","M","E","R","BOSS","M","M","M","?","?","R","E"],"build_version":"2019-01-23","purchased_purges":0,"victory":false,"max_hp_per_floor":[70,70,70,70,70,70,70,70,70,70,70,70,70,70,70,70,70,70,70,70,70,70,70,70],"card_choices":[{"not_picked":["Blur","Caltrops"],"picked":"Dagger Throw","floor":1},{"not_picked":["Flechettes","Eviscerate"],"picked":"Deadly Poison","floor":2},{"not_picked":["Expertise","Deflect","Prepared"],"picked":"SKIP","floor":3},{"not_picked":["Deflect","Quick Slash"],"picked":"Noxious Fumes","floor":4},{"not_picked":["Expertise","Skewer","Eviscerate"],"picked":"SKIP","floor":5},{"not_picked":["Tactician","PiercingWail"],"picked":"Terror","floor":7},{"not_picked":["Prepared","Bullet Time"],"picked":"Blur","floor":8},{"not_picked":["Tactician","Eviscerate+1"],"picked":"Quick Slash+1","floor":10},{"not_picked":["Riddle With Holes+1","Dagger Throw+1"],"picked":"Poisoned Stab+1","floor":12},{"not_picked":["Tactician","Slice+1"],"picked":"Backstab+1","floor":13},{"not_picked":["Masterful Stab+1","Skewer+1"],"picked":"Outmaneuver","floor":14},{"not_picked":["Venomology","Corpse Explosion"],"picked":"Burst","floor":16},{"not_picked":["PiercingWail+1","Underhanded Strike+1"],"picked":"Dagger Spray+1","floor":18},{"not_picked":["Accuracy","Underhanded Strike+1","PiercingWail"],"picked":"SKIP","floor":19},{"not_picked":["Riddle With Holes+1","Terror"],"picked":"Dodge and Roll+1","floor":20}],"player_experience":16821,"relics_obtained":[{"floor":7,"key":"Molten Egg 2"},{"floor":9,"key":"Meat on the Bone"},{"floor":12,"key":"Calipers"},{"floor":14,"key":"Dodecahedron"}],"event_choices":[{"damage_healed":0,"gold_gain":0,"player_choice":"Ignored","damage_taken":0,"max_hp_gain":0,"max_hp_loss":0,"event_name":"Ghosts","floor":21,"gold_loss":0},{"damage_healed":0,"gold_gain":0,"player_choice":"Obtained Relic","damage_taken":0,"relics_obtained":["Orichalcum"],"max_hp_gain":0,"max_hp_loss":0,"event_name":"Addict","floor":22,"gold_loss":85}],"is_beta":false,"boss_relics":[{"not_picked":["Black Star","Calling Bell"],"picked":"Velvet Choker"}],"items_purged_floors":[],"is_endless":false,"potions_floor_spawned":[3,5,10,14,18,20],"killed_by":"Slavers","ascension_level":1}