{"gold_per_floor":[115,197,207,207,32,32,32,52,52,52,52,80,80,92,92,196,196,213,224,237,237],"floor_reached":21,"playtime":1316,"items_purged":[],"score":265,"play_id":"b17b92fd-c9e0-4cb3-b07e-37b2361d6aa9","local_time":"20190516184121","is_ascension_mode":true,"campfire_choices":[{"data":"Enlightenment","floor":6,"key":"SMITH"},{"data":"Armaments","floor":10,"key":"SMITH"},{"data":"Feed","floor":13,"key":"SMITH"},{"data":"Flame Barrier","floor":15,"key":"SMITH"}],"neow_cost":"NONE","seed_source_timestamp":42569724632636,"circlet_count":0,"master_deck":["Strike_R","Strike_R","Strike_R","Strike_R","Strike_R","Defend_R","Defend_R+1","Defend_R","Bash+1","Feed+1","Enlightenment+1","Feel No Pain","Armaments+1","Immolate","Flame Barrier+1","Double Tap","Reckless Charge","Exhume"],"relics":["Burning Blood","Paper Frog","Mummified Hand","Shuriken","Cursed Key"],"potions_floor_usage":[18,21],"damage_taken":[{"damage":6,"enemies":"Cultist","floor":1,"turns":3},{"damage":2,"enemies":"Jaw Worm","floor":3,"turns":3},{"damage":1,"enemies":"Small Slimes","floor":8,"turns":3},{"damage":22,"enemies":"Lagavulin","floor":12,"turns":7},{"damage":0,"enemies":"2 Fungi Beasts","floor":14,"turns":3},{"damage":60,"enemies":"Hexaghost","floor":16,"turns":9},{"damage":14,"enemies":"2 Thieves","floor":18,"turns":4},{"damage":24,"enemies":"Spheric Guardian","floor":19,"turns":5},{"damage":21,"enemies":"Cultist and Chosen","floor":20,"turns":6},{"damage":30,"enemies":"Colosseum Slavers","floor":21,"turns":3},{"damage":46,"enemies":"Colosseum Nobs","floor":21,"turns":4}],"seed_played":"3884736525609773420","potions_obtained":[{"floor":8,"key":"Explosive Potion"},{"floor":14,"key":"EssenceOfSteel"},{"floor":19,"key":"SpeedPotion"}],"is_trial":false,"path_per_floor":["M","T","M","?","$","R","?","M","T","R","?","E","R","M","R","B",null,"M","M","M","?"],"character_chosen":"IRONCLAD","items_purchased":["Enlightenment","Feel No Pain"],"campfire_rested":0,"item_purchase_floors":[5,5],"current_hp_per_floor":[83,83,86,69,69,69,74,82,82,82,75,59,59,69,69,15,98,94,76,65,0],"gold":237,"neow_bonus":"ONE_RANDOM_RARE_CARD","is_prod":false,"is_daily":false,"chose_seed":false,"campfire_upgraded":4,"win_rate":0,"timestamp":1558024881,"path_taken":["M","?","M","?","$","R","?","M","T","R","?","E","R","M","R","BOSS","M","M","M","?"],"build_version":"2019-01-23","purchased_purges":0,"victory":false,"max_hp_per_floor":[83,83,86,86,86,86,91,94,94,94,94,94,94,98,98,98,98,102,102,106,110],"card_choices":[{"not_picked":["Twin Strike","Searing Blow","Clothesline"],"picked":"SKIP","floor":1},{"not_picked":["Sword Boomerang","Infernal Blade","Anger"],"picked":"SKIP","floor":3},{"not_picked":["Wild Strike","True Grit"],"picked":"Armaments","floor":8},{"not_picked":["Headbutt","Combust"],"picked":"Immolate","floor":12},{"not_picked":["Clothesline","Fire Breathing"],"picked":"Flame Barrier","floor":14},{"not_picked":["Fiend Fire","Impervious"],"picked":"Double Tap","floor":16},{"not_picked":["Rage","Wild Strike+1"],"picked":"Reckless Charge","floor":18},{"not_picked":["Warcry","Whirlwind","Sword Boomerang"],"picked":"SKIP","floor":19},{"not_picked":["Cleave","Clash+1"],"picked":"Exhume","floor":20}],"player_experience":269719,"relics_obtained":[{"floor":2,"key":"Paper Frog"},{"floor":9,"key":"Mummified Hand"},{"floor":12,"key":"Shuriken"}],"event_choices":[{"damage_healed":0,"gold_gain":0,"player_choice":"Entered Light","damage_taken":17,"max_hp_gain":0,"max_hp_loss":0,"event_name":"Shining Light","floor":4,"gold_loss":0,"cards_upgraded":["Bash","Defend_R"]},{"damage_healed":0,"gold_gain":0,"player_choice":"Donut","damage_taken":0,"max_hp_gain":5,"max_hp_loss":0,"event_name":"Big Fish","floor":7,"gold_loss":0},{"cards_removed":["Defend_R"],"damage_healed":0,"gold_gain":0,"player_choice":"Card Removal","damage_taken":7,"max_hp_gain":0,"max_hp_loss":0,"event_name":"Golden Wing","floor":11,"gold_loss":0},{"damage_healed":0,"gold_gain":0,"player_choice":"Fight","damage_taken":0,"max_hp_gain":0,"max_hp_loss":0,"event_name":"Colosseum","floor":21,"gold_loss":0},{"damage_healed":0,"gold_gain":0,"player_choice":"Fought Nobs","damage_taken":0,"max_hp_gain":0,"max_hp_loss":0,"event_name":"Colosseum","floor":21,"gold_loss":0}],"is_beta":false,"boss_relics":[{"not_picked":["Runic Pyramid","Coffee Dripper"],"picked":"Cursed Key"}],"items_purged_floors":[],"is_endless":false,"potions_floor_spawned":[8,14,19],"killed_by":"Colosseum Nobs","ascension_level":4}