{"gold_per_floor":[109,184,184,17,17,42,42,67,92,108,108,123,149,163,163,263,263,278,278,293,138,151,186,203,203,230,230,230,246,19,34,34,134,134,147,147,147,158,174,174,186,186,186,204,221,22,34,52,52,52,52,52,4,34,34],"floor_reached":55,"playtime":7711,"items_purged":["Strike_G","Strike_G"],"score":980,"play_id":"e95c5b4c-cbab-4fee-9b04-c58791b5326b","local_time":"20190416181736","is_ascension_mode":true,"campfire_choices":[{"data":"Apotheosis","floor":7.0,"key":"SMITH"},{"floor":11.0,"key":"REST"},{"data":"Distraction","floor":15.0,"key":"SMITH"},{"floor":25.0,"key":"REST"},{"floor":27.0,"key":"RECALL"},{"floor":32.0,"key":"REST"},{"floor":40.0,"key":"REST"},{"floor":42.0,"key":"REST"},{"floor":49,"key":"REST"},{"floor":52,"key":"REST"}],"neow_cost":"NONE","seed_source_timestamp":0,"circlet_count":0,"master_deck":["Defend_G","Defend_G","Defend_G","Defend_G","Strike_G","Survivor","Neutralize","Cloak And Dagger","Apotheosis+1","Blur","Deadly Poison","Escape Plan","Distraction+1","Poisoned Stab","Corpse Explosion","Acrobatics","Neutralize","Noxious Fumes","PiercingWail","Corpse Explosion","Secret Technique","Burst","PiercingWail","Prepared+1","Catalyst+1","Footwork+1","Expertise+1","Terror+1"],"special_seed":0,"relics":["Ring of the Snake","NeowsBlessing","Meat on the Bone","Darkstone Periapt","Oddly Smooth Stone","Ancient Tea Set","Odd Mushroom","Fusion Hammer","The Specimen","Empty Cage","Mummified Hand","Vajra"],"potions_floor_usage":[50,54,55],"damage_taken":[{"damage":0.0,"enemies":"2 Louse","floor":1.0,"turns":1.0},{"damage":0.0,"enemies":"3 Sentries","floor":6.0,"turns":1.0},{"damage":0.0,"enemies":"Lagavulin","floor":8.0,"turns":1.0},{"damage":3.0,"enemies":"Small Slimes","floor":10.0,"turns":3.0},{"damage":0.0,"enemies":"Cultist","floor":12.0,"turns":3.0},{"damage":5.0,"enemies":"The Mushroom Lair","floor":13.0,"turns":6.0},{"damage":1.0,"enemies":"Large Slime","floor":14.0,"turns":8.0},{"damage":7.0,"enemies":"Hexaghost","floor":16.0,"turns":9.0},{"damage":3.0,"enemies":"2 Thieves","floor":18.0,"turns":5.0},{"damage":0.0,"enemies":"Spheric Guardian","floor":20.0,"turns":3.0},{"damage":3.0,"enemies":"Centurion and Healer","floor":22.0,"turns":4.0},{"damage":20.0,"enemies":"Slavers","floor":23.0,"turns":4.0},{"damage":3.0,"enemies":"Shelled Parasite and Fungi","floor":24.0,"turns":6.0},{"damage":3.0,"enemies":"Colosseum Slavers","floor":28.0,"turns":3.0},{"damage":7.0,"enemies":"Snecko","floor":29.0,"turns":6.0},{"damage":1.0,"enemies":"Centurion and Healer","floor":31.0,"turns":4.0},{"damage":28.0,"enemies":"Collector","floor":33.0,"turns":9.0},{"damage":15.0,"enemies":"3 Darklings","floor":35.0,"turns":4.0},{"damage":1.0,"enemies":"3 Shapes","floor":38.0,"turns":3.0},{"damage":17.0,"enemies":"Maw","floor":39.0,"turns":7.0},{"damage":4.0,"enemies":"Writhing Mass","floor":41.0,"turns":6.0},{"damage":39.0,"enemies":"4 Shapes","floor":44.0,"turns":4.0},{"damage":12.0,"enemies":"3 Darklings","floor":45.0,"turns":5.0},{"damage":21.0,"enemies":"Jaw Worm Horde","floor":47.0,"turns":3.0},{"damage":18,"enemies":"Spire Growth","floor":48,"turns":4},{"damage":19,"enemies":"Donu and Deca","floor":50,"turns":6},{"damage":44,"enemies":"Shield and Spear","floor":54,"turns":4},{"damage":45,"enemies":"The Heart","floor":55,"turns":2}],"seed_played":"-893606750191235600","potions_obtained":[{"floor":1.0,"key":"Swift Potion"},{"floor":10.0,"key":"SpeedPotion"},{"floor":12.0,"key":"Energy Potion"},{"floor":14.0,"key":"FearPotion"},{"floor":16.0,"key":"Strength Potion"},{"floor":18.0,"key":"AttackPotion"},{"floor":24.0,"key":"Weak Potion"},{"floor":29.0,"key":"Poison Potion"},{"floor":41.0,"key":"Ancient Potion"},{"floor":45.0,"key":"Ancient Potion"},{"floor":47,"key":"EssenceOfSteel"}],"is_trial":false,"path_per_floor":["M","?","?","$","?","E","R","E","T","M","R","M","?","M","R","B",null,"M","?","M","$","M","E","M","R","T","R","?","M","$","M","R","B",null,"M","?","?","M","M","R","M","R","T","M","M","$","M","M","R","B",null,"R","$","E","B"],"character_chosen":"THE_SILENT","items_purchased":["Apotheosis","Noxious Fumes","Secret Technique","Block Potion","SmokeBomb","Block Potion"],"campfire_rested":7,"item_purchase_floors":[4,21,30,30,46,53],"current_hp_per_floor":[63,52,45,45,45,45,45,45,45,42,63,63,58,57,57,50,65,62,62,62,62,59,39,36,57,57,57,54,47,47,46,67,39,62,47,47,47,46,41,62,58,70,70,43,43,43,34,28,49,42,63,70,70,38,0],"gold":34,"neow_bonus":"THREE_ENEMY_KILL","is_prod":false,"is_daily":false,"chose_seed":false,"campfire_upgraded":2,"win_rate":0,"timestamp":1555427856,"path_taken":["M","?","?","$","?","E","R","E","T","M","R","?","?","M","R","BOSS","M","?","?","$","M","E","M","R","T","R","?","M","$","M","R","BOSS","M","?","?","M","M","R","M","R","T","M","M","$","M","M","R","BOSS","R","$","E","BOSS"],"build_version":"2019-01-23","purchased_purges":2,"victory":false,"max_hp_per_floor":[70,70,70,70,70,70,70,70,70,70,70,70,70,70,70,70,70,70,70,70,70,70,70,70,70,70,70,70,70,70,70,70,70,70,70,70,70,70,70,70,70,70,70,70,70,70,70,70,70,70,70,70,70,70,70],"card_choices":[{"not_picked":["Blade Dance","Distraction"],"picked":"Cloak And Dagger","floor":1.0},{"not_picked":["Acrobatics","Phantasmal Killer"],"picked":"Blur","floor":6.0},{"not_picked":["Flying Knee","Slice"],"picked":"Deadly Poison","floor":8.0},{"not_picked":["Poisoned Stab","Sucker Punch"],"picked":"Escape Plan","floor":10.0},{"not_picked":["Deadly Poison","Bane"],"picked":"Distraction","floor":12.0},{"not_picked":["Quick Slash","Cloak And Dagger"],"picked":"Poisoned Stab","floor":14.0},{"not_picked":["Malaise","Wraith Form v2"],"picked":"Corpse Explosion","floor":16.0},{"not_picked":["Poisoned Stab","Dagger Throw"],"picked":"Acrobatics","floor":18.0},{"not_picked":["Flechettes","Slice"],"picked":"Caltrops","floor":20.0},{"not_picked":["Quick Slash+1","Blade Dance"],"picked":"PiercingWail","floor":22.0},{"not_picked":["Slice","Infinite Blades"],"picked":"Corpse Explosion","floor":23.0},{"not_picked":["Tactician","Skewer","Dagger Spray"],"picked":"SKIP","floor":24.0},{"not_picked":["Dodge and Roll","Dash","Choke+1"],"picked":"SKIP","floor":29.0},{"not_picked":["Setup","Deadly Poison","Deflect"],"picked":"SKIP","floor":31.0},{"not_picked":["Setup","Deadly Poison","Deflect"],"picked":"SKIP","floor":31.0},{"not_picked":["After Image","Wraith Form v2"],"picked":"Burst","floor":33.0},{"not_picked":["Dagger Spray","Eviscerate","Backstab+1"],"picked":"SKIP","floor":35.0},{"not_picked":["Underhanded Strike+1","Flechettes+1"],"picked":"PiercingWail","floor":38.0},{"not_picked":["Distraction+1","Slice"],"picked":"Prepared+1","floor":39.0},{"not_picked":["Poisoned Stab+1","Reflex+1"],"picked":"Catalyst+1","floor":41.0},{"not_picked":["Backstab+1","Bouncing Flask+1"],"picked":"Footwork+1","floor":44.0},{"not_picked":["Backstab","Cloak And Dagger+1","Distraction"],"picked":"SKIP","floor":45.0},{"not_picked":["Unload","Distraction+1","PiercingWail"],"picked":"SKIP","floor":47},{"not_picked":["Acrobatics","Outmaneuver"],"picked":"Expertise+1","floor":48},{"not_picked":["Sucker Punch","All Out Attack+1"],"picked":"Terror+1","floor":54}],"player_experience":813034,"relics_obtained":[{"floor":6.0,"key":"Darkstone Periapt"},{"floor":8.0,"key":"Oddly Smooth Stone"},{"floor":9.0,"key":"Ancient Tea Set"},{"floor":13.0,"key":"Odd Mushroom"},{"floor":23.0,"key":"The Specimen"},{"floor":43.0,"key":"Mummified Hand"},{"floor":54,"key":"Vajra"}],"event_choices":[{"damage_healed":0.0,"max_hp_gain":0.0,"max_hp_loss":0.0,"gold_gain":75.0,"event_name":"World of Goop","player_choice":"Gather Gold","floor":2.0,"gold_loss":0.0,"damage_taken":11.0},{"cards_removed":["Strike_G"],"damage_healed":0.0,"max_hp_gain":0.0,"max_hp_loss":0.0,"gold_gain":0.0,"event_name":"Golden Wing","player_choice":"Card Removal","floor":3.0,"gold_loss":0.0,"damage_taken":7.0},{"damage_healed":0.0,"max_hp_gain":0.0,"max_hp_loss":0.0,"gold_gain":0.0,"event_name":"WeMeetAgain","player_choice":"Gave Potion","floor":5.0,"gold_loss":0.0,"damage_taken":0.0,"relics_obtained":["Meat on the Bone"]},{"damage_healed":0.0,"max_hp_gain":0.0,"max_hp_loss":0.0,"gold_gain":0.0,"event_name":"Mushrooms","player_choice":"Fought Mushrooms","floor":13.0,"gold_loss":0.0,"damage_taken":0.0},{"damage_healed":0.0,"max_hp_gain":0.0,"max_hp_loss":0.0,"gold_gain":0.0,"event_name":"Match and Keep!","player_choice":"1 cards matched","floor":19.0,"gold_loss":0.0,"damage_taken":0.0,"cards_obtained":["Neutralize"]},{"damage_healed":0.0,"max_hp_gain":0.0,"max_hp_loss":0.0,"gold_gain":0.0,"event_name":"Colosseum","player_choice":"Fight","floor":28.0,"gold_loss":0.0,"damage_taken":0.0},{"damage_healed":0.0,"max_hp_gain":0.0,"max_hp_loss":0.0,"gold_gain":0.0,"event_name":"Colosseum","player_choice":"Fled From Nobs","floor":28.0,"gold_loss":0.0,"damage_taken":0.0},{"cards_removed":["Caltrops"],"damage_healed":0.0,"max_hp_gain":0.0,"max_hp_loss":0.0,"gold_gain":0.0,"event_name":"Falling","player_choice":"Removed Power","floor":36.0,"gold_loss":0.0,"damage_taken":0.0},{"damage_healed":0.0,"max_hp_gain":0.0,"max_hp_loss":0.0,"gold_gain":0.0,"event_name":"SecretPortal","player_choice":"Ignored","floor":37.0,"gold_loss":0.0,"damage_taken":0.0}],"is_beta":false,"boss_relics":[{"not_picked":["WristBlade","Snecko Eye"],"picked":"Fusion Hammer"},{"not_picked":["Eternal Feather","White Beast Statue"],"picked":"Empty Cage"}],"items_purged_floors":[21,46],"is_endless":false,"potions_floor_spawned":[1,10,12,14,16,18,24,28,29,41,45,47,48],"killed_by":"The Heart","ascension_level":7}