{"gold_per_floor":[117,135,210,210,210,266,441,441,464,475,475,504,516,546,558,668,680,706,738,750,762,774,786,823,835],"floor_reached":25,"playtime":545,"items_purged":[],"score":219,"play_id":"3214292a-63bc-48df-a84c-60ba2187c6f5","local_time":"20190506194542","is_ascension_mode":false,"campfire_choices":[{"data":"Lockon","floor":8,"key":"SMITH"},{"data":"Cold Snap","floor":13,"key":"SMITH"},{"data":"Ball Lightning","floor":15,"key":"SMITH"},{"data":"Ball Lightning","floor":23,"key":"SMITH"}],"neow_cost":"NONE","seed_source_timestamp":2653570969800,"circlet_count":0,"master_deck":["Strike_B+1","Strike_B+1","Strike_B+1","Strike_B+1","Defend_B+1","Defend_B+1","Defend_B+1","Defend_B+1","Zap+1","Dualcast+1","Lockon+1","Doubt","Ball Lightning+1","Cold Snap+1","Defragment+1","Electrodynamics+1","Chaos+1","Ball Lightning+1","White Noise"],"relics":["Cracked Core","Frozen Egg 2","Tiny Chest","Blood Vial","MawBank","Cursed Key","Potion Belt"],"potions_floor_usage":[16,16,18,24],"damage_taken":[{"damage":0,"enemies":"Small Slimes","floor":1,"turns":3},{"damage":0,"enemies":"2 Louse","floor":2,"turns":2},{"damage":29,"enemies":"3 Sentries","floor":6,"turns":8},{"damage":0,"enemies":"Cultist","floor":10,"turns":2},{"damage":0,"enemies":"3 Louse","floor":12,"turns":3},{"damage":0,"enemies":"2 Fungi Beasts","floor":14,"turns":3},{"damage":12,"enemies":"Hexaghost","floor":16,"turns":7},{"damage":16,"enemies":"Spheric Guardian","floor":18,"turns":4},{"damage":10,"enemies":"Shell Parasite","floor":19,"turns":3},{"damage":48,"enemies":"Slavers","floor":24,"turns":4},{"damage":21,"enemies":"Snake Plant","floor":25,"turns":1}],"seed_played":"-1556922270091902555","potions_obtained":[{"floor":10,"key":"Strength Potion"},{"floor":14,"key":"Strength Potion"},{"floor":16,"key":"Poison Potion"},{"floor":19,"key":"Dexterity Potion"}],"is_trial":false,"path_per_floor":["M","M","?","?","?","E","?","R","T","M","T","M","R","M","R","B",null,"M","M","?","?","?","R","E","M"],"character_chosen":"DEFECT","items_purchased":[],"campfire_rested":0,"item_purchase_floors":[],"current_hp_per_floor":[75,75,64,64,52,23,23,23,23,25,25,27,27,29,29,19,75,59,51,37,37,63,63,17,0],"gold":835,"neow_bonus":"UPGRADE_CARD","is_prod":false,"is_daily":false,"chose_seed":false,"campfire_upgraded":4,"win_rate":0,"timestamp":1557161142,"path_taken":["M","M","?","?","?","E","?","R","T","M","?","M","R","M","R","BOSS","M","?","?","?","?","R","E","M"],"build_version":"2019-01-23","purchased_purges":0,"victory":false,"max_hp_per_floor":[75,75,75,75,75,75,75,75,75,75,75,75,75,75,75,75,75,75,75,80,80,80,80,80,80],"card_choices":[{"not_picked":["Compile Driver","Barrage","Capacitor"],"picked":"SKIP","floor":1},{"not_picked":["Steam","Blizzard","Meteor Strike"],"picked":"SKIP","floor":2},{"not_picked":["Hello World+1","Capacitor+1"],"picked":"Lockon","floor":6},{"not_picked":["Static Discharge+1","Stack"],"picked":"Ball Lightning","floor":10},{"not_picked":["Coolheaded","Glacier"],"picked":"Cold Snap","floor":12},{"not_picked":["Aggregate","Conserve Battery"],"picked":"Defragment+1","floor":14},{"not_picked":["Thunder Strike","Machine Learning+1"],"picked":"Electrodynamics+1","floor":16},{"not_picked":["Beam Cell","Barrage"],"picked":"Chaos+1","floor":18},{"not_picked":["Steam","Double Energy"],"picked":"Ball Lightning","floor":19},{"not_picked":["Conserve Battery+1","Coolheaded"],"picked":"White Noise","floor":24}],"player_experience":285615,"relics_obtained":[{"floor":6,"key":"Tiny Chest"},{"floor":9,"key":"Blood Vial"},{"floor":11,"key":"MawBank"},{"floor":24,"key":"Potion Belt"}],"event_choices":[{"damage_healed":0,"gold_gain":75,"player_choice":"Gather Gold","damage_taken":11,"max_hp_gain":0,"max_hp_loss":0,"event_name":"World of Goop","floor":3,"gold_loss":0},{"damage_healed":0,"gold_gain":0,"player_choice":"Grow","damage_taken":0,"max_hp_gain":0,"max_hp_loss":0,"event_name":"Living Wall","floor":4,"gold_loss":0,"cards_upgraded":["Dualcast"]},{"damage_healed":0,"gold_gain":0,"player_choice":"Success","damage_taken":12,"relics_obtained":["Frozen Egg 2"],"max_hp_gain":0,"max_hp_loss":0,"event_name":"Scrap Ooze","floor":5,"gold_loss":0},{"damage_healed":0,"gold_gain":175,"player_choice":"AGREE","damage_taken":0,"max_hp_gain":0,"max_hp_loss":0,"event_name":"Liars Game","floor":7,"gold_loss":0,"cards_obtained":["Doubt"]},{"damage_healed":0,"gold_gain":0,"player_choice":"Shed Blood","damage_taken":19,"max_hp_gain":5,"max_hp_loss":0,"event_name":"Forgotten Altar","floor":20,"gold_loss":0},{"damage_healed":0,"gold_gain":0,"player_choice":"Simplicity","damage_taken":0,"max_hp_gain":0,"max_hp_loss":0,"event_name":"Back to Basics","floor":21,"gold_loss":0,"cards_upgraded":["Strike_B","Strike_B","Strike_B","Strike_B","Defend_B","Defend_B","Defend_B","Defend_B"]},{"damage_healed":26,"gold_gain":0,"player_choice":"Heal","damage_taken":0,"max_hp_gain":0,"max_hp_loss":0,"event_name":"The Library","floor":22,"gold_loss":0}],"is_beta":false,"boss_relics":[{"not_picked":["Calling Bell","Snecko Eye"],"picked":"Cursed Key"}],"items_purged_floors":[],"is_endless":false,"potions_floor_spawned":[10,14,16,19],"killed_by":"Snake Plant","ascension_level":0}