{"gold_per_floor":[114,130,130,19,38,63,63,90,90,110,110,120,139,155,155,259,259,276,295,22,38,38,69,83,83,113,113,130,130,157,256,256,256],"floor_reached":33,"playtime":1489,"items_purged":[],"score":344,"play_id":"de569444-4002-4e02-a34f-d203b5a25a84","local_time":"20181119000018","is_ascension_mode":true,"campfire_choices":[{"data":"Streamline","floor":7,"key":"SMITH"},{"floor":15,"key":"REST"},{"data":"Storm","floor":25,"key":"SMITH"},{"data":"Static Discharge","floor":27,"key":"SMITH"},{"data":"Echo Form","floor":29,"key":"SMITH"},{"data":"Thunder Strike","floor":32,"key":"SMITH"}],"neow_cost":"NONE","seed_source_timestamp":281656702616093,"circlet_count":0,"master_deck":["Zap","Dualcast","Thunder Strike+1","Compile Driver","Ball Lightning","Tempest","Auto Shields","Streamline+1","Ball Lightning","Sunder","Storm+1","Steam","Electrodynamics","Sweeping Beam","Recycle","Leap","Ball Lightning","Steam","Hologram","Hologram","Genetic Algorithm","Go for the Eyes+1","Glacier","Static Discharge+1","Ball Lightning","Double Energy","Undo","Force Field","Echo Form+1"],"relics":["Cracked Core","Centennial Puzzle","Matryoshka","Pen Nib","Regal Pillow","DataDisk","Pandora\u0027s Box","Bag of Marbles","Omamori","Tiny Chest","Potion Belt"],"potions_floor_usage":[8,33,33],"damage_taken":[{"damage":0,"enemies":"2 Louse","floor":1,"turns":2},{"damage":8,"enemies":"Jaw Worm","floor":2,"turns":3},{"damage":0,"enemies":"Small Slimes","floor":5,"turns":2},{"damage":25,"enemies":"3 Sentries","floor":6,"turns":6},{"damage":14,"enemies":"Gremlin Nob","floor":8,"turns":3},{"damage":3,"enemies":"Red Slaver","floor":10,"turns":3},{"damage":9,"enemies":"Exordium Thugs","floor":12,"turns":3},{"damage":0,"enemies":"Exordium Wildlife","floor":13,"turns":2},{"damage":2,"enemies":"2 Fungi Beasts","floor":14,"turns":3},{"damage":21,"enemies":"Hexaghost","floor":16,"turns":8},{"damage":0,"enemies":"Spheric Guardian","floor":18,"turns":3},{"damage":9,"enemies":"Chosen","floor":19,"turns":4},{"damage":0,"enemies":"3 Cultists","floor":21,"turns":2},{"damage":0,"enemies":"Gremlin Leader","floor":23,"turns":5},{"damage":0,"enemies":"Snake Plant","floor":24,"turns":2},{"damage":26,"enemies":"Centurion and Healer","floor":28,"turns":2},{"damage":53,"enemies":"Collector","floor":33,"turns":7}],"seed_played":"5040391366196376532","potions_obtained":[{"floor":5,"key":"AttackPotion"},{"floor":8,"key":"Swift Potion"},{"floor":10,"key":"LiquidBronze"},{"floor":12,"key":"Swift Potion"},{"floor":16,"key":"SteroidPotion"},{"floor":23,"key":"PowerPotion"}],"is_trial":false,"path_per_floor":["M","M","?","$","M","E","R","E","T","M","?","M","M","M","R","B",null,"M","M","$","M","?","E","M","R","T","R","M","R","T","?","R","B"],"character_chosen":"DEFECT","items_purchased":["Tempest","Auto Shields","Bag of Marbles","Static Discharge","Ball Lightning"],"campfire_rested":1,"item_purchase_floors":[4,4,20,20,20],"current_hp_per_floor":[75,67,55,55,55,30,30,16,16,13,13,4,4,2,39,18,75,75,66,66,66,66,66,66,66,66,66,40,40,40,40,40,0],"gold":256,"neow_bonus":"ONE_RANDOM_RARE_CARD","is_prod":false,"is_daily":false,"chose_seed":false,"campfire_upgraded":5,"win_rate":0,"timestamp":1542603618,"path_taken":["M","M","?","$","M","E","R","E","T","M","?","M","M","M","R","BOSS","M","M","$","M","?","E","M","R","T","R","M","R","?","?","R","BOSS"],"build_version":"2018-11-15","purchased_purges":0,"victory":false,"max_hp_per_floor":[75,75,75,75,75,75,75,75,75,75,75,75,75,75,75,75,75,75,75,75,75,75,75,75,75,75,75,75,75,75,75,75,75],"card_choices":[{"not_picked":["Cold Snap","Force Field"],"picked":"Compile Driver","floor":1},{"not_picked":["Sunder","Go for the Eyes"],"picked":"Ball Lightning","floor":2},{"not_picked":["Steam","Beam Cell"],"picked":"Streamline","floor":5},{"not_picked":["Blizzard","Rebound","FTL"],"picked":"SKIP","floor":6},{"not_picked":["Recycle","Rip and Tear"],"picked":"Ball Lightning","floor":8},{"not_picked":["Static Discharge","Reprogram"],"picked":"Sunder","floor":10},{"not_picked":["Cold Snap","Barrage"],"picked":"Storm","floor":12},{"not_picked":["Scrape","Redo","Barrage"],"picked":"SKIP","floor":13},{"not_picked":["Sweeping Beam","Scrape"],"picked":"Steam","floor":14},{"not_picked":["Core Surge","Multi-Cast"],"picked":"Electrodynamics","floor":16},{"not_picked":["Compile Driver+1","Beam Cell"],"picked":"Go for the Eyes+1","floor":18},{"not_picked":["Beam Cell","Go for the Eyes"],"picked":"Glacier","floor":19},{"not_picked":["Beam Cell","Sunder"],"picked":"Double Energy","floor":21},{"not_picked":["Reinforced Body","Hello World"],"picked":"Undo","floor":23},{"not_picked":["Redo+1","Melter"],"picked":"Force Field","floor":24},{"not_picked":["Rip and Tear","Conserve Battery+1"],"picked":"Echo Form","floor":28}],"player_experience":187873,"relics_obtained":[{"floor":6,"key":"Matryoshka"},{"floor":8,"key":"Pen Nib"},{"floor":9,"key":"Regal Pillow"},{"floor":9,"key":"DataDisk"},{"floor":23,"key":"Omamori"},{"floor":26,"key":"Tiny Chest"},{"floor":30,"key":"Potion Belt"}],"event_choices":[{"damage_healed":0,"gold_gain":0,"player_choice":"Success","damage_taken":12,"relics_obtained":["Centennial Puzzle"],"max_hp_gain":0,"max_hp_loss":0,"event_name":"Scrap Ooze","floor":3,"gold_loss":0},{"damage_healed":0,"gold_gain":0,"player_choice":"Searched \u00270\u0027 times","damage_taken":0,"max_hp_gain":0,"max_hp_loss":0,"event_name":"Dead Adventurer","floor":11,"gold_loss":0},{"damage_healed":0,"gold_gain":0,"player_choice":"Simplicity","damage_taken":0,"max_hp_gain":0,"max_hp_loss":0,"event_name":"Back to Basics","floor":22,"gold_loss":0,"cards_upgraded":[]},{"damage_healed":0,"gold_gain":99,"player_choice":"Stole From Cult","damage_taken":0,"max_hp_gain":0,"max_hp_loss":0,"event_name":"Nest","floor":31,"gold_loss":0}],"is_beta":false,"boss_relics":[{"not_picked":["Runic Pyramid","Empty Cage"],"picked":"Pandora\u0027s Box"}],"items_purged_floors":[],"is_endless":false,"potions_floor_spawned":[5,8,10,12,16,18,19,23],"killed_by":"Collector","ascension_level":1}