{"gold_per_floor":[119,119,294,294,309,309,343,361,361,11,11,26,42,42,42,163,163,179,179,197,210,226,226,37,68,80,217,229,93,93,112,112,243,243,264,0,0,14,33,69,92,123,123,156,180,221,235,85,85,85],"floor_reached":51,"playtime":1286,"items_purged":[],"score":937,"play_id":"cb8f38be-0e1a-4bca-8f27-a977a9487b0b","local_time":"20190507224554","is_ascension_mode":false,"campfire_choices":[{"data":"Feed","floor":6,"key":"SMITH"},{"data":"Whirlwind","floor":11,"key":"SMITH"},{"data":"Heavy Blade","floor":15,"key":"SMITH"},{"floor":23,"key":"REST"},{"floor":30,"key":"REST"},{"floor":32,"key":"REST"},{"data":"Apotheosis","floor":49,"key":"SMITH"}],"neow_cost":"NONE","seed_source_timestamp":15453536535600,"circlet_count":0,"master_deck":["Strike_R","Strike_R","Strike_R","Strike_R","Strike_R","Defend_R","Defend_R","Defend_R","Defend_R","Bash","Whirlwind+1","Doubt","Feed+1","Thunderclap","Heavy Blade+1","Creative AI+1","Seeing Red","Apotheosis+1","Whirlwind+1","Clumsy","Necronomicurse","Backstab+1","Phantasmal Killer","Normality","Melter+1"],"relics":["Burning Blood","Centennial Puzzle","Golden Idol","Dodecahedron","Anchor","Paper Frog","Red Skull","PrismaticShard","Cursed Key","MawBank","Mercury Hourglass","Du-Vu Doll","Molten Egg 2","Necronomicon","PreservedInsect","Busted Crown","Red Mask","Mummified Hand","Kunai","Bottled Lightning","Boot","Bottled Flame","Pen Nib"],"potions_floor_usage":[7,16,16,33,33,33,38],"damage_taken":[{"damage":6,"enemies":"Cultist","floor":1,"turns":3},{"damage":11,"enemies":"Jaw Worm","floor":5,"turns":3},{"damage":39,"enemies":"Gremlin Nob","floor":7,"turns":5},{"damage":6,"enemies":"2 Louse","floor":8,"turns":3},{"damage":0,"enemies":"Looter","floor":12,"turns":2},{"damage":0,"enemies":"3 Louse","floor":13,"turns":2},{"damage":56,"enemies":"Hexaghost","floor":16,"turns":9},{"damage":2,"enemies":"Chosen","floor":18,"turns":3},{"damage":17,"enemies":"Spheric Guardian","floor":20,"turns":4},{"damage":43,"enemies":"Snake Plant","floor":21,"turns":6},{"damage":43,"enemies":"Sentry and Sphere","floor":22,"turns":6},{"damage":40,"enemies":"Gremlin Leader","floor":25,"turns":7},{"damage":0,"enemies":"Colosseum Slavers","floor":27,"turns":2},{"damage":6,"enemies":"Colosseum Nobs","floor":27,"turns":3},{"damage":10,"enemies":"Snecko","floor":31,"turns":3},{"damage":25,"enemies":"Champ","floor":33,"turns":7},{"damage":0,"enemies":"3 Darklings","floor":35,"turns":1},{"damage":0,"enemies":"3 Shapes","floor":38,"turns":3},{"damage":0,"enemies":"Transient","floor":39,"turns":5},{"damage":0,"enemies":"Nemesis","floor":40,"turns":1},{"damage":22,"enemies":"Writhing Mass","floor":41,"turns":3},{"damage":0,"enemies":"Giant Head","floor":42,"turns":4},{"damage":0,"enemies":"Reptomancer","floor":44,"turns":3},{"damage":6,"enemies":"Sphere and 2 Shapes","floor":45,"turns":3},{"damage":13,"enemies":"Giant Head","floor":46,"turns":5},{"damage":2,"enemies":"Spire Growth","floor":47,"turns":3},{"damage":30,"enemies":"Time Eater","floor":50,"turns":5}],"seed_played":"4471625762429386315","potions_obtained":[{"floor":1,"key":"EssenceOfSteel"},{"floor":5,"key":"Explosive Potion"},{"floor":13,"key":"Regen Potion"},{"floor":16,"key":"LiquidBronze"},{"floor":20,"key":"Ancient Potion"},{"floor":27,"key":"Block Potion"},{"floor":35,"key":"AttackPotion"},{"floor":39,"key":"Fire Potion"},{"floor":44,"key":"BloodPotion"},{"floor":45,"key":"BloodPotion"}],"is_trial":false,"path_per_floor":["M","?","?","T","M","R","E","M","T","$","R","M","M","$","R","B",null,"M","?","M","M","M","R","$","E","T","?","?","$","R","M","R","B",null,"M","?","?","M","M","E","M","E","T","E","M","E","M","$","R","B",null],"character_chosen":"IRONCLAD","items_purchased":["Red Skull","PrismaticShard","Apotheosis","PreservedInsect","Pen Nib"],"campfire_rested":3,"item_purchase_floors":[10,10,24,29,48],"current_hp_per_floor":[80,60,60,60,55,55,26,30,30,30,30,36,46,46,46,10,92,92,92,81,48,15,45,45,11,11,21,5,5,36,32,63,44,104,104,104,104,104,104,104,88,94,94,100,100,93,97,97,97,73],"gold":85,"neow_bonus":"RANDOM_COMMON_RELIC","is_prod":false,"is_daily":false,"chose_seed":false,"campfire_upgraded":4,"win_rate":0,"timestamp":1557258354,"path_taken":["M","?","?","?","M","R","E","M","T","$","R","?","M","?","R","BOSS","M","?","M","M","M","R","$","E","T","?","?","$","R","M","R","BOSS","M","?","?","M","M","E","M","E","T","E","M","E","?","$","R","BOSS"],"build_version":"2019-01-23","purchased_purges":0,"victory":true,"max_hp_per_floor":[80,80,80,80,80,80,84,88,88,88,88,88,92,92,92,92,92,92,92,92,96,100,100,100,100,100,104,104,104,104,104,104,104,104,104,104,104,104,104,104,104,104,104,104,104,104,104,104,104,104],"card_choices":[{"not_picked":["Twin Strike","Clash"],"picked":"Whirlwind","floor":1},{"not_picked":["Warcry","Burning Pact"],"picked":"Feed","floor":5},{"not_picked":["Shrug It Off","Wild Strike","Body Slam"],"picked":"SKIP","floor":7},{"not_picked":["Searing Blow","Evolve"],"picked":"Thunderclap","floor":8},{"not_picked":["Bane","Clash"],"picked":"Heavy Blade","floor":12},{"not_picked":["Melter","Stack","Tactician"],"picked":"SKIP","floor":13},{"not_picked":["Barricade","Exhume"],"picked":"Creative AI","floor":16},{"not_picked":["Prepared+1","Caltrops","Blizzard"],"picked":"SKIP","floor":18},{"not_picked":["Escape Plan","Pommel Strike","Coolheaded"],"picked":"SKIP","floor":20},{"not_picked":["Aggregate","Redo+1","Clothesline"],"picked":"SKIP","floor":21},{"not_picked":["Go for the Eyes","Bane","Cleave"],"picked":"SKIP","floor":22},{"not_picked":["Deadly Poison+1","Cold Snap"],"picked":"Whirlwind+1","floor":25},{"not_picked":["Static Discharge","Leg Sweep"],"picked":"Backstab+1","floor":31},{"not_picked":["Sadistic Nature","Mayhem"],"picked":"Phantasmal Killer","floor":33},{"not_picked":["Pommel Strike+1"],"picked":"SKIP","floor":35},{"not_picked":["PanicButton"],"picked":"SKIP","floor":38},{"not_picked":["Poisoned Stab+1"],"picked":"SKIP","floor":39},{"not_picked":["Lockon+1"],"picked":"SKIP","floor":40},{"not_picked":["Finisher+1"],"picked":"SKIP","floor":41},{"not_picked":["Turbo+1"],"picked":"SKIP","floor":42},{"not_picked":["Sunder+1"],"picked":"SKIP","floor":44},{"not_picked":[],"picked":"Melter+1","floor":45},{"not_picked":["Sentinel+1"],"picked":"SKIP","floor":46},{"not_picked":["Body Slam+1"],"picked":"SKIP","floor":47}],"player_experience":303689,"relics_obtained":[{"floor":4,"key":"Dodecahedron"},{"floor":7,"key":"Anchor"},{"floor":9,"key":"Paper Frog"},{"floor":25,"key":"MawBank"},{"floor":26,"key":"Mercury Hourglass"},{"floor":27,"key":"Du-Vu Doll"},{"floor":27,"key":"Molten Egg 2"},{"floor":28,"key":"Necronomicon"},{"floor":40,"key":"Mummified Hand"},{"floor":42,"key":"Kunai"},{"floor":43,"key":"Bottled Lightning"},{"floor":44,"key":"Boot"},{"floor":46,"key":"Bottled Flame"}],"event_choices":[{"damage_healed":0,"gold_gain":0,"player_choice":"Take Damage","damage_taken":20,"relics_obtained":["Golden Idol"],"max_hp_gain":0,"max_hp_loss":0,"event_name":"Golden Idol","floor":2,"gold_loss":0},{"damage_healed":0,"gold_gain":175,"player_choice":"AGREE","damage_taken":0,"max_hp_gain":0,"max_hp_loss":0,"event_name":"Liars Game","floor":3,"gold_loss":0,"cards_obtained":["Doubt"]},{"damage_healed":0,"gold_gain":0,"player_choice":"Read","damage_taken":0,"max_hp_gain":0,"max_hp_loss":0,"event_name":"The Library","floor":19,"gold_loss":0,"cards_obtained":["Seeing Red"]},{"damage_healed":0,"gold_gain":0,"player_choice":"Fight","damage_taken":0,"max_hp_gain":0,"max_hp_loss":0,"event_name":"Colosseum","floor":27,"gold_loss":0},{"damage_healed":0,"gold_gain":0,"player_choice":"Fought Nobs","damage_taken":0,"max_hp_gain":0,"max_hp_loss":0,"event_name":"Colosseum","floor":27,"gold_loss":0},{"damage_healed":0,"gold_gain":0,"player_choice":"Obtained Book","damage_taken":16,"max_hp_gain":0,"max_hp_loss":0,"event_name":"Cursed Tome","floor":28,"gold_loss":0},{"damage_healed":0,"gold_gain":0,"player_choice":"Paid","damage_taken":0,"relics_obtained":["Red Mask"],"max_hp_gain":0,"max_hp_loss":0,"event_name":"Tomb of Lord Red Mask","floor":36,"gold_loss":264},{"damage_healed":0,"gold_gain":0,"player_choice":"Upgraded","damage_taken":0,"max_hp_gain":0,"max_hp_loss":0,"event_name":"Upgrade Shrine","floor":37,"gold_loss":0,"cards_upgraded":["Creative AI"]}],"is_beta":false,"boss_relics":[{"not_picked":["Lizard Tail","Tiny House"],"picked":"Cursed Key"},{"not_picked":["Runic Cube","Runic Dome"],"picked":"Busted Crown"}],"items_purged_floors":[],"is_endless":false,"potions_floor_spawned":[1,5,13,16,20,27,27,35,39,44,45,47],"ascension_level":0}