{"gold_per_floor":[119,135,65,65,78,78,89,101,101,118,118,130,130,130,130,226,226,242,242,255,269,194,194,194,214,214,214,114,124,139,153,153,253,253,263,263,263,138,151,151,161,161,229,248,262,262],"floor_reached":46,"playtime":1191,"items_purged":["Defend_R","Defend_R","Strike_R"],"score":418,"play_id":"1af859f6-be2b-4b9d-a9b4-22aaedce60e7","local_time":"20181218205912","is_ascension_mode":false,"campfire_choices":[{"data":"Bash","floor":6,"key":"SMITH"},{"data":"Clash","floor":11,"key":"SMITH"},{"data":"Dropkick","floor":15,"key":"SMITH"},{"floor":23,"key":"REST"},{"floor":32,"key":"REST"},{"floor":40,"key":"REST"}],"neow_cost":"NONE","seed_source_timestamp":470215926179049,"circlet_count":0,"master_deck":["Strike_R","Strike_R","Strike_R","Bash+1","Clash+1","Dropkick+1","Shrug It Off","Dropkick+1"],"relics":["Burning Blood","NeowsBlessing","Paper Frog","Red Skull","Dodecahedron","Lizard Tail","Omamori","Dream Catcher","Empty Cage","Molten Egg 2"],"potions_floor_usage":[16,21,21,33],"damage_taken":[{"damage":0,"enemies":"2 Louse","floor":1,"turns":1},{"damage":0,"enemies":"Cultist","floor":2,"turns":1},{"damage":0,"enemies":"Small Slimes","floor":5,"turns":1},{"damage":5,"enemies":"Looter","floor":7,"turns":2},{"damage":7,"enemies":"3 Louse","floor":8,"turns":4},{"damage":16,"enemies":"2 Fungi Beasts","floor":10,"turns":4},{"damage":0,"enemies":"Exordium Thugs","floor":12,"turns":3},{"damage":32,"enemies":"Slime Boss","floor":16,"turns":6},{"damage":20,"enemies":"Spheric Guardian","floor":18,"turns":4},{"damage":28,"enemies":"3 Byrds","floor":20,"turns":6},{"damage":28,"enemies":"3 Cultists","floor":21,"turns":6},{"damage":24,"enemies":"Snake Plant","floor":25,"turns":3},{"damage":17,"enemies":"Centurion and Healer","floor":29,"turns":4},{"damage":21,"enemies":"Chosen and Byrds","floor":30,"turns":6},{"damage":5,"enemies":"Shelled Parasite and Fungi","floor":31,"turns":3},{"damage":59,"enemies":"Collector","floor":33,"turns":5},{"damage":19,"enemies":"Orb Walker","floor":35,"turns":3},{"damage":29,"enemies":"3 Shapes","floor":39,"turns":6},{"damage":10,"enemies":"Maw","floor":41,"turns":6},{"damage":56,"enemies":"4 Shapes","floor":44,"turns":7},{"damage":0,"enemies":"Transient","floor":45,"turns":5},{"damage":31,"enemies":"Reptomancer","floor":46,"turns":2}],"seed_played":"-2564550479309527177","potions_obtained":[{"floor":1,"key":"SkillPotion"},{"floor":2,"key":"SteroidPotion"},{"floor":8,"key":"Fire Potion"},{"floor":16,"key":"BloodPotion"},{"floor":21,"key":"Swift Potion"},{"floor":29,"key":"Dexterity Potion"},{"floor":30,"key":"Strength Potion"},{"floor":41,"key":"SpeedPotion"}],"is_trial":false,"path_per_floor":["M","M","$","?","M","R","M","M","T","M","R","M","?","?","R","B",null,"M","?","M","M","$","R","?","M","T","?","$","M","M","M","R","B",null,"M","?","?","$","M","R","M","?","T","M","M","E"],"character_chosen":"IRONCLAD","items_purchased":["Dropkick"],"campfire_rested":3,"item_purchase_floors":[3],"current_hp_per_floor":[80,80,80,80,80,80,80,79,79,69,69,75,75,68,68,42,80,66,66,44,30,30,54,54,36,36,36,36,25,10,11,35,26,80,67,67,67,67,44,66,62,62,62,12,18,0],"gold":262,"neow_bonus":"THREE_ENEMY_KILL","is_prod":false,"is_daily":false,"chose_seed":false,"campfire_upgraded":3,"win_rate":0,"timestamp":1545184752,"path_taken":["M","M","$","?","M","R","M","M","T","?","R","M","?","?","R","BOSS","M","?","M","M","$","R","?","M","T","?","$","M","M","?","R","BOSS","M","?","?","$","M","R","M","?","T","?","M","E"],"build_version":"2018-12-13","purchased_purges":3,"victory":false,"max_hp_per_floor":[80,80,80,80,80,80,80,80,80,80,80,80,80,80,80,80,80,80,80,80,80,80,80,80,80,80,80,80,80,80,80,80,80,80,80,76,76,76,76,76,76,76,76,76,76,76],"card_choices":[{"not_picked":["Corruption","Clothesline"],"picked":"Clash","floor":1},{"not_picked":["Evolve","Headbutt","Havoc"],"picked":"SKIP","floor":2},{"not_picked":["Combust","Evolve","Flex"],"picked":"SKIP","floor":5},{"not_picked":["Clash","Perfected Strike","Intimidate"],"picked":"SKIP","floor":7},{"not_picked":["Cleave","Warcry","Twin Strike"],"picked":"SKIP","floor":8},{"not_picked":["Battle Trance","Headbutt","Barricade"],"picked":"SKIP","floor":10},{"not_picked":["Spot Weakness","Thunderclap","Armaments"],"picked":"SKIP","floor":12},{"not_picked":["Armaments","Headbutt","Rupture+1"],"picked":"SKIP","floor":18},{"not_picked":["Flame Barrier","Body Slam","Flex"],"picked":"SKIP","floor":20},{"not_picked":["Dual Wield+1","Clothesline"],"picked":"Shrug It Off","floor":21},{"not_picked":["Seeing Red+1","Sword Boomerang","Ghostly Armor"],"picked":"SKIP","floor":25},{"not_picked":["Flame Barrier","Thunderclap","Wild Strike"],"picked":"SKIP","floor":29},{"not_picked":["Perfected Strike","Heavy Blade+1","Cleave"],"picked":"SKIP","floor":30},{"not_picked":["Metallicize","True Grit","Immolate"],"picked":"SKIP","floor":31},{"not_picked":["Havoc+1","Second Wind+1","Heavy Blade+1"],"picked":"SKIP","floor":35},{"not_picked":["Inflame","Iron Wave","Clothesline+1"],"picked":"SKIP","floor":39},{"not_picked":["Wild Strike+1","Rampage+1","Whirlwind"],"picked":"SKIP","floor":41},{"not_picked":["Havoc","Feel No Pain","Warcry"],"picked":"SKIP","floor":44},{"not_picked":["Power Through","Entrench","Intimidate+1"],"picked":"SKIP","floor":45}],"player_experience":343657,"relics_obtained":[{"floor":9,"key":"Paper Frog"},{"floor":26,"key":"Omamori"},{"floor":43,"key":"Molten Egg 2"}],"event_choices":[{"damage_healed":0,"gold_gain":0,"player_choice":"Bought 0 Potions","damage_taken":0,"max_hp_gain":0,"max_hp_loss":0,"event_name":"The Woman in Blue","floor":4,"gold_loss":0},{"damage_healed":0,"gold_gain":0,"player_choice":"Searched \u00271\u0027 times","damage_taken":0,"relics_obtained":["Red Skull"],"max_hp_gain":0,"max_hp_loss":0,"event_name":"Dead Adventurer","floor":13,"gold_loss":0},{"damage_healed":0,"gold_gain":0,"player_choice":"Success","damage_taken":7,"relics_obtained":["Dodecahedron"],"max_hp_gain":0,"max_hp_loss":0,"event_name":"Scrap Ooze","floor":14,"gold_loss":0},{"cards_removed":["Defend_R"],"damage_healed":0,"gold_gain":0,"player_choice":"Elegance","damage_taken":0,"max_hp_gain":0,"max_hp_loss":0,"event_name":"Back to Basics","floor":19,"gold_loss":0},{"damage_healed":0,"gold_gain":0,"player_choice":"Ignored","damage_taken":0,"max_hp_gain":0,"max_hp_loss":0,"event_name":"Cursed Tome","floor":24,"gold_loss":0},{"damage_healed":0,"gold_gain":0,"player_choice":"Gave Potion","damage_taken":0,"relics_obtained":["Dream Catcher"],"max_hp_gain":0,"max_hp_loss":0,"event_name":"WeMeetAgain","floor":27,"gold_loss":0},{"damage_healed":0,"gold_gain":0,"player_choice":"Max HP","damage_taken":0,"max_hp_gain":0,"max_hp_loss":4,"event_name":"Winding Halls","floor":36,"gold_loss":0},{"damage_healed":0,"gold_gain":0,"player_choice":"Ignored","damage_taken":0,"max_hp_gain":0,"max_hp_loss":0,"event_name":"Tomb of Lord Red Mask","floor":37,"gold_loss":0},{"damage_healed":0,"gold_gain":0,"player_choice":"Copied","damage_taken":0,"max_hp_gain":0,"max_hp_loss":0,"event_name":"Duplicator","floor":42,"gold_loss":0,"cards_obtained":["Dropkick"]}],"is_beta":false,"boss_relics":[{"not_picked":["Runic Dome","White Beast Statue"],"picked":"Lizard Tail"},{"not_picked":["Coffee Dripper","Sozu"],"picked":"Empty Cage"}],"items_purged_floors":[22,28,38],"is_endless":false,"potions_floor_spawned":[1,2,8,16,21,29,30,41],"killed_by":"Reptomancer","ascension_level":0}