{"gold_per_floor":[115,130,145,145,163,163,218,228,228,228,239,274,274,274,274,379,379,396,50,67,78,78,78,109,129,129,160,160,160,171,121,121,217,217,227,127,127,145,155,189,189,202,281,381,401,5,38,48,48,73],"floor_reached":50,"playtime":3449,"items_purged":["Defend_R","Defend_R","Decay"],"score":607,"play_id":"c0dbe399-b7a2-4495-8279-f08ed75ed9c6","local_time":"20190427190614","is_ascension_mode":true,"campfire_choices":[{"data":"Perfected Strike","floor":6,"key":"SMITH"},{"data":"Perfected Strike","floor":10,"key":"SMITH"},{"floor":13,"key":"REST"},{"data":"Uppercut","floor":15,"key":"SMITH"},{"data":"Feel No Pain","floor":23,"key":"SMITH"},{"floor":28,"key":"REST"},{"floor":32,"key":"REST"},{"data":"Chrysalis","floor":41,"key":"SMITH"},{"data":"HandOfGreed","floor":49,"key":"SMITH"}],"neow_cost":"NONE","seed_source_timestamp":1137816755865524,"circlet_count":0,"master_deck":["Strike_R","Strike_R","Strike_R","Strike_R","Strike_R","Defend_R","Bash","Wild Strike","Metallicize","Iron Wave","Perfected Strike+1","Clothesline","Perfected Strike+1","Havoc","Uppercut+1","Reckless Charge","Impervious","Havoc","Chrysalis+1","Feel No Pain+1","Clothesline","RitualDagger","Uppercut+1","Ghostly Armor","Twin Strike","Necronomicurse","Flex","Reaper","Body Slam+1","Sentinel+1","Blood for Blood","Doubt","Seeing Red","HandOfGreed+1","Twin Strike","Pommel Strike","Havoc"],"relics":["Burning Blood","NeowsBlessing","Tiny Chest","Ancient Tea Set","PreservedInsect","Busted Crown","Mercury Hourglass","Kunai","Ice Cream","Necronomicon","Cursed Key","Pantograph","Strawberry","Mummified Hand","Potion Belt"],"potions_floor_usage":[33,33,47,47,48,50],"damage_taken":[{"damage":0,"enemies":"Small Slimes","floor":1,"turns":1},{"damage":0,"enemies":"Jaw Worm","floor":2,"turns":1},{"damage":0,"enemies":"Cultist","floor":3,"turns":1},{"damage":24,"enemies":"Gremlin Gang","floor":5,"turns":7},{"damage":17,"enemies":"Gremlin Nob","floor":7,"turns":4},{"damage":9,"enemies":"3 Louse","floor":8,"turns":4},{"damage":5,"enemies":"Lots of Slimes","floor":11,"turns":4},{"damage":23,"enemies":"Lagavulin","floor":12,"turns":5},{"damage":50,"enemies":"The Guardian","floor":16,"turns":8},{"damage":12,"enemies":"Shell Parasite","floor":18,"turns":4},{"damage":14,"enemies":"3 Byrds","floor":20,"turns":7},{"damage":7,"enemies":"Snecko","floor":21,"turns":4},{"damage":15,"enemies":"Book of Stabbing","floor":24,"turns":4},{"damage":12,"enemies":"Snake Plant","floor":25,"turns":3},{"damage":34,"enemies":"Gremlin Leader","floor":27,"turns":4},{"damage":5,"enemies":"Chosen and Byrds","floor":30,"turns":3},{"damage":27,"enemies":"Collector","floor":33,"turns":6},{"damage":3,"enemies":"Orb Walker","floor":35,"turns":3},{"damage":8,"enemies":"3 Darklings","floor":38,"turns":5},{"damage":16,"enemies":"4 Shapes","floor":39,"turns":2},{"damage":10,"enemies":"Nemesis","floor":40,"turns":3},{"damage":34,"enemies":"Sphere and 2 Shapes","floor":42,"turns":4},{"damage":13,"enemies":"3 Darklings","floor":45,"turns":4},{"damage":8,"enemies":"Giant Head","floor":47,"turns":6},{"damage":3,"enemies":"Spire Growth","floor":48,"turns":3},{"damage":124,"enemies":"Awakened One","floor":50,"turns":6}],"seed_played":"1470351545903407595","potions_obtained":[{"floor":3,"key":"Strength Potion"},{"floor":7,"key":"SteroidPotion"},{"floor":12,"key":"Swift Potion"},{"floor":16,"key":"Strength Potion"},{"floor":33,"key":"Poison Potion"},{"floor":35,"key":"PowerPotion"},{"floor":47,"key":"Fire Potion"}],"is_trial":false,"path_per_floor":["M","M","M","?","M","R","E","M","T","R","M","E","R","?","R","B",null,"M","$","M","M","?","R","E","M","T","E","R","?","M","?","R","B",null,"M","$","T","M","M","E","R","M","T","?","M","$","E","M","R","B"],"character_chosen":"IRONCLAD","items_purchased":["Havoc","Chrysalis","Feel No Pain","HandOfGreed","Twin Strike","Pommel Strike"],"campfire_rested":3,"item_purchase_floors":[19,19,19,46,46,46],"current_hp_per_floor":[80,80,80,80,62,62,51,48,48,48,49,32,56,56,56,12,80,74,74,66,65,59,59,50,44,44,16,40,24,25,25,49,28,80,80,80,80,80,70,75,75,63,63,63,56,56,66,77,77,0],"gold":73,"neow_bonus":"THREE_ENEMY_KILL","is_prod":false,"is_daily":false,"chose_seed":false,"campfire_upgraded":6,"win_rate":0,"timestamp":1556406374,"path_taken":["M","M","M","?","M","R","E","M","T","R","M","E","R","?","R","BOSS","M","$","M","M","?","R","E","M","T","E","R","?","M","?","R","BOSS","M","$","?","M","M","E","R","?","T","?","?","?","E","M","R","BOSS"],"build_version":"2019-01-23","purchased_purges":3,"victory":false,"max_hp_per_floor":[80,80,80,80,80,80,80,80,80,80,80,80,80,80,80,80,80,80,80,80,80,80,80,80,80,80,80,80,80,80,80,80,80,80,80,80,80,80,80,87,87,87,87,87,87,87,87,87,87,87],"card_choices":[{"not_picked":["Clothesline","Thunderclap"],"picked":"Wild Strike","floor":1},{"not_picked":["Clothesline","Exhume"],"picked":"Metallicize","floor":2},{"not_picked":["Whirlwind","Twin Strike"],"picked":"Iron Wave","floor":3},{"not_picked":["Entrench","Flex"],"picked":"Perfected Strike","floor":5},{"not_picked":["Pommel Strike","Impervious"],"picked":"Clothesline","floor":7},{"not_picked":["Rampage","Heavy Blade"],"picked":"Perfected Strike","floor":8},{"not_picked":["Spot Weakness","Rampage"],"picked":"Havoc","floor":11},{"not_picked":["Iron Wave","Spot Weakness"],"picked":"Uppercut","floor":12},{"not_picked":["Immolate","Barricade"],"picked":"Impervious","floor":16},{"not_picked":["Twin Strike"],"picked":"SKIP","floor":18},{"not_picked":[],"picked":"Clothesline","floor":20},{"not_picked":["Power Through"],"picked":"SKIP","floor":21},{"not_picked":[],"picked":"Uppercut+1","floor":24},{"not_picked":[],"picked":"Ghostly Armor","floor":25},{"not_picked":[],"picked":"Twin Strike","floor":27},{"not_picked":[],"picked":"Flex","floor":30},{"not_picked":[],"picked":"Reaper","floor":33},{"not_picked":[],"picked":"Body Slam+1","floor":35},{"not_picked":["Flex"],"picked":"SKIP","floor":38},{"not_picked":[],"picked":"Sentinel+1","floor":39},{"not_picked":["Pommel Strike+1"],"picked":"SKIP","floor":40},{"not_picked":[],"picked":"Blood for Blood","floor":42},{"not_picked":[],"picked":"Seeing Red","floor":45},{"not_picked":[],"picked":"Havoc","floor":47},{"not_picked":["Rampage+1"],"picked":"SKIP","floor":48}],"player_experience":133625,"relics_obtained":[{"floor":7,"key":"Tiny Chest"},{"floor":9,"key":"Ancient Tea Set"},{"floor":12,"key":"PreservedInsect"},{"floor":24,"key":"Mercury Hourglass"},{"floor":26,"key":"Kunai"},{"floor":27,"key":"Ice Cream"},{"floor":29,"key":"Necronomicon"},{"floor":37,"key":"Pantograph"},{"floor":40,"key":"Strawberry"},{"floor":43,"key":"Mummified Hand"},{"floor":47,"key":"Potion Belt"}],"event_choices":[{"damage_healed":0,"gold_gain":0,"player_choice":"Ignored","damage_taken":0,"max_hp_gain":0,"max_hp_loss":0,"event_name":"Liars Game","floor":4,"gold_loss":0},{"damage_healed":0,"gold_gain":0,"cards_transformed":["Defend_R"],"player_choice":"Change","damage_taken":0,"max_hp_gain":0,"max_hp_loss":0,"event_name":"Living Wall","floor":14,"gold_loss":0,"cards_obtained":["Reckless Charge"]},{"damage_healed":0,"gold_gain":0,"player_choice":"Joined the Cult","damage_taken":6,"max_hp_gain":0,"max_hp_loss":0,"event_name":"Nest","floor":22,"gold_loss":0,"cards_obtained":["RitualDagger"]},{"damage_healed":0,"gold_gain":0,"player_choice":"Obtained Book","damage_taken":16,"max_hp_gain":0,"max_hp_loss":0,"event_name":"Cursed Tome","floor":29,"gold_loss":0},{"damage_healed":0,"gold_gain":0,"player_choice":"Bet on Owner","damage_taken":0,"max_hp_gain":0,"max_hp_loss":0,"event_name":"The Joust","floor":31,"gold_loss":50},{"damage_healed":0,"gold_gain":100,"player_choice":"Pray","damage_taken":0,"max_hp_gain":0,"max_hp_loss":0,"event_name":"Golden Shrine","floor":44,"gold_loss":0}],"is_beta":false,"boss_relics":[{"not_picked":["Snecko Eye","Tiny House"],"picked":"Busted Crown"},{"not_picked":["Calling Bell","Black Star"],"picked":"Cursed Key"}],"items_purged_floors":[19,36,46],"is_endless":false,"potions_floor_spawned":[3,7,12,16,21,33,35,38,45,47],"killed_by":"Awakened One","ascension_level":1}