{"gold_per_floor":[17,17,30,0,54,86,86,102,181,181,227,193,193,204,204,278,278,290,215,215,42,52,52,68,68,92,92],"floor_reached":27,"playtime":3927,"items_purged":["Strike_G"],"score":456,"play_id":"fba63c89-e172-49af-959c-93e73d02b50f","local_time":"20190514174959","is_ascension_mode":true,"campfire_choices":[{"floor":7.0,"key":"REST"},{"data":"Noxious Fumes","floor":10.0,"key":"SMITH"},{"data":"Leg Sweep","floor":13.0,"key":"SMITH"},{"floor":15.0,"key":"REST"},{"floor":23,"key":"REST"}],"neow_cost":"NO_GOLD","seed_source_timestamp":2921720876703169,"circlet_count":0,"master_deck":["AscendersBane","Defend_G","Defend_G","Defend_G","Defend_G","Defend_G","Strike_G","Strike_G","Strike_G","Strike_G","Survivor","Neutralize","Blur+1","Leg Sweep+1","Noxious Fumes+1","Predator","Poisoned Stab","Doppelganger","Backflip","Flying Knee","Panacea+1","Blade Dance","Writhe"],"special_seed":0,"relics":["Ring of the Snake","Ice Cream","Tiny Chest","Blue Candle","Pear","WristBlade","Nilry\u0027s Codex","Anchor","War Paint"],"potions_floor_usage":[],"damage_taken":[{"damage":6.0,"enemies":"Jaw Worm","floor":1.0,"turns":5.0},{"damage":0.0,"enemies":"Small Slimes","floor":3.0,"turns":4.0},{"damage":38.0,"enemies":"3 Sentries","floor":6.0,"turns":17.0},{"damage":0.0,"enemies":"2 Louse","floor":8.0,"turns":4.0},{"damage":4.0,"enemies":"Exordium Thugs","floor":12.0,"turns":5.0},{"damage":1.0,"enemies":"2 Fungi Beasts","floor":14.0,"turns":4.0},{"damage":0.0,"enemies":"The Guardian","floor":16.0,"turns":11.0},{"damage":2.0,"enemies":"Shell Parasite","floor":18.0,"turns":8.0},{"damage":8.0,"enemies":"2 Thieves","floor":19.0,"turns":5.0},{"damage":11,"enemies":"Chosen and Byrds","floor":22,"turns":6},{"damage":63,"enemies":"3 Cultists","floor":24,"turns":7},{"damage":10,"enemies":"Shelled Parasite and Fungi","floor":27,"turns":4}],"seed_played":"-5653273924021834634","potions_obtained":[{"floor":1.0,"key":"SkillPotion"},{"floor":8.0,"key":"FairyPotion"},{"floor":12.0,"key":"AttackPotion"},{"floor":14.0,"key":"EssenceOfSteel"},{"floor":22,"key":"Strength Potion"},{"floor":24,"key":"Strength Potion"}],"is_trial":false,"path_per_floor":["M","?","M","?","T","E","R","M","T","R","T","M","R","M","R","B",null,"M","M","?","$","M","R","M","?","T","M"],"character_chosen":"THE_SILENT","items_purchased":["Panacea"],"campfire_rested":3,"item_purchase_floors":[21],"current_hp_per_floor":[57,62,62,62,62,24,46,46,56,56,56,52,52,51,76,76,83,81,73,57,57,46,71,8,8,8,0],"gold":92,"neow_bonus":"ONE_RARE_RELIC","is_prod":false,"is_daily":false,"chose_seed":false,"campfire_upgraded":2,"win_rate":0,"timestamp":1557845399,"path_taken":["M","?","M","?","?","E","R","M","T","R","?","?","R","M","R","BOSS","M","M","?","$","M","R","M","?","T","M"],"build_version":"2019-01-23","purchased_purges":1,"victory":false,"max_hp_per_floor":[70,75,75,75,75,75,75,75,85,85,85,85,85,85,85,85,85,85,85,85,85,85,85,85,85,85,85],"card_choices":[{"not_picked":["Concentrate","Deadly Poison"],"picked":"Blur","floor":1.0},{"not_picked":["Distraction","Caltrops"],"picked":"Leg Sweep","floor":3.0},{"not_picked":["Riddle With Holes","Blade Dance","Cloak And Dagger"],"picked":"SKIP","floor":6.0},{"not_picked":["Finisher","Dagger Throw"],"picked":"Noxious Fumes","floor":8.0},{"not_picked":["Acrobatics","Underhanded Strike"],"picked":"Predator","floor":12.0},{"not_picked":["Prepared","Acrobatics"],"picked":"Poisoned Stab","floor":14.0},{"not_picked":["Glass Knife","Night Terror"],"picked":"Doppelganger","floor":16.0},{"not_picked":["Dodge and Roll","Well Laid Plans"],"picked":"Backflip","floor":18.0},{"not_picked":["Deflect","Dagger Spray"],"picked":"Flying Knee","floor":19.0},{"not_picked":["Dodge and Roll+1","Backflip"],"picked":"Blade Dance","floor":22},{"not_picked":["Riddle With Holes","Deflect","Backstab"],"picked":"SKIP","floor":24}],"player_experience":1003675,"relics_obtained":[{"floor":5.0,"key":"Tiny Chest"},{"floor":6.0,"key":"Blue Candle"},{"floor":9.0,"key":"Pear"},{"floor":20,"key":"Nilry\u0027s Codex"},{"floor":26,"key":"War Paint"}],"event_choices":[{"damage_healed":0.0,"max_hp_gain":5.0,"max_hp_loss":0.0,"gold_gain":0.0,"event_name":"Big Fish","player_choice":"Donut","floor":2.0,"gold_loss":0.0,"damage_taken":0.0},{"damage_healed":0.0,"max_hp_gain":0.0,"max_hp_loss":0.0,"gold_gain":0.0,"event_name":"World of Goop","player_choice":"Left Gold","floor":4.0,"gold_loss":30.0,"damage_taken":0.0},{"damage_healed":0,"gold_gain":0,"player_choice":"Obtained Book","damage_taken":16,"max_hp_gain":0,"max_hp_loss":0,"event_name":"Cursed Tome","floor":20,"gold_loss":0},{"damage_healed":0,"gold_gain":0,"player_choice":"Opened","damage_taken":0,"relics_obtained":["Anchor"],"max_hp_gain":0,"max_hp_loss":0,"event_name":"The Mausoleum","floor":25,"gold_loss":0,"cards_obtained":["Writhe"]}],"is_beta":false,"boss_relics":[{"not_picked":["Astrolabe","Runic Dome"],"picked":"WristBlade"}],"items_purged_floors":[21],"is_endless":false,"potions_floor_spawned":[1,8,12,14,22,24],"killed_by":"Shelled Parasite and Fungi","ascension_level":13}