{"gold_per_floor":[119,194,204,184,196,229,229,229,229,404,3,3,13,42,42,146,146,157,157,256,218,237,237,237],"floor_reached":24,"playtime":1141,"items_purged":["Doubt"],"score":293,"play_id":"d0c78bc6-79fe-4e95-b57d-e4a5b511d5cf","local_time":"20190221174259","is_ascension_mode":true,"campfire_choices":[{"floor":7,"key":"REST"},{"floor":15,"key":"REST"},{"data":"Neutralize","floor":23,"key":"SMITH"}],"neow_cost":"NONE","seed_source_timestamp":356711716374874,"circlet_count":0,"master_deck":["Defend_G","Defend_G","Defend_G","Defend_G","Defend_G","Strike_G","Strike_G","Strike_G","Survivor","Neutralize+1","Skewer","Poisoned Stab","Well Laid Plans","Backflip","Storm of Steel","Choke","Burst","Backstab","Blur+1"],"relics":["Ring of the Snake","NeowsBlessing","Ginger","Singing Bowl","Shuriken","Ancient Tea Set","Sozu"],"potions_floor_usage":[6,16,16],"damage_taken":[{"damage":0,"enemies":"2 Louse","floor":1,"turns":1},{"damage":0,"enemies":"Cultist","floor":3,"turns":1},{"damage":0,"enemies":"Small Slimes","floor":5,"turns":1},{"damage":44,"enemies":"Lagavulin","floor":6,"turns":7},{"damage":0,"enemies":"Blue Slaver","floor":13,"turns":5},{"damage":22,"enemies":"Gremlin Nob","floor":14,"turns":4},{"damage":29,"enemies":"The Guardian","floor":16,"turns":19},{"damage":20,"enemies":"Spheric Guardian","floor":18,"turns":4},{"damage":2,"enemies":"Chosen","floor":22,"turns":4},{"damage":46,"enemies":"Gremlin Leader","floor":24,"turns":6}],"seed_played":"5510737197511112345","potions_obtained":[{"floor":1,"key":"SteroidPotion"},{"floor":4,"key":"GhostInAJar"},{"floor":6,"key":"LiquidBronze"},{"floor":13,"key":"SkillPotion"},{"floor":16,"key":"FearPotion"}],"is_trial":false,"path_per_floor":["M","?","M","?","M","E","R","?","T","?","$","?","M","E","R","B",null,"M","?","?","$","M","R","E"],"character_chosen":"THE_SILENT","items_purchased":["Well Laid Plans","Shuriken","Backstab"],"campfire_rested":2,"item_purchase_floors":[11,11,21],"current_hp_per_floor":[63,52,52,52,52,8,29,29,29,29,29,29,31,9,30,1,54,36,36,36,36,34,34,0],"gold":237,"neow_bonus":"THREE_ENEMY_KILL","is_prod":false,"is_daily":false,"chose_seed":false,"campfire_upgraded":1,"win_rate":0,"timestamp":1550788979,"path_taken":["M","?","M","?","?","E","R","?","T","?","$","?","M","E","R","BOSS","M","?","?","$","M","R","E"],"build_version":"2019-01-23","purchased_purges":1,"victory":false,"max_hp_per_floor":[70,70,70,70,70,70,70,70,70,70,70,70,72,72,72,72,72,74,74,74,74,74,74,74],"card_choices":[{"not_picked":["Setup","Choke"],"picked":"Skewer","floor":1},{"not_picked":["Deadly Poison","Calculated Gamble"],"picked":"Poisoned Stab","floor":3},{"not_picked":["Prepared","Concentrate","Quick Slash"],"picked":"SKIP","floor":5},{"not_picked":["Sucker Punch","Deadly Poison","Blade Dance"],"picked":"SKIP","floor":6},{"not_picked":["Distraction","Dagger Spray","Concentrate"],"picked":"Singing Bowl","floor":13},{"not_picked":["Slice","Tools of the Trade"],"picked":"Backflip","floor":14},{"not_picked":["Phantasmal Killer","Grand Finale"],"picked":"Storm of Steel","floor":16},{"not_picked":["Sucker Punch","Accuracy","Outmaneuver"],"picked":"Singing Bowl","floor":18},{"not_picked":["Dagger Spray+1","Escape Plan"],"picked":"Blur+1","floor":22}],"player_experience":418749,"relics_obtained":[{"floor":6,"key":"Ginger"},{"floor":9,"key":"Singing Bowl"},{"floor":14,"key":"Ancient Tea Set"}],"event_choices":[{"damage_healed":0,"gold_gain":75,"player_choice":"Gather Gold","damage_taken":11,"max_hp_gain":0,"max_hp_loss":0,"event_name":"World of Goop","floor":2,"gold_loss":0},{"damage_healed":0,"gold_gain":0,"player_choice":"Bought 1 Potion","damage_taken":0,"max_hp_gain":0,"max_hp_loss":0,"event_name":"The Woman in Blue","floor":4,"gold_loss":0},{"damage_healed":0,"gold_gain":0,"player_choice":"Searched \u00270\u0027 times","damage_taken":0,"max_hp_gain":0,"max_hp_loss":0,"event_name":"Dead Adventurer","floor":8,"gold_loss":0},{"damage_healed":0,"gold_gain":175,"player_choice":"AGREE","damage_taken":0,"max_hp_gain":0,"max_hp_loss":0,"event_name":"Liars Game","floor":10,"gold_loss":0,"cards_obtained":["Doubt"]},{"damage_healed":0,"gold_gain":0,"player_choice":"Leave","damage_taken":0,"max_hp_gain":0,"max_hp_loss":0,"event_name":"The Cleric","floor":12,"gold_loss":0},{"damage_healed":0,"gold_gain":0,"cards_transformed":["Strike_G","Strike_G"],"player_choice":"Became Test Subject","damage_taken":0,"max_hp_gain":0,"max_hp_loss":0,"event_name":"Drug Dealer","floor":19,"gold_loss":0,"cards_obtained":["Choke","Burst"]},{"damage_healed":0,"gold_gain":99,"player_choice":"Stole From Cult","damage_taken":0,"max_hp_gain":0,"max_hp_loss":0,"event_name":"Nest","floor":20,"gold_loss":0}],"is_beta":false,"boss_relics":[{"not_picked":["Runic Pyramid","Pandora\u0027s Box"],"picked":"Sozu"}],"items_purged_floors":[11],"is_endless":false,"potions_floor_spawned":[1,6,13,16,22],"killed_by":"Gremlin Leader","ascension_level":9}