{"gold_per_floor":[113,91,91,40,51,85,85,119,119,119,137,137,156,176,176,273,273,288,288,288,94,94,94,94],"floor_reached":24,"playtime":985,"items_purged":["Strike_G+1"],"score":283,"play_id":"fbed9571-1b20-496c-948a-a8c737bfc006","local_time":"20190118234311","is_ascension_mode":true,"campfire_choices":[{"floor":7,"key":"REST"},{"data":"Neutralize","floor":10,"key":"SMITH"},{"data":"Crippling Poison","floor":12,"key":"SMITH"},{"data":"Deadly Poison","floor":15,"key":"SMITH"},{"data":"Caltrops","floor":23,"key":"SMITH"}],"neow_cost":"NONE","seed_source_timestamp":58739045326235,"circlet_count":0,"master_deck":["Defend_G+1","Defend_G+1","Defend_G+1","Defend_G+1","Defend_G+1","Strike_G+1","Strike_G+1","Strike_G+1","Strike_G+1","Survivor","Neutralize+1","Cloak And Dagger","Deadly Poison+1","Poisoned Stab","Dodge and Roll","Crippling Poison+1","Dodge and Roll","Cloak And Dagger","Glass Knife","Necronomicurse","PiercingWail","Caltrops+1"],"relics":["Ring of the Snake","Pen Nib","WingedGreaves","Boot","Tingsha","Mango","Black Star","Necronomicon"],"potions_floor_usage":[8,16,24,24],"damage_taken":[{"damage":1,"enemies":"Jaw Worm","floor":1,"turns":6},{"damage":0,"enemies":"Small Slimes","floor":5,"turns":5},{"damage":58,"enemies":"Gremlin Nob","floor":6,"turns":5},{"damage":11,"enemies":"Lagavulin","floor":8,"turns":7},{"damage":0,"enemies":"Cultist","floor":11,"turns":3},{"damage":0,"enemies":"Blue Slaver","floor":13,"turns":4},{"damage":0,"enemies":"Looter","floor":14,"turns":4},{"damage":32,"enemies":"Slime Boss","floor":16,"turns":15},{"damage":0,"enemies":"Chosen","floor":18,"turns":4},{"damage":49,"enemies":"Gremlin Leader","floor":24,"turns":8}],"seed_played":"6609244348437941451","potions_obtained":[{"floor":1,"key":"Dexterity Potion"},{"floor":13,"key":"GamblersBrew"},{"floor":14,"key":"Regen Potion"},{"floor":16,"key":"Weak Potion"},{"floor":18,"key":"Explosive Potion"}],"is_trial":false,"path_per_floor":["M","$","?","?","M","E","R","E","T","R","M","R","M","M","R","B",null,"M","?","?","$","?","R","E"],"character_chosen":"THE_SILENT","items_purchased":["Deadly Poison","PiercingWail","Caltrops"],"campfire_rested":1,"item_purchase_floors":[2,21,21],"current_hp_per_floor":[62,62,62,62,62,4,25,14,28,28,28,28,28,28,28,8,65,65,65,49,49,49,49,0],"gold":94,"neow_bonus":"RANDOM_COMMON_RELIC","is_prod":false,"is_daily":false,"chose_seed":false,"campfire_upgraded":4,"win_rate":0,"timestamp":1547872991,"path_taken":["M","$","?","?","M","E","R","E","T","R","?","R","M","M","R","BOSS","M","?","?","$","?","R","E"],"build_version":"2019-01-17v2","purchased_purges":1,"victory":false,"max_hp_per_floor":[70,70,70,70,70,70,70,70,84,84,84,84,84,84,84,84,84,84,84,84,84,84,84,84],"card_choices":[{"not_picked":["Calculated Gamble","All Out Attack"],"picked":"Cloak And Dagger","floor":1},{"not_picked":["Dodge and Roll","Slice"],"picked":"Poisoned Stab","floor":5},{"not_picked":["Deflect","Setup"],"picked":"Dodge and Roll","floor":6},{"not_picked":["Phantasmal Killer","PiercingWail"],"picked":"Crippling Poison","floor":8},{"not_picked":["Deadly Poison","Prepared"],"picked":"Dodge and Roll","floor":11},{"not_picked":["Deflect","Outmaneuver"],"picked":"Cloak And Dagger","floor":13},{"not_picked":["Terror","Prepared","Quick Slash"],"picked":"SKIP","floor":14},{"not_picked":["Doppelganger","Storm of Steel"],"picked":"Glass Knife","floor":16},{"not_picked":["Heel Hook+1","Flying Knee","Choke"],"picked":"SKIP","floor":18}],"player_experience":401986,"relics_obtained":[{"floor":6,"key":"Boot"},{"floor":8,"key":"Tingsha"},{"floor":9,"key":"Mango"},{"floor":20,"key":"Necronomicon"}],"event_choices":[{"damage_healed":0,"gold_gain":0,"player_choice":"Ignored","damage_taken":0,"max_hp_gain":0,"max_hp_loss":0,"event_name":"Liars Game","floor":3,"gold_loss":0},{"damage_healed":0,"gold_gain":0,"player_choice":"Paid Gold","damage_taken":0,"relics_obtained":["WingedGreaves"],"max_hp_gain":0,"max_hp_loss":0,"event_name":"WeMeetAgain","floor":4,"gold_loss":51},{"damage_healed":0,"gold_gain":0,"player_choice":"Simplicity","damage_taken":0,"max_hp_gain":0,"max_hp_loss":0,"event_name":"Back to Basics","floor":19,"gold_loss":0,"cards_upgraded":["Defend_G","Defend_G","Defend_G","Defend_G","Defend_G","Strike_G","Strike_G","Strike_G","Strike_G","Strike_G"]},{"damage_healed":0,"gold_gain":0,"player_choice":"Obtained Book","damage_taken":16,"max_hp_gain":0,"max_hp_loss":0,"event_name":"Cursed Tome","floor":20,"gold_loss":0},{"damage_healed":0,"gold_gain":0,"player_choice":"Ignored","damage_taken":0,"max_hp_gain":0,"max_hp_loss":0,"event_name":"The Mausoleum","floor":22,"gold_loss":0}],"is_beta":false,"boss_relics":[{"not_picked":["Lizard Tail","WristBlade"],"picked":"Black Star"}],"items_purged_floors":[21],"is_endless":false,"potions_floor_spawned":[1,13,14,16,18],"killed_by":"Gremlin Leader","ascension_level":8}