{"gold_per_floor":[115,129,147,147,147,187,187,202,227,266,244,45,63,78,78,199,199,212,212,225,225,17,52,52,76,76,96,53,94,94,129,129,260,260,279,279,302,29,53,53,53],"floor_reached":41,"playtime":2390,"items_purged":["Strike_B","Strike_B"],"score":510,"play_id":"ec7704c4-5877-4447-854a-70b191aaac90","local_time":"20181118081343","is_ascension_mode":true,"campfire_choices":[{"data":"Consume","floor":7,"key":"SMITH"},{"floor":15,"key":"REST"},{"data":"Storm","floor":24,"key":"SMITH"},{"data":"Seek","floor":32,"key":"SMITH"},{"data":"Loop","floor":40,"key":"SMITH"}],"neow_cost":"NONE","seed_source_timestamp":223958878498667,"circlet_count":0,"master_deck":["Defend_B","Defend_B","Defend_B","Defend_B","Zap","Dualcast","Ball Lightning","Consume+1","Streamline","Storm+1","Coolheaded","Go for the Eyes","Seek+1","Loop+1","Cold Snap","Redo","Beam Cell","Electrodynamics","Self Repair","Capacitor","Coolheaded+1","Conserve Battery","Amplify","Conserve Battery","Self Repair","Buffer","Compile Driver+1","Leap","Echo Form+1","Meteor Strike","Steam+1"],"relics":["Cracked Core","Golden Idol","Lantern","Boot","Philosopher\u0027s Stone","Bird Faced Urn","The Courier","Frozen Egg 2","Bronze Scales","Black Star","Mummified Hand"],"potions_floor_usage":[10,16,20],"damage_taken":[{"damage":4,"enemies":"Jaw Worm","floor":1,"turns":4},{"damage":0,"enemies":"Small Slimes","floor":2,"turns":3},{"damage":2,"enemies":"2 Louse","floor":3,"turns":3},{"damage":36,"enemies":"Lagavulin","floor":6,"turns":5},{"damage":9,"enemies":"Exordium Wildlife","floor":8,"turns":3},{"damage":13,"enemies":"3 Sentries","floor":10,"turns":4},{"damage":3,"enemies":"2 Fungi Beasts","floor":13,"turns":3},{"damage":6,"enemies":"Blue Slaver","floor":14,"turns":3},{"damage":11,"enemies":"Slime Boss","floor":16,"turns":5},{"damage":0,"enemies":"3 Byrds","floor":18,"turns":2},{"damage":22,"enemies":"2 Thieves","floor":20,"turns":3},{"damage":37,"enemies":"Slavers","floor":23,"turns":3},{"damage":24,"enemies":"Shelled Parasite and Fungi","floor":25,"turns":6},{"damage":2,"enemies":"Centurion and Healer","floor":27,"turns":5},{"damage":23,"enemies":"Book of Stabbing","floor":29,"turns":5},{"damage":0,"enemies":"Gremlin Leader","floor":31,"turns":4},{"damage":30,"enemies":"Champ","floor":33,"turns":10},{"damage":36,"enemies":"3 Shapes","floor":35,"turns":4},{"damage":4,"enemies":"Orb Walker","floor":37,"turns":2},{"damage":26,"enemies":"Jaw Worm Horde","floor":39,"turns":4},{"damage":67,"enemies":"Reptomancer","floor":41,"turns":2}],"seed_played":"-6883530598951146849","potions_obtained":[{"floor":0,"key":"Strength Potion"},{"floor":0,"key":"Explosive Potion"},{"floor":0,"key":"FearPotion"},{"floor":1,"key":"Poison Potion"},{"floor":6,"key":"PowerPotion"},{"floor":10,"key":"GamblersBrew"},{"floor":16,"key":"AttackPotion"},{"floor":18,"key":"LiquidBronze"},{"floor":23,"key":"Ancient Potion"},{"floor":35,"key":"Dexterity Potion"}],"is_trial":false,"path_per_floor":["M","M","M","?","?","E","R","M","T","E","?","$","M","M","R","B",null,"M","?","M","?","$","E","R","M","T","M","$","E","?","E","R","B",null,"M","?","M","$","M","R","E"],"character_chosen":"DEFECT","items_purchased":["Seek","Loop","Cold Snap","Conserve Battery","Self Repair","Leap","Mummified Hand"],"campfire_rested":1,"item_purchase_floors":[12,12,12,22,22,28,38],"current_hp_per_floor":[71,71,69,51,75,39,39,30,30,17,17,17,14,8,30,19,75,75,75,60,60,60,37,37,39,39,72,72,75,75,75,75,73,75,57,57,61,61,56,56,0],"gold":53,"neow_bonus":"THREE_SMALL_POTIONS","is_prod":false,"is_daily":false,"chose_seed":false,"campfire_upgraded":4,"win_rate":0,"timestamp":1542546823,"path_taken":["M","M","M","?","?","E","R","M","T","E","?","$","?","M","R","BOSS","M","?","M","?","$","E","R","M","T","M","$","E","?","E","R","BOSS","M","?","M","$","M","R","E"],"build_version":"2018-11-15","purchased_purges":2,"victory":false,"max_hp_per_floor":[75,75,75,75,75,75,75,75,75,75,75,75,75,75,75,75,75,75,75,75,75,75,75,75,75,75,75,75,75,75,75,75,75,75,75,75,75,75,75,75,75],"card_choices":[{"not_picked":["Heatsinks","Steam Power"],"picked":"Ball Lightning","floor":1},{"not_picked":["FTL","Aggregate"],"picked":"Consume","floor":2},{"not_picked":["Cold Snap","Stack"],"picked":"Streamline","floor":3},{"not_picked":["Steam","Rainbow"],"picked":"Storm","floor":6},{"not_picked":["Beam Cell","Stack"],"picked":"Coolheaded","floor":8},{"not_picked":["Thunder Strike","Beam Cell"],"picked":"Go for the Eyes","floor":10},{"not_picked":["Sweeping Beam","Turbo"],"picked":"Redo","floor":13},{"not_picked":["Sweeping Beam","Storm"],"picked":"Beam Cell","floor":14},{"not_picked":["Creative AI","Biased Cognition"],"picked":"Electrodynamics","floor":16},{"not_picked":["Conserve Battery+1","Steam"],"picked":"Self Repair","floor":18},{"not_picked":["Steam","Rebound+1"],"picked":"Coolheaded+1","floor":20},{"not_picked":["Sweeping Beam+1","Reboot"],"picked":"Buffer","floor":23},{"not_picked":["Chill+1","Static Discharge"],"picked":"Compile Driver+1","floor":25},{"not_picked":["Hologram","Sweeping Beam+1","Static Discharge"],"picked":"SKIP","floor":27},{"not_picked":["Scrape+1","Barrage+1","Cold Snap"],"picked":"SKIP","floor":29},{"not_picked":["Cold Snap","Compile Driver+1"],"picked":"Echo Form+1","floor":31},{"not_picked":["Electrodynamics+1","Amplify"],"picked":"Meteor Strike","floor":33},{"not_picked":["Compile Driver","Scrape","Sweeping Beam+1"],"picked":"SKIP","floor":35},{"not_picked":["Compile Driver","Scrape","Sweeping Beam+1"],"picked":"SKIP","floor":35},{"not_picked":["Redo+1","Coolheaded","Conserve Battery"],"picked":"SKIP","floor":37},{"not_picked":["Chaos","Sweeping Beam+1"],"picked":"Steam+1","floor":39}],"player_experience":176039,"relics_obtained":[{"floor":6,"key":"Lantern"},{"floor":10,"key":"Boot"},{"floor":23,"key":"Bird Faced Urn"},{"floor":26,"key":"The Courier"},{"floor":29,"key":"Frozen Egg 2"},{"floor":31,"key":"Bronze Scales"}],"event_choices":[{"damage_healed":0,"gold_gain":0,"player_choice":"Take Damage","damage_taken":18,"relics_obtained":["Golden Idol"],"max_hp_gain":0,"max_hp_loss":0,"event_name":"Golden Idol","floor":4,"gold_loss":0},{"damage_healed":25,"gold_gain":0,"player_choice":"Banana","damage_taken":0,"max_hp_gain":0,"max_hp_loss":0,"event_name":"Big Fish","floor":5,"gold_loss":0},{"damage_healed":0,"gold_gain":0,"player_choice":"Left Gold","damage_taken":0,"max_hp_gain":0,"max_hp_loss":0,"event_name":"World of Goop","floor":11,"gold_loss":22},{"damage_healed":0,"gold_gain":0,"player_choice":"Read","damage_taken":0,"max_hp_gain":0,"max_hp_loss":0,"event_name":"The Library","floor":19,"gold_loss":0,"cards_obtained":["Capacitor"]},{"damage_healed":0,"gold_gain":0,"cards_transformed":["Strike_B","Strike_B"],"player_choice":"Became Test Subject","damage_taken":0,"max_hp_gain":0,"max_hp_loss":0,"event_name":"Drug Dealer","floor":21,"gold_loss":0,"cards_obtained":["Conserve Battery","Amplify"]},{"damage_healed":0,"gold_gain":0,"player_choice":"Ignored","damage_taken":0,"max_hp_gain":0,"max_hp_loss":0,"event_name":"Ghosts","floor":30,"gold_loss":0},{"damage_healed":0,"gold_gain":0,"player_choice":"Ignored","damage_taken":0,"max_hp_gain":0,"max_hp_loss":0,"event_name":"Mysterious Sphere","floor":36,"gold_loss":0}],"is_beta":false,"boss_relics":[{"not_picked":["Coffee Dripper","Sozu"],"picked":"Philosopher\u0027s Stone"},{"not_picked":["Cursed Key","Runic Dome"],"picked":"Black Star"}],"items_purged_floors":[22,38],"is_endless":false,"potions_floor_spawned":[1,2,6,10,16,18,23,25,31,35,39],"killed_by":"Reptomancer","ascension_level":1}