{"gold_per_floor":[118,11,24,40,40,51,51,80,80,35,35,60,60,85,85,182,182,182,59,0,0,0,0,0,0,0,0,0,0,0,0,0,0,0,0,0,0,0,0,0,0,0,0,0,0,0,0,0,0,0],"floor_reached":51,"playtime":2483,"items_purged":["Strike_G"],"score":780,"play_id":"bb70afb7-9430-482b-8b4e-92f23613089e","local_time":"20190306090312","is_ascension_mode":false,"campfire_choices":[{"data":"Skewer","floor":7,"key":"SMITH"},{"data":"Dash","floor":11,"key":"SMITH"},{"data":"Well Laid Plans","floor":15,"key":"SMITH"},{"data":"Footwork","floor":23,"key":"SMITH"},{"data":"RitualDagger","floor":25,"key":"SMITH"},{"floor":30,"key":"REST"},{"data":"Noxious Fumes","floor":32,"key":"SMITH"},{"data":"Acrobatics","floor":40,"key":"SMITH"},{"floor":42,"key":"REST"},{"floor":49,"key":"REST"}],"neow_cost":"NONE","seed_source_timestamp":324137485951885,"circlet_count":0,"master_deck":["Defend_G","Defend_G","Defend_G","Defend_G","Survivor","Neutralize","Poisoned Stab","Skewer+1","Noxious Fumes+1","Dodge and Roll","Bane","Dash+1","Footwork+1","Well Laid Plans+1","PiercingWail","Acrobatics+1","Malaise","Dodge and Roll","Acrobatics","Leg Sweep","RitualDagger+1","Backstab","Catalyst+1","Cloak And Dagger+1","Bite","Bite","Bite","Bite","Bite","Wraith Form v2+1","Night Terror","PiercingWail+1","Dark Shackles","Writhe","Corpse Explosion","Prepared+1","Backflip"],"relics":["Runic Dome","Prayer Wheel","Tingsha","The Specimen","Snake Skull","Shovel","Ectoplasm","Dream Catcher","Frozen Egg 2","MawBank","Cursed Key","Red Mask"],"potions_floor_usage":[4,8,28],"damage_taken":[{"damage":0,"enemies":"Cultist","floor":1,"turns":4},{"damage":0,"enemies":"Small Slimes","floor":3,"turns":2},{"damage":3,"enemies":"Jaw Worm","floor":4,"turns":3},{"damage":0,"enemies":"Blue Slaver","floor":6,"turns":3},{"damage":10,"enemies":"Lagavulin","floor":8,"turns":4},{"damage":15,"enemies":"Gremlin Nob","floor":12,"turns":5},{"damage":4,"enemies":"3 Sentries","floor":14,"turns":6},{"damage":36,"enemies":"Slime Boss","floor":16,"turns":10},{"damage":0,"enemies":"Spheric Guardian","floor":18,"turns":5},{"damage":6,"enemies":"2 Thieves","floor":20,"turns":4},{"damage":1,"enemies":"Snake Plant","floor":22,"turns":6},{"damage":4,"enemies":"Book of Stabbing","floor":24,"turns":8},{"damage":19,"enemies":"Shelled Parasite and Fungi","floor":27,"turns":6},{"damage":16,"enemies":"Slavers","floor":28,"turns":4},{"damage":10,"enemies":"Snecko","floor":31,"turns":5},{"damage":18,"enemies":"Collector","floor":33,"turns":8},{"damage":17,"enemies":"3 Shapes","floor":35,"turns":5},{"damage":3,"enemies":"3 Darklings","floor":44,"turns":9},{"damage":9,"enemies":"Sphere and 2 Shapes","floor":45,"turns":5},{"damage":14,"enemies":"Spire Growth","floor":46,"turns":4},{"damage":8,"enemies":"Transient","floor":47,"turns":5},{"damage":6,"enemies":"Sphere and 2 Shapes","floor":48,"turns":4},{"damage":13,"enemies":"Time Eater","floor":50,"turns":7}],"seed_played":"-7023276481291863172","potions_obtained":[{"floor":3,"key":"FearPotion"},{"floor":4,"key":"Fruit Juice"},{"floor":16,"key":"AttackPotion"},{"floor":22,"key":"Swift Potion"},{"floor":24,"key":"Explosive Potion"},{"floor":44,"key":"EssenceOfSteel"},{"floor":46,"key":"GhostInAJar"}],"is_trial":false,"path_per_floor":["M","$","M","M","?","M","R","E","T","$","R","E","$","E","R","B",null,"M","$","M","?","M","R","E","R","T","M","E","?","R","M","R","B",null,"M","?","?","$","?","R","?","R","T","M","M","M","M","M","R","B",null],"character_chosen":"THE_SILENT","items_purchased":["Skewer","Noxious Fumes","PiercingWail","Acrobatics"],"campfire_rested":3,"item_purchase_floors":[2,2,10,19],"current_hp_per_floor":[70,70,70,72,69,69,69,59,59,59,59,44,44,40,40,4,75,75,75,69,63,62,62,58,58,58,39,23,23,38,38,38,30,52,39,39,39,39,39,39,34,48,48,49,44,30,24,18,32,25],"gold":0,"neow_bonus":"BOSS_RELIC","is_prod":false,"is_daily":false,"chose_seed":false,"campfire_upgraded":7,"win_rate":0,"timestamp":1551880992,"path_taken":["M","$","M","M","?","M","R","E","T","$","R","E","$","E","R","BOSS","M","$","M","?","M","R","E","R","T","M","E","?","R","M","R","BOSS","M","?","?","$","?","R","?","R","T","M","M","M","M","M","R","BOSS"],"build_version":"2019-01-23","purchased_purges":1,"victory":true,"max_hp_per_floor":[70,70,70,75,75,75,75,75,75,75,75,75,75,75,75,75,75,75,75,75,75,75,75,75,75,75,75,75,52,52,52,52,52,52,52,52,52,52,49,49,49,49,49,49,49,49,49,49,49,49],"card_choices":[{"not_picked":["Blade Dance","Infinite Blades"],"picked":"Poisoned Stab","floor":1},{"not_picked":["Choke","Flying Knee"],"picked":"Dodge and Roll","floor":3},{"not_picked":["Riddle With Holes","Deflect"],"picked":"Bane","floor":4},{"not_picked":["Predator","PiercingWail"],"picked":"Dash","floor":6},{"not_picked":["Prepared","Blur"],"picked":"Footwork","floor":6},{"not_picked":["Dagger Spray","Die Die Die"],"picked":"Well Laid Plans","floor":8},{"not_picked":["Terror","Poisoned Stab"],"picked":"Acrobatics","floor":12},{"not_picked":["Blade Dance","Riddle With Holes","Grand Finale"],"picked":"SKIP","floor":14},{"not_picked":["Die Die Die","A Thousand Cuts"],"picked":"Malaise","floor":16},{"not_picked":["Flying Knee","Caltrops"],"picked":"Dodge and Roll","floor":18},{"not_picked":["Outmaneuver","Bouncing Flask","Sucker Punch"],"picked":"SKIP","floor":18},{"not_picked":["Dodge and Roll+1","Poisoned Stab"],"picked":"Leg Sweep","floor":20},{"not_picked":["Quick Slash","Sucker Punch","Terror"],"picked":"SKIP","floor":20},{"not_picked":["Escape Plan","Poisoned Stab"],"picked":"Backstab","floor":22},{"not_picked":["Slice","Masterful Stab","Sucker Punch"],"picked":"SKIP","floor":22},{"not_picked":["Slice","Masterful Stab","Sucker Punch"],"picked":"SKIP","floor":22},{"not_picked":["Sucker Punch","Distraction","Dagger Spray"],"picked":"SKIP","floor":24},{"not_picked":["Sucker Punch","Distraction","Dagger Spray"],"picked":"SKIP","floor":24},{"not_picked":["Deflect","Concentrate"],"picked":"Catalyst+1","floor":27},{"not_picked":["Dodge and Roll","Setup","Bullet Time"],"picked":"SKIP","floor":27},{"not_picked":["Flying Knee","Tactician+1"],"picked":"Cloak And Dagger+1","floor":28},{"not_picked":["Acrobatics","Poisoned Stab"],"picked":"Wraith Form v2+1","floor":31},{"not_picked":["Reflex","Infinite Blades+1","Choke"],"picked":"SKIP","floor":31},{"not_picked":["A Thousand Cuts+1","Malaise"],"picked":"Night Terror","floor":33},{"not_picked":["Bane","Sucker Punch"],"picked":"PiercingWail+1","floor":35},{"not_picked":["Cloak And Dagger+1","Eviscerate","Poisoned Stab"],"picked":"SKIP","floor":35},{"not_picked":["Trip","Forethought"],"picked":"Dark Shackles","floor":41},{"not_picked":["Bane+1","Skewer"],"picked":"Corpse Explosion","floor":44},{"not_picked":["Underhanded Strike","Cloak And Dagger+1","Prepared"],"picked":"SKIP","floor":44},{"not_picked":["Outmaneuver","Setup"],"picked":"Prepared+1","floor":45},{"not_picked":["Riddle With Holes","Dagger Spray","PiercingWail"],"picked":"SKIP","floor":45},{"not_picked":["Underhanded Strike","Tactician+1","Noxious Fumes+1"],"picked":"SKIP","floor":46},{"not_picked":["Bullet Time","Endless Agony","Crippling Poison"],"picked":"SKIP","floor":46},{"not_picked":["Tactician","Flechettes","Poisoned Stab"],"picked":"SKIP","floor":47},{"not_picked":["Terror+1","Cloak And Dagger","Flying Knee"],"picked":"SKIP","floor":47},{"not_picked":["Dagger Throw+1","Underhanded Strike","Well Laid Plans+1"],"picked":"SKIP","floor":48},{"not_picked":["Poisoned Stab","Slice+1","Flying Knee+1"],"picked":"SKIP","floor":48},{"not_picked":["Infinite Blades+1","Dagger Spray+1"],"picked":"Backflip","floor":49}],"player_experience":453776,"relics_obtained":[{"floor":8,"key":"Tingsha"},{"floor":9,"key":"The Specimen"},{"floor":12,"key":"Snake Skull"},{"floor":14,"key":"Shovel"},{"floor":24,"key":"Dream Catcher"},{"floor":26,"key":"Frozen Egg 2"},{"floor":28,"key":"MawBank"}],"event_choices":[{"damage_healed":0,"gold_gain":0,"player_choice":"Success","damage_taken":3,"relics_obtained":["Prayer Wheel"],"max_hp_gain":0,"max_hp_loss":0,"event_name":"Scrap Ooze","floor":5,"gold_loss":0},{"damage_healed":0,"gold_gain":0,"player_choice":"Joined the Cult","damage_taken":6,"max_hp_gain":0,"max_hp_loss":0,"event_name":"Nest","floor":21,"gold_loss":0,"cards_obtained":["RitualDagger"]},{"damage_healed":0,"gold_gain":0,"player_choice":"Became a vampire","damage_taken":0,"max_hp_gain":0,"max_hp_loss":23,"event_name":"Vampires","floor":29,"gold_loss":0,"cards_obtained":["Bite","Bite","Bite","Bite","Bite"]},{"damage_healed":0,"gold_gain":0,"player_choice":"Paid","damage_taken":0,"relics_obtained":["Red Mask"],"max_hp_gain":0,"max_hp_loss":0,"event_name":"Tomb of Lord Red Mask","floor":36,"gold_loss":0},{"cards_removed":["Defend_G"],"damage_healed":0,"gold_gain":0,"player_choice":"Removed Skill","damage_taken":0,"max_hp_gain":0,"max_hp_loss":0,"event_name":"Falling","floor":37,"gold_loss":0},{"damage_healed":0,"gold_gain":0,"player_choice":"Max HP","damage_taken":0,"max_hp_gain":0,"max_hp_loss":3,"event_name":"Winding Halls","floor":39,"gold_loss":0},{"damage_healed":0,"gold_gain":0,"player_choice":"Memory 2","damage_taken":5,"max_hp_gain":0,"max_hp_loss":0,"event_name":"SensoryStone","floor":41,"gold_loss":0}],"is_beta":false,"boss_relics":[{"not_picked":["White Beast Statue","Philosopher\u0027s Stone"],"picked":"Ectoplasm"},{"not_picked":["Busted Crown","Calling Bell"],"picked":"Cursed Key"}],"items_purged_floors":[19],"is_endless":false,"potions_floor_spawned":[3,4,16,22,24,27,44,46],"ascension_level":0}