{"gold_per_floor":[109,109,124,124,136,136,166,176,176,176,226,246,246,279,279,350,350,362,362,208,220,69,82,111,111,111,126,136,149,149,164,164,241,291,304,50,50,70,70,70,0,0,49,77,92,111,111,122,122,122],"floor_reached":51,"playtime":2333,"items_purged":[],"score":1247,"play_id":"9aa22d0d-fc55-42ec-be85-f49f3d7b1cbd","local_time":"20190520032040","is_ascension_mode":true,"campfire_choices":[{"data":"Dualcast","floor":6.0,"key":"SMITH"},{"floor":10.0,"key":"REST"},{"floor":15.0,"key":"REST"},{"floor":25.0,"key":"REST"},{"data":"Defragment","floor":30.0,"key":"SMITH"},{"floor":32.0,"key":"REST"},{"data":"Capacitor","floor":40.0,"key":"SMITH"},{"data":"Buffer","floor":42.0,"key":"SMITH"},{"data":"Darkness","floor":47.0,"key":"SMITH"},{"floor":49.0,"key":"REST"}],"neow_cost":"NONE","seed_source_timestamp":309623692270383,"circlet_count":0,"master_deck":["AscendersBane","Strike_B+1","Defend_B","Defend_B","Defend_B","Zap","Dualcast+1","Darkness+1","Coolheaded+1","Coolheaded","Defragment+1","Seek+1","White Noise+1","Cold Snap+1","Beam Cell+1","Capacitor+1","Buffer+1","White Noise+1","Coolheaded+1","Electrodynamics","Defragment+1","Chill","Thinking Ahead","Loop+1"],"special_seed":0,"relics":["Cracked Core","Bronze Scales","Pocketwatch","Bottled Lightning","Bottled Tornado","Astrolabe","War Paint","Regal Pillow","DataDisk","Blue Candle","Meat on the Bone","Tiny House","Strawberry","Red Mask","Happy Flower","Potion Belt"],"potions_floor_usage":[50],"damage_taken":[{"damage":1.0,"enemies":"2 Louse","floor":1.0,"turns":2.0},{"damage":1.0,"enemies":"Cultist","floor":3.0,"turns":3.0},{"damage":5.0,"enemies":"Small Slimes","floor":5.0,"turns":3.0},{"damage":29.0,"enemies":"3 Sentries","floor":7.0,"turns":8.0},{"damage":4.0,"enemies":"2 Fungi Beasts","floor":8.0,"turns":3.0},{"damage":11.0,"enemies":"Looter","floor":12.0,"turns":4.0},{"damage":15.0,"enemies":"Lagavulin","floor":14.0,"turns":6.0},{"damage":20.0,"enemies":"Slime Boss","floor":16.0,"turns":8.0},{"damage":25.0,"enemies":"2 Thieves","floor":18.0,"turns":3.0},{"damage":1.0,"enemies":"3 Byrds","floor":21.0,"turns":3.0},{"damage":13.0,"enemies":"Snake Plant","floor":23.0,"turns":3.0},{"damage":2.0,"enemies":"Book of Stabbing","floor":24.0,"turns":6.0},{"damage":5.0,"enemies":"Snecko","floor":27.0,"turns":7.0},{"damage":23.0,"enemies":"Shelled Parasite and Fungi","floor":28.0,"turns":8.0},{"damage":9.0,"enemies":"Centurion and Healer","floor":29.0,"turns":2.0},{"damage":24.0,"enemies":"Snake Plant","floor":31.0,"turns":3.0},{"damage":5.0,"enemies":"Collector","floor":33.0,"turns":11.0},{"damage":21.0,"enemies":"3 Darklings","floor":35.0,"turns":4.0},{"damage":2.0,"enemies":"Orb Walker","floor":38.0,"turns":3.0},{"damage":33.0,"enemies":"Giant Head","floor":44.0,"turns":10.0},{"damage":0.0,"enemies":"Sphere and 2 Shapes","floor":45.0,"turns":5.0},{"damage":22.0,"enemies":"4 Shapes","floor":46.0,"turns":3.0},{"damage":12.0,"enemies":"Writhing Mass","floor":48.0,"turns":3.0},{"damage":39,"enemies":"Time Eater","floor":50,"turns":8}],"seed_played":"1334749386508704308","potions_obtained":[{"floor":1.0,"key":"SneckoOil"},{"floor":8.0,"key":"SpeedPotion"},{"floor":14.0,"key":"Fire Potion"},{"floor":16.0,"key":"FocusPotion"},{"floor":23.0,"key":"Strength Potion"},{"floor":27.0,"key":"FocusPotion"},{"floor":28.0,"key":"Explosive Potion"},{"floor":29.0,"key":"Regen Potion"},{"floor":31.0,"key":"EssenceOfSteel"},{"floor":34.0,"key":"PowerPotion"},{"floor":35.0,"key":"SteroidPotion"},{"floor":45.0,"key":"Regen Potion"},{"floor":46.0,"key":"EssenceOfSteel"}],"is_trial":false,"path_per_floor":["M","?","M","?","M","R","E","M","T","R","?","M","$","E","R","B",null,"M","T","$","M","$","M","E","R","T","M","M","M","R","M","R","B",null,"M","$","?","M","?","R","?","R","T","E","M","M","R","M","R","B",null],"character_chosen":"DEFECT","items_purchased":["Regal Pillow","DataDisk","Strawberry","Fruit Juice"],"campfire_rested":5,"item_purchase_floors":[20,22,36,36],"current_hp_per_floor":[63,63,62,62,57,57,28,24,24,45,45,34,34,19,40,20,58,33,33,33,32,32,19,17,53,53,48,37,40,40,37,71,66,75,54,66,66,64,64,64,64,64,64,43,55,54,54,54,88,49],"gold":122,"neow_bonus":"THREE_CARDS","is_prod":false,"is_daily":false,"chose_seed":false,"campfire_upgraded":5,"win_rate":0,"timestamp":1558293640,"path_taken":["M","?","M","?","M","R","E","?","T","R","?","M","?","E","R","BOSS","M","?","$","M","$","M","E","R","T","M","M","M","R","M","R","BOSS","M","$","?","?","?","R","?","R","T","E","M","M","R","M","R","BOSS"],"build_version":"2019-01-23","purchased_purges":0,"victory":true,"max_hp_per_floor":[71,71,71,71,71,71,71,71,71,71,71,71,71,71,71,71,71,71,71,71,71,71,71,71,71,71,71,71,71,71,71,71,71,76,76,88,88,88,88,88,88,88,88,88,88,88,88,88,88,88],"card_choices":[{"not_picked":["Chaos","Beam Cell"],"picked":"Darkness","floor":1.0},{"not_picked":["Hello World","Sweeping Beam"],"picked":"Coolheaded","floor":3.0},{"not_picked":["Doom and Gloom","Tempest"],"picked":"Coolheaded","floor":5.0},{"not_picked":["White Noise","Turbo"],"picked":"Defragment","floor":7.0},{"not_picked":["Skim","Stack","Rebound"],"picked":"SKIP","floor":8.0},{"not_picked":["Turbo","Rip and Tear","Tempest"],"picked":"SKIP","floor":12.0},{"not_picked":["Static Discharge","Ball Lightning"],"picked":"Seek","floor":14.0},{"not_picked":["Rip and Tear","Leap","Hologram+1"],"picked":"SKIP","floor":18.0},{"not_picked":["Beam Cell","Compile Driver","Skim"],"picked":"SKIP","floor":21.0},{"not_picked":["Compile Driver+1","Sweeping Beam"],"picked":"Capacitor","floor":23.0},{"not_picked":["Sweeping Beam","Stack"],"picked":"Buffer","floor":24.0},{"not_picked":["Compile Driver","Leap","Conserve Battery"],"picked":"SKIP","floor":27.0},{"not_picked":["Aggregate","Redo+1"],"picked":"White Noise+1","floor":28.0},{"not_picked":["Genetic Algorithm","Steam"],"picked":"Coolheaded+1","floor":29.0},{"not_picked":["Beam Cell","Sweeping Beam","Creative AI"],"picked":"SKIP","floor":31.0},{"not_picked":["Seek","Multi-Cast"],"picked":"Electrodynamics","floor":33.0},{"not_picked":["Turbo","Darkness"],"picked":"Defragment+1","floor":34.0},{"not_picked":["Aggregate","Undo+1"],"picked":"Chill","floor":35.0},{"not_picked":["Undo+1","Stack+1","Storm"],"picked":"SKIP","floor":38.0},{"not_picked":["Mayhem","Mind Blast"],"picked":"Thinking Ahead","floor":39.0},{"not_picked":["Barrage","Streamline","Heatsinks"],"picked":"SKIP","floor":44.0},{"not_picked":["Leap","Gash","Coolheaded"],"picked":"SKIP","floor":45.0},{"not_picked":["Redo","BootSequence"],"picked":"Loop+1","floor":46.0},{"not_picked":["Ball Lightning","Turbo","Leap+1"],"picked":"SKIP","floor":48.0}],"player_experience":543854,"relics_obtained":[{"floor":7.0,"key":"Pocketwatch"},{"floor":9.0,"key":"Bottled Lightning"},{"floor":14.0,"key":"Bottled Tornado"},{"floor":19.0,"key":"War Paint"},{"floor":24.0,"key":"Blue Candle"},{"floor":26.0,"key":"Meat on the Bone"},{"floor":43.0,"key":"Happy Flower"},{"floor":44.0,"key":"Potion Belt"}],"event_choices":[{"damage_healed":0.0,"max_hp_gain":0.0,"max_hp_loss":0.0,"gold_gain":0.0,"event_name":"Scrap Ooze","player_choice":"Fled","floor":2.0,"gold_loss":0.0,"damage_taken":0.0},{"damage_healed":0.0,"max_hp_gain":0.0,"max_hp_loss":0.0,"gold_gain":0.0,"event_name":"WeMeetAgain","player_choice":"Gave Potion","floor":4.0,"gold_loss":0.0,"damage_taken":0.0,"relics_obtained":["Bronze Scales"]},{"damage_healed":0.0,"max_hp_gain":0.0,"max_hp_loss":0.0,"gold_gain":50.0,"event_name":"Golden Shrine","player_choice":"Pray","floor":11.0,"gold_loss":0.0,"damage_taken":0.0},{"cards_removed":["Strike_B"],"damage_healed":0.0,"max_hp_gain":0.0,"max_hp_loss":0.0,"gold_gain":0.0,"event_name":"Purifier","player_choice":"Purged","floor":37.0,"gold_loss":0.0,"damage_taken":0.0},{"damage_healed":0.0,"max_hp_gain":0.0,"max_hp_loss":0.0,"gold_gain":0.0,"event_name":"SensoryStone","player_choice":"Memory 1","floor":39.0,"gold_loss":0.0,"damage_taken":0.0},{"damage_healed":0.0,"max_hp_gain":0.0,"max_hp_loss":0.0,"gold_gain":0.0,"event_name":"Tomb of Lord Red Mask","player_choice":"Paid","floor":41.0,"gold_loss":70.0,"damage_taken":0.0,"relics_obtained":["Red Mask"]}],"is_beta":false,"boss_relics":[{"not_picked":["Runic Pyramid","Ectoplasm"],"picked":"Astrolabe"},{"not_picked":["Orrery","Velvet Choker"],"picked":"Tiny House"}],"items_purged_floors":[],"is_endless":false,"potions_floor_spawned":[1,8,14,16,23,27,28,29,31,35,45,46],"ascension_level":15}