{"gold_per_floor":[110,110,120,140,71,71,86,111,111,111,131,131,43,43,43,120,120,131,131,12,29,44,44,44],"floor_reached":24,"playtime":1735,"items_purged":["Parasite"],"score":372,"play_id":"1f386e63-f68c-4a53-b393-e32142c2c1de","local_time":"20190211083855","is_ascension_mode":true,"campfire_choices":[{"floor":6.0,"key":"REST"},{"floor":10.0,"key":"REST"},{"data":"Power Through","floor":15.0,"key":"SMITH"},{"floor":23,"key":"REST"}],"neow_cost":"NONE","seed_source_timestamp":376171996026610,"circlet_count":0,"master_deck":["AscendersBane","Strike_R","Strike_R","Defend_R","Defend_R","Defend_R","Defend_R","Bash","Whirlwind","Power Through+1","True Grit","Flex","Iron Wave","Bludgeon","Uppercut","Iron Wave","Rage","Evolve","Brutality","Ghostly Armor","Pommel Strike","Armaments","Shockwave","Armaments","True Grit","Inflame","Reckless Charge","Body Slam+1"],"special_seed":0,"relics":["Sozu","Bottled Lightning","Blue Candle","Orrery"],"potions_floor_usage":[],"damage_taken":[{"damage":4.0,"enemies":"2 Louse","floor":1.0,"turns":4.0},{"damage":12.0,"enemies":"Cultist","floor":3.0,"turns":5.0},{"damage":0.0,"enemies":"Small Slimes","floor":4.0,"turns":3.0},{"damage":9.0,"enemies":"Blue Slaver","floor":7.0,"turns":4.0},{"damage":26.0,"enemies":"Lagavulin","floor":8.0,"turns":6.0},{"damage":7.0,"enemies":"3 Louse","floor":11.0,"turns":3.0},{"damage":51.0,"enemies":"Slime Boss","floor":16.0,"turns":13.0},{"damage":14.0,"enemies":"Shell Parasite","floor":18.0,"turns":7.0},{"damage":12,"enemies":"3 Byrds","floor":21,"turns":5},{"damage":29,"enemies":"Centurion and Healer","floor":22,"turns":9},{"damage":28,"enemies":"Book of Stabbing","floor":24,"turns":6}],"seed_played":"8589202050941398225","potions_obtained":[],"is_trial":false,"path_per_floor":["M","?","M","M","?","R","M","E","T","R","M","?","$","?","R","B",null,"M","?","$","M","M","R","E"],"character_chosen":"IRONCLAD","items_purchased":["Evolve","Inflame"],"campfire_rested":3,"item_purchase_floors":[13,20],"current_hp_per_floor":[64,64,52,52,52,74,65,39,39,61,54,54,54,72,72,21,62,48,48,48,36,7,28,0],"gold":44,"neow_bonus":"BOSS_RELIC","is_prod":false,"is_daily":false,"chose_seed":false,"campfire_upgraded":1,"win_rate":0,"timestamp":1549867135,"path_taken":["M","?","?","M","?","R","M","E","T","R","M","?","$","?","R","BOSS","M","?","$","M","M","R","E"],"build_version":"2019-01-23","purchased_purges":1,"victory":false,"max_hp_per_floor":[75,75,75,75,75,75,75,75,75,75,75,75,75,75,75,75,75,75,75,72,72,72,72,72],"card_choices":[{"not_picked":["Second Wind","Wild Strike"],"picked":"Whirlwind","floor":1.0},{"not_picked":["Blood for Blood","Wild Strike"],"picked":"Flex","floor":3.0},{"not_picked":["Sentinel","Cleave"],"picked":"Iron Wave","floor":4.0},{"not_picked":["Body Slam","Flex"],"picked":"Bludgeon","floor":7.0},{"not_picked":["Pommel Strike","Perfected Strike"],"picked":"Uppercut","floor":8.0},{"not_picked":["Body Slam","Rupture"],"picked":"Iron Wave","floor":11.0},{"not_picked":["Fiend Fire","Bludgeon"],"picked":"Brutality","floor":16.0},{"not_picked":["Intimidate","Armaments"],"picked":"Ghostly Armor","floor":17.0},{"not_picked":["Cleave","Corruption"],"picked":"Pommel Strike","floor":17.0},{"not_picked":["Searing Blow","Intimidate"],"picked":"Armaments","floor":17.0},{"not_picked":["Armaments","Wild Strike"],"picked":"Shockwave","floor":18.0},{"not_picked":["Armaments","Flex"],"picked":"Reckless Charge","floor":21},{"not_picked":["Headbutt","Anger"],"picked":"Body Slam+1","floor":22}],"player_experience":579895,"relics_obtained":[{"floor":8.0,"key":"Bottled Lightning"},{"floor":9.0,"key":"Blue Candle"}],"event_choices":[{"damage_healed":0.0,"max_hp_gain":0.0,"max_hp_loss":0.0,"gold_gain":0.0,"event_name":"Match and Keep!","player_choice":"2 cards matched","floor":2.0,"gold_loss":0.0,"damage_taken":0.0,"cards_obtained":["Power Through","True Grit"]},{"damage_healed":0.0,"max_hp_gain":0.0,"max_hp_loss":0.0,"gold_gain":0.0,"event_name":"World of Goop","player_choice":"Left Gold","floor":5.0,"gold_loss":69.0,"damage_taken":0.0},{"damage_healed":0.0,"max_hp_gain":0.0,"max_hp_loss":0.0,"gold_gain":0.0,"cards_transformed":["Strike_R"],"event_name":"Living Wall","player_choice":"Change","floor":12.0,"gold_loss":0.0,"damage_taken":0.0,"cards_obtained":["Rage"]},{"damage_healed":18.0,"max_hp_gain":0.0,"max_hp_loss":0.0,"gold_gain":0.0,"event_name":"Mushrooms","player_choice":"Healed and dodged fight","floor":14.0,"gold_loss":0.0,"damage_taken":0.0,"cards_obtained":["Parasite"]},{"damage_healed":0.0,"max_hp_gain":0.0,"max_hp_loss":0.0,"gold_gain":0.0,"cards_transformed":["Strike_R","Strike_R"],"event_name":"Drug Dealer","player_choice":"Became Test Subject","floor":19.0,"gold_loss":0.0,"damage_taken":0.0,"cards_obtained":["Armaments","True Grit"]}],"is_beta":false,"boss_relics":[{"not_picked":["Black Star","Runic Dome"],"picked":"Orrery"}],"items_purged_floors":[20],"is_endless":false,"potions_floor_spawned":[1,3,11,18,21],"killed_by":"Book of Stabbing","ascension_level":18}