{"gold_per_floor":[11,11,11,27,27,27,45,75,75,101,26,26,44,54,54,153,153,167,179,179,193,207,207,207],"floor_reached":24,"playtime":2988,"items_purged":["Strike_R"],"score":285,"play_id":"bf64e171-cf54-409a-be7d-20c43b83898f","local_time":"20190109011858","is_ascension_mode":true,"campfire_choices":[{"data":"Bash","floor":6,"key":"SMITH"},{"floor":12,"key":"REST"},{"floor":15,"key":"REST"},{"floor":23,"key":"REST"}],"neow_cost":"NO_GOLD","seed_source_timestamp":544167886694866,"circlet_count":0,"master_deck":["Strike_R","Strike_R","Strike_R","Strike_R","Defend_R","Defend_R","Defend_R","Defend_R","Bash+1","Purity","Metamorphosis","Shrug It Off","Headbutt","Ghostly Armor","Shockwave","Infernal Blade","Ghostly Armor","Juggernaut","Anger","Flame Barrier","Ghostly","Ghostly","Ghostly","Ghostly","Ghostly","Twin Strike+1"],"relics":["Burning Blood","FaceOfCleric","Pantograph","Pen Nib","Lantern","Philosopher\u0027s Stone"],"potions_floor_usage":[10,14,16,22,22],"damage_taken":[{"damage":6,"enemies":"2 Louse","floor":1,"turns":3},{"damage":6,"enemies":"Cultist","floor":4,"turns":5},{"damage":7,"enemies":"Small Slimes","floor":7,"turns":3},{"damage":77,"enemies":"3 Sentries","floor":8,"turns":9},{"damage":5,"enemies":"Lagavulin","floor":10,"turns":6},{"damage":0,"enemies":"2 Fungi Beasts","floor":13,"turns":4},{"damage":4,"enemies":"Exordium Thugs","floor":14,"turns":6},{"damage":40,"enemies":"The Guardian","floor":16,"turns":10},{"damage":20,"enemies":"Spheric Guardian","floor":18,"turns":4},{"damage":0,"enemies":"Chosen","floor":19,"turns":3},{"damage":27,"enemies":"Sentry and Sphere","floor":21,"turns":8},{"damage":19,"enemies":"Snecko","floor":22,"turns":6},{"damage":4,"enemies":"Gremlin Leader","floor":24,"turns":9}],"seed_played":"8345826034723350605","potions_obtained":[{"floor":8,"key":"SkillPotion"},{"floor":10,"key":"Dexterity Potion"},{"floor":13,"key":"Fire Potion"},{"floor":18,"key":"Energy Potion"},{"floor":21,"key":"GamblersBrew"}],"is_trial":false,"path_per_floor":["M","?","$","M","$","R","M","E","T","E","$","R","M","M","R","B",null,"M","M","?","M","M","R","E"],"character_chosen":"IRONCLAD","items_purchased":[],"campfire_rested":3,"item_purchase_floors":[],"current_hp_per_floor":[80,80,80,81,81,81,81,11,11,13,13,38,45,48,73,53,79,66,73,44,24,12,25,21],"gold":207,"neow_bonus":"RANDOM_COLORLESS_2","is_prod":false,"is_daily":false,"chose_seed":false,"campfire_upgraded":1,"win_rate":0,"timestamp":1546989538,"path_taken":["M","?","$","M","$","R","M","E","T","E","?","R","M","?","R","BOSS","M","M","?","M","M","R","E"],"build_version":"2019-01-03v4","purchased_purges":1,"victory":false,"max_hp_per_floor":[80,80,80,81,81,81,82,83,83,84,84,84,85,86,86,87,87,88,89,44,45,46,46,46],"card_choices":[{"not_picked":["Dual Wield","Sword Boomerang"],"picked":"Shrug It Off","floor":1},{"not_picked":["Sever Soul","Reaper"],"picked":"Headbutt","floor":4},{"not_picked":["Thunderclap","Armaments","Clash"],"picked":"SKIP","floor":7},{"not_picked":["Clothesline","Cleave"],"picked":"Ghostly Armor","floor":8},{"not_picked":["Flex","Brutality"],"picked":"Shockwave","floor":10},{"not_picked":["Searing Blow","Second Wind"],"picked":"Infernal Blade","floor":13},{"not_picked":["Armaments","Iron Wave"],"picked":"Ghostly Armor","floor":14},{"not_picked":["Barricade","Bludgeon"],"picked":"Juggernaut","floor":16},{"not_picked":["Disarm","Fire Breathing"],"picked":"Anger","floor":18},{"not_picked":["Dual Wield","True Grit"],"picked":"Flame Barrier","floor":19},{"not_picked":["Bloodletting+1","Rupture","Clothesline"],"picked":"SKIP","floor":21},{"not_picked":["True Grit","Sentinel"],"picked":"Twin Strike+1","floor":22}],"player_experience":148444,"relics_obtained":[{"floor":8,"key":"Pantograph"},{"floor":9,"key":"Pen Nib"},{"floor":10,"key":"Lantern"}],"event_choices":[{"damage_healed":0,"gold_gain":0,"player_choice":"Trade","damage_taken":0,"relics_obtained":["FaceOfCleric"],"max_hp_gain":0,"max_hp_loss":0,"event_name":"FaceTrader","floor":2,"gold_loss":0},{"damage_healed":0,"gold_gain":0,"player_choice":"Became a Ghost","damage_taken":0,"max_hp_gain":0,"max_hp_loss":45,"event_name":"Ghosts","floor":20,"gold_loss":0,"cards_obtained":["Ghostly","Ghostly","Ghostly","Ghostly","Ghostly"]}],"is_beta":false,"boss_relics":[{"not_picked":["Eternal Feather","Tiny House"],"picked":"Philosopher\u0027s Stone"}],"items_purged_floors":[11],"is_endless":false,"potions_floor_spawned":[8,10,13,18,21],"killed_by":"Gremlin Leader","ascension_level":5}