{"gold_per_floor":[109,122,72,82,82,82,257,257,284,25,38,50,50,65,65,160,160,175,4,14,14,33,33],"floor_reached":23,"playtime":5981,"items_purged":["Doubt"],"score":238,"play_id":"d6bd7f60-0833-4e54-b850-85c248951b46","local_time":"20190114185053","is_ascension_mode":true,"campfire_choices":[{"data":"Pommel Strike","floor":6,"key":"SMITH"},{"data":"Bash","floor":8,"key":"SMITH"},{"floor":15,"key":"REST"}],"neow_cost":"NONE","seed_source_timestamp":256606115895538,"circlet_count":0,"master_deck":["Strike_R","Strike_R","Strike_R+1","Defend_R","Defend_R","Defend_R","Defend_R","Bash+1","Armaments","Pommel Strike+1","Combust","Pummel","Inflame","Hemokinesis+1","Flame Barrier","Armaments","Rampage","Shrug It Off","Impervious","Clothesline","Wild Strike","Whirlwind+1","Clothesline+1"],"special_seed":0,"relics":["Burning Blood","Sozu","Whetstone"],"potions_floor_usage":[14,16,16],"damage_taken":[{"damage":0.0,"enemies":"Small Slimes","floor":1.0,"turns":3.0},{"damage":0.0,"enemies":"2 Louse","floor":2.0,"turns":2.0},{"damage":7.0,"enemies":"Cultist","floor":4.0,"turns":4.0},{"damage":14,"enemies":"2 Fungi Beasts","floor":11,"turns":2},{"damage":22,"enemies":"Lots of Slimes","floor":12,"turns":3},{"damage":16,"enemies":"Large Slime","floor":14,"turns":4},{"damage":40,"enemies":"The Guardian","floor":16,"turns":11},{"damage":26,"enemies":"Spheric Guardian","floor":18,"turns":4},{"damage":16,"enemies":"3 Byrds","floor":20,"turns":5},{"damage":27,"enemies":"Snake Plant","floor":22,"turns":5},{"damage":28,"enemies":"Book of Stabbing","floor":23,"turns":6}],"seed_played":"4344206059623826104","potions_obtained":[{"floor":4.0,"key":"FearPotion"},{"floor":11,"key":"SteroidPotion"},{"floor":12,"key":"BloodPotion"}],"is_trial":false,"path_per_floor":["M","M","?","M","?","R","?","R","T","$","M","M","$","M","R","B",null,"M","$","M","?","M","E"],"character_chosen":"IRONCLAD","items_purchased":["Inflame","Hemokinesis","Flame Barrier","Whetstone","Wild Strike"],"campfire_rested":1,"item_purchase_floors":[10,10,10,19,19],"current_hp_per_floor":[78,80,80,79,84,84,84,84,84,84,76,60,60,50,75,49,76,56,56,46,46,25,0],"gold":33,"neow_bonus":"THREE_CARDS","is_prod":false,"is_daily":false,"chose_seed":false,"campfire_upgraded":2,"win_rate":0,"timestamp":1547484653,"path_taken":["M","M","?","M","?","R","?","R","T","?","M","M","$","M","R","BOSS","M","$","?","?","?","E"],"build_version":"2019-01-10","purchased_purges":1,"victory":false,"max_hp_per_floor":[80,80,80,80,85,85,85,85,85,85,85,85,85,85,85,85,85,85,85,85,85,85,85],"card_choices":[{"not_picked":["Clash","Iron Wave"],"picked":"Armaments","floor":0.0},{"not_picked":["Rupture","Combust"],"picked":"Pommel Strike","floor":1.0},{"not_picked":["Burning Pact","Heavy Blade"],"picked":"Combust","floor":2.0},{"not_picked":["Havoc","Rampage"],"picked":"Pummel","floor":4.0},{"not_picked":["Twin Strike","True Grit"],"picked":"Armaments","floor":11},{"not_picked":["Clash","Warcry"],"picked":"Rampage","floor":12},{"not_picked":["Cleave","Pommel Strike"],"picked":"Shrug It Off","floor":14},{"not_picked":["Double Tap","Offering"],"picked":"Impervious","floor":16},{"not_picked":["Disarm","Second Wind"],"picked":"Clothesline","floor":18},{"not_picked":["Cleave","Shrug It Off"],"picked":"Whirlwind+1","floor":20},{"not_picked":["Clash","Twin Strike"],"picked":"Clothesline+1","floor":22}],"player_experience":250959,"relics_obtained":[],"event_choices":[{"cards_removed":["Strike_R"],"damage_healed":0.0,"max_hp_gain":0.0,"max_hp_loss":0.0,"gold_gain":0.0,"event_name":"The Cleric","player_choice":"Card Removal","floor":3.0,"gold_loss":50.0,"damage_taken":0.0},{"damage_healed":0,"gold_gain":0,"player_choice":"Donut","damage_taken":0,"max_hp_gain":5,"max_hp_loss":0,"event_name":"Big Fish","floor":5,"gold_loss":0},{"damage_healed":0,"gold_gain":175,"player_choice":"AGREE","damage_taken":0,"max_hp_gain":0,"max_hp_loss":0,"event_name":"Liars Game","floor":7,"gold_loss":0,"cards_obtained":["Doubt"]},{"cards_removed":["Strike_R"],"damage_healed":0,"gold_gain":0,"player_choice":"Purged","damage_taken":0,"max_hp_gain":0,"max_hp_loss":0,"event_name":"Purifier","floor":21,"gold_loss":0}],"is_beta":false,"boss_relics":[{"not_picked":["White Beast Statue","Astrolabe"],"picked":"Sozu"}],"items_purged_floors":[10],"is_endless":false,"potions_floor_spawned":[4,11,12,22],"killed_by":"Book of Stabbing","ascension_level":6}