{"gold_per_floor":[114,189,27,27,27,27,27,27,53,63,77,77,112,128,128,128],"floor_reached":16,"playtime":1093,"items_purged":["Strike_R"],"score":206,"play_id":"3a6dcb10-dffb-48e5-97de-69d3dc5d992e","local_time":"20190210212117","is_ascension_mode":true,"campfire_choices":[{"floor":6.0,"key":"REST"},{"floor":12.0,"key":"REST"},{"floor":15.0,"key":"REST"}],"neow_cost":"PERCENT_DAMAGE","seed_source_timestamp":336153348231052,"circlet_count":0,"master_deck":["AscendersBane","Strike_R","Strike_R","Strike_R","Defend_R","Defend_R","Defend_R","Defend_R","Bash","Juggernaut","Iron Wave","Feed+1","Shockwave","Seeing Red","Body Slam"],"special_seed":0,"relics":["Burning Blood","Boot","Gremlin Horn"],"potions_floor_usage":[16],"damage_taken":[{"damage":4.0,"enemies":"Jaw Worm","floor":1.0,"turns":5.0},{"damage":15.0,"enemies":"Small Slimes","floor":10.0,"turns":5.0},{"damage":0.0,"enemies":"2 Louse","floor":11.0,"turns":4.0},{"damage":38.0,"enemies":"3 Sentries","floor":13.0,"turns":10.0},{"damage":35.0,"enemies":"Large Slime","floor":14.0,"turns":8.0},{"damage":68,"enemies":"Slime Boss","floor":16,"turns":14}],"seed_played":"5075467828178518173","potions_obtained":[{"floor":10.0,"key":"Block Potion"},{"floor":14.0,"key":"PowerPotion"}],"is_trial":false,"path_per_floor":["M","?","$","?","?","R","?","?","T","M","M","R","E","M","R","B"],"character_chosen":"IRONCLAD","items_purchased":["Feed"],"campfire_rested":3,"item_purchase_floors":[3],"current_hp_per_floor":[52,41,41,34,34,56,61,61,61,56,66,88,60,35,63,0],"gold":128,"neow_bonus":"THREE_RARE_CARDS","is_prod":false,"is_daily":false,"chose_seed":false,"campfire_upgraded":0,"win_rate":0,"timestamp":1549826477,"path_taken":["M","?","$","?","?","R","?","?","T","M","?","R","E","M","R","BOSS"],"build_version":"2019-01-23","purchased_purges":1,"victory":false,"max_hp_per_floor":[75,75,75,75,75,75,80,80,80,84,88,88,92,96,96,96],"card_choices":[{"not_picked":["Bludgeon","Immolate"],"picked":"Juggernaut","floor":0.0},{"not_picked":["Dual Wield","Wild Strike"],"picked":"Iron Wave","floor":1.0},{"not_picked":["Thunderclap","True Grit"],"picked":"Shockwave","floor":10.0},{"not_picked":["Clash","Perfected Strike","Wild Strike"],"picked":"SKIP","floor":11.0},{"not_picked":["Dual Wield","Blood for Blood"],"picked":"Seeing Red","floor":13.0},{"not_picked":["Second Wind","Sever Soul"],"picked":"Body Slam","floor":14.0}],"player_experience":571849,"relics_obtained":[{"floor":9.0,"key":"Boot"},{"floor":13.0,"key":"Gremlin Horn"}],"event_choices":[{"damage_healed":0.0,"max_hp_gain":0.0,"max_hp_loss":0.0,"gold_gain":75.0,"event_name":"World of Goop","player_choice":"Gather Gold","floor":2.0,"gold_loss":0.0,"damage_taken":11.0},{"cards_removed":["Strike_R"],"damage_healed":0.0,"max_hp_gain":0.0,"max_hp_loss":0.0,"gold_gain":0.0,"event_name":"Golden Wing","player_choice":"Card Removal","floor":4.0,"gold_loss":0.0,"damage_taken":7.0},{"damage_healed":0.0,"max_hp_gain":0.0,"max_hp_loss":0.0,"gold_gain":0.0,"event_name":"Living Wall","player_choice":"Grow","floor":5.0,"gold_loss":0.0,"damage_taken":0.0,"cards_upgraded":["Feed"]},{"damage_healed":0.0,"max_hp_gain":5.0,"max_hp_loss":0.0,"gold_gain":0.0,"event_name":"Big Fish","player_choice":"Donut","floor":7.0,"gold_loss":0.0,"damage_taken":0.0},{"damage_healed":0.0,"max_hp_gain":0.0,"max_hp_loss":0.0,"gold_gain":0.0,"event_name":"The Cleric","player_choice":"Leave","floor":8.0,"gold_loss":0.0,"damage_taken":0.0}],"is_beta":false,"boss_relics":[],"items_purged_floors":[3],"is_endless":false,"potions_floor_spawned":[10,14],"killed_by":"Slime Boss","ascension_level":17}