{"gold_per_floor":[365,34,48,68,21,33,33,33,60,60,135,165,52,86,86,190,190,202,214,232,245,259,291,291,391,391,402,402,419,452,197,197,298,298,317,317,328,346,55,74,74,74,74,74,99,99,111,125,125,125],"floor_reached":51,"playtime":2398,"items_purged":["Decay","Strike_R","Strike_R"],"score":1061,"play_id":"f35f6058-7d9e-49cd-8c14-1c00c8b67a01","local_time":"20181130063409","is_ascension_mode":true,"campfire_choices":[{"data":"Whirlwind","floor":7,"key":"SMITH"},{"data":"Armaments","floor":15,"key":"SMITH"},{"data":"Corruption","floor":24,"key":"SMITH"},{"floor":28,"key":"REST"},{"floor":32,"key":"REST"},{"data":"Sentinel","floor":42,"key":"SMITH"},{"data":"Whirlwind","floor":44,"key":"SMITH"},{"data":"Pommel Strike","floor":46,"key":"SMITH"},{"data":"Barricade","floor":49,"key":"SMITH"}],"neow_cost":"CURSE","seed_source_timestamp":37971137559893,"circlet_count":0,"master_deck":["Strike_R","Strike_R","Strike_R+1","Defend_R","Defend_R","Defend_R","Defend_R","Bash","Shrug It Off","Searing Blow","Whirlwind+1","Heavy Blade","Twin Strike","Iron Wave","Corruption+1","Sentinel+1","Armaments+1","Fiend Fire+1","Ghostly Armor","Battle Trance","Shrug It Off","Shrug It Off","Havoc+1","Inflame+1","Flex+1","Dark Embrace","Ghostly Armor","Body Slam","Pommel Strike+1","Whirlwind+1","Barricade+1","Shockwave+1"],"relics":["Burning Blood","Shuriken","Pen Nib","Omamori","Bag of Marbles","Lantern","Sozu","Mercury Hourglass","Smiling Mask","Bag of Preparation","Sling","Coffee Dripper","Mummified Hand","Question Card","Whetstone","Pear"],"potions_floor_usage":[12,33,50],"damage_taken":[{"damage":8,"enemies":"Cultist","floor":1,"turns":4},{"damage":6,"enemies":"2 Louse","floor":3,"turns":3},{"damage":16,"enemies":"Jaw Worm","floor":4,"turns":4},{"damage":0,"enemies":"Lots of Slimes","floor":6,"turns":1},{"damage":12,"enemies":"3 Sentries","floor":12,"turns":3},{"damage":20,"enemies":"Lagavulin","floor":14,"turns":7},{"damage":45,"enemies":"The Guardian","floor":16,"turns":8},{"damage":0,"enemies":"3 Byrds","floor":18,"turns":1},{"damage":0,"enemies":"Spheric Guardian","floor":19,"turns":3},{"damage":19,"enemies":"Snake Plant","floor":20,"turns":5},{"damage":30,"enemies":"Sentry and Sphere","floor":21,"turns":4},{"damage":14,"enemies":"Centurion and Healer","floor":22,"turns":7},{"damage":0,"enemies":"Slavers","floor":23,"turns":1},{"damage":9,"enemies":"Snecko","floor":27,"turns":4},{"damage":0,"enemies":"Shelled Parasite and Fungi","floor":29,"turns":3},{"damage":25,"enemies":"Gremlin Leader","floor":30,"turns":4},{"damage":78,"enemies":"Collector","floor":33,"turns":8},{"damage":9,"enemies":"Orb Walker","floor":35,"turns":3},{"damage":0,"enemies":"3 Shapes","floor":37,"turns":2},{"damage":0,"enemies":"Jaw Worm Horde","floor":38,"turns":1},{"damage":0,"enemies":"3 Darklings","floor":40,"turns":2},{"damage":19,"enemies":"Reptomancer","floor":45,"turns":3},{"damage":0,"enemies":"Sphere and 2 Shapes","floor":47,"turns":2},{"damage":33,"enemies":"Maw","floor":48,"turns":5},{"damage":48,"enemies":"Donu and Deca","floor":50,"turns":6}],"seed_played":"6287304492515408444","potions_obtained":[{"floor":3,"key":"LiquidBronze"},{"floor":4,"key":"Explosive Potion"},{"floor":12,"key":"Dexterity Potion"},{"floor":14,"key":"FairyPotion"}],"is_trial":false,"path_per_floor":["M","$","M","M","$","M","R","$","T","?","?","E","$","E","R","B",null,"M","M","M","M","M","E","R","?","T","M","R","M","E","$","R","B",null,"M","?","M","M","$","M","?","R","T","R","E","R","M","M","R","B",null],"character_chosen":"IRONCLAD","items_purchased":["Shuriken","Heavy Blade","Corruption","Sentinel","Sling","Mummified Hand"],"campfire_rested":2,"item_purchase_floors":[2,5,13,13,31,39],"current_hp_per_floor":[70,70,70,60,60,66,66,66,66,66,66,60,60,46,46,7,62,68,74,61,37,29,35,35,35,35,32,56,62,43,43,67,14,64,61,61,67,73,73,79,79,79,79,79,76,76,82,55,55,13],"gold":125,"neow_bonus":"TWO_FIFTY_GOLD","is_prod":false,"is_daily":false,"chose_seed":false,"campfire_upgraded":7,"win_rate":0,"timestamp":1543577649,"path_taken":["M","$","M","M","$","M","R","?","T","?","?","E","$","E","R","BOSS","M","M","M","M","M","E","R","?","T","?","R","M","E","$","R","BOSS","M","?","M","M","$","M","?","R","T","R","E","R","?","M","R","BOSS"],"build_version":"2018-11-15","purchased_purges":3,"victory":true,"max_hp_per_floor":[80,80,80,80,80,80,80,80,80,80,80,80,80,80,80,80,80,80,80,80,80,80,80,80,80,80,80,80,80,80,80,80,80,80,80,80,80,80,80,80,80,80,80,80,90,90,90,90,90,90],"card_choices":[{"not_picked":["Hemokinesis","Bloodletting"],"picked":"Shrug It Off","floor":1},{"not_picked":["Metallicize","Entrench"],"picked":"Searing Blow","floor":3},{"not_picked":["Headbutt","Entrench"],"picked":"Whirlwind","floor":4},{"not_picked":["Ghostly Armor","Shrug It Off"],"picked":"Twin Strike","floor":6},{"not_picked":["Brutality","Infernal Blade"],"picked":"Iron Wave","floor":12},{"not_picked":["Rampage","Entrench"],"picked":"Armaments","floor":14},{"not_picked":["Brutality","Limit Break"],"picked":"Fiend Fire","floor":16},{"not_picked":["Infernal Blade+1","Thunderclap"],"picked":"Ghostly Armor","floor":18},{"not_picked":["Anger","Hemokinesis"],"picked":"Battle Trance","floor":19},{"not_picked":["Wild Strike","Perfected Strike"],"picked":"Body Slam","floor":20},{"not_picked":["Second Wind+1","Sword Boomerang","Clash"],"picked":"SKIP","floor":21},{"not_picked":["Clothesline","Bloodletting"],"picked":"Shrug It Off","floor":22},{"not_picked":["Sword Boomerang","Warcry+1"],"picked":"Shrug It Off","floor":23},{"not_picked":["Limit Break","Thunderclap+1"],"picked":"Havoc+1","floor":27},{"not_picked":["Infernal Blade","Dual Wield+1"],"picked":"Inflame+1","floor":29},{"not_picked":["Havoc","Demon Form"],"picked":"Flex+1","floor":30},{"not_picked":["Bludgeon","Berserk"],"picked":"Dark Embrace","floor":33},{"not_picked":["Carnage","Flex"],"picked":"Ghostly Armor","floor":35},{"not_picked":["Flex","Hemokinesis"],"picked":"Body Slam","floor":37},{"not_picked":["Combust+1","Flex"],"picked":"Pommel Strike","floor":38},{"not_picked":["Metallicize","Sword Boomerang+1"],"picked":"Whirlwind","floor":40},{"not_picked":["Evolve","Sword Boomerang","Armaments"],"picked":"Barricade","floor":45},{"not_picked":["Perfected Strike+1","Dropkick","Metallicize","Clash"],"picked":"SKIP","floor":47},{"not_picked":["Clash+1","Headbutt","Rage+1"],"picked":"Shockwave+1","floor":48}],"player_experience":252562,"relics_obtained":[{"floor":9,"key":"Pen Nib"},{"floor":12,"key":"Bag of Marbles"},{"floor":14,"key":"Lantern"},{"floor":23,"key":"Mercury Hourglass"},{"floor":26,"key":"Smiling Mask"},{"floor":30,"key":"Bag of Preparation"},{"floor":41,"key":"Question Card"},{"floor":43,"key":"Whetstone"},{"floor":45,"key":"Pear"}],"event_choices":[{"damage_healed":0,"gold_gain":0,"player_choice":"Searched \u00271\u0027 times","damage_taken":0,"relics_obtained":["Omamori"],"max_hp_gain":0,"max_hp_loss":0,"event_name":"Dead Adventurer","floor":10,"gold_loss":0},{"damage_healed":0,"gold_gain":75,"player_choice":"Gained Gold","damage_taken":0,"max_hp_gain":0,"max_hp_loss":0,"event_name":"Golden Wing","floor":11,"gold_loss":0},{"damage_healed":0,"gold_gain":100,"player_choice":"Pray","damage_taken":0,"max_hp_gain":0,"max_hp_loss":0,"event_name":"Golden Shrine","floor":25,"gold_loss":0},{"cards_removed":["Body Slam"],"damage_healed":0,"gold_gain":0,"player_choice":"Removed Attack","damage_taken":0,"max_hp_gain":0,"max_hp_loss":0,"event_name":"Falling","floor":36,"gold_loss":0},{"damage_healed":0,"gold_gain":0,"player_choice":"Relic","damage_taken":0,"max_hp_gain":0,"max_hp_loss":0,"event_name":"Wheel of Change","floor":41,"gold_loss":0}],"is_beta":false,"boss_relics":[{"not_picked":["Philosopher\u0027s Stone","Orrery"],"picked":"Sozu"},{"not_picked":["Calling Bell","Runic Dome"],"picked":"Coffee Dripper"}],"items_purged_floors":[2,31,39],"is_endless":false,"potions_floor_spawned":[3,4,12,14,20,21,23,33,35,40,47],"ascension_level":8}