{"gold_per_floor":[19,39,56,75,93,93,93,93,117,117,117,132,142,74,74,172,172,187,187,200,0,19,19,38,38,88,100,100,25,25],"floor_reached":30,"playtime":1830,"items_purged":["Strike_R"],"score":361,"play_id":"9b095c91-8c47-42b1-bbcc-fb3ab94b814c","local_time":"20190122161505","is_ascension_mode":true,"campfire_choices":[{"data":"Bash","floor":6.0,"key":"SMITH"},{"data":"Rampage","floor":8.0,"key":"SMITH"},{"floor":10.0,"key":"REST"},{"floor":15,"key":"REST"},{"floor":23,"key":"REST"},{"floor":25,"key":"REST"},{"floor":28,"key":"REST"}],"neow_cost":"NO_GOLD","seed_source_timestamp":942603993047541,"circlet_count":0,"master_deck":["AscendersBane","Strike_R","Strike_R","Strike_R+1","Defend_R","Defend_R","Defend_R","Defend_R","Bash+1","Sword Boomerang","Rampage+1","Pommel Strike","Headbutt+1","Demon Form","Thunderclap","Ghostly Armor","Limit Break","True Grit+1","Twin Strike+1","Shrug It Off+1","Rage"],"special_seed":0,"relics":["Burning Blood","Runic Pyramid","Happy Flower"],"potions_floor_usage":[16,16,16,18],"damage_taken":[{"damage":18.0,"enemies":"Cultist","floor":1.0,"turns":6.0},{"damage":4.0,"enemies":"2 Louse","floor":2.0,"turns":3.0},{"damage":7.0,"enemies":"Jaw Worm","floor":3.0,"turns":3.0},{"damage":10.0,"enemies":"2 Fungi Beasts","floor":4.0,"turns":3.0},{"damage":9.0,"enemies":"Blue Slaver","floor":5.0,"turns":4.0},{"damage":12,"enemies":"Looter","floor":12,"turns":3},{"damage":27,"enemies":"Exordium Wildlife","floor":13,"turns":5},{"damage":75,"enemies":"The Guardian","floor":16,"turns":12},{"damage":12,"enemies":"Chosen","floor":18,"turns":4},{"damage":27,"enemies":"Spheric Guardian","floor":20,"turns":5},{"damage":53,"enemies":"Cultist and Chosen","floor":22,"turns":8},{"damage":26,"enemies":"Snecko","floor":24,"turns":5},{"damage":56,"enemies":"Sentry and Sphere","floor":27,"turns":11},{"damage":54,"enemies":"Book of Stabbing","floor":30,"turns":5}],"seed_played":"-4335190662214277410","potions_obtained":[{"floor":3.0,"key":"EntropicBrew"},{"floor":4.0,"key":"Dexterity Potion"},{"floor":13,"key":"Strength Potion"},{"floor":16,"key":"Fruit Juice"},{"floor":27,"key":"SteroidPotion"}],"is_trial":false,"path_per_floor":["M","M","M","M","M","R","?","R","T","R","?","M","M","$","R","B",null,"M","?","M","?","M","R","M","R","T","M","R","$","E"],"character_chosen":"IRONCLAD","items_purchased":["Ghostly Armor"],"campfire_rested":5,"item_purchase_floors":[14],"current_hp_per_floor":[76,78,77,82,79,79,60,60,60,88,88,82,61,61,89,20,77,76,101,80,80,33,63,43,73,73,23,53,53,0],"gold":25,"neow_bonus":"TWENTY_PERCENT_HP_BONUS","is_prod":false,"is_daily":false,"chose_seed":false,"campfire_upgraded":2,"win_rate":0,"timestamp":1548166505,"path_taken":["M","?","?","M","?","R","?","R","T","R","?","M","M","?","R","BOSS","M","?","M","?","M","R","M","R","T","M","R","?","E"],"build_version":"2019-01-17v2","purchased_purges":1,"victory":false,"max_hp_per_floor":[96,96,96,96,96,96,96,96,96,96,96,96,96,96,96,96,96,101,101,101,101,101,101,101,101,101,101,101,101,101],"card_choices":[{"not_picked":["Havoc","Burning Pact","Carnage"],"picked":"SKIP","floor":1.0},{"not_picked":["Body Slam","Anger"],"picked":"Sword Boomerang","floor":2.0},{"not_picked":["Havoc","Hemokinesis"],"picked":"Rampage","floor":3.0},{"not_picked":["Wild Strike","Clothesline"],"picked":"Pommel Strike","floor":4.0},{"not_picked":["Clash","Warcry"],"picked":"Headbutt","floor":5.0},{"not_picked":["Havoc","Wild Strike"],"picked":"Demon Form","floor":12},{"not_picked":["Headbutt","Fire Breathing"],"picked":"Thunderclap","floor":13},{"not_picked":["Dark Embrace","Brutality"],"picked":"Limit Break","floor":16},{"not_picked":["Clothesline","Warcry","Thunderclap"],"picked":"SKIP","floor":18},{"not_picked":["Clothesline+1","Wild Strike"],"picked":"True Grit+1","floor":20},{"not_picked":["Heavy Blade","Dark Embrace"],"picked":"Twin Strike+1","floor":22},{"not_picked":["Flame Barrier","Perfected Strike"],"picked":"Shrug It Off+1","floor":24},{"not_picked":["Headbutt+1","Dual Wield"],"picked":"Rage","floor":27}],"player_experience":347849,"relics_obtained":[{"floor":26,"key":"Happy Flower"}],"event_choices":[{"damage_healed":0.0,"max_hp_gain":0.0,"max_hp_loss":0.0,"gold_gain":0.0,"event_name":"Shining Light","player_choice":"Entered Light","floor":7.0,"gold_loss":0.0,"damage_taken":19.0,"cards_upgraded":["Headbutt","Strike_R"]},{"cards_removed":["Strike_R"],"damage_healed":0,"gold_gain":0,"player_choice":"Forget","damage_taken":0,"max_hp_gain":0,"max_hp_loss":0,"event_name":"Living Wall","floor":11,"gold_loss":0},{"damage_healed":33,"gold_gain":0,"player_choice":"Heal","damage_taken":0,"max_hp_gain":0,"max_hp_loss":0,"event_name":"The Library","floor":19,"gold_loss":0},{"damage_healed":0,"gold_gain":0,"player_choice":"Paid Fearfully","damage_taken":0,"max_hp_gain":0,"max_hp_loss":0,"event_name":"Masked Bandits","floor":21,"gold_loss":200}],"is_beta":false,"boss_relics":[{"not_picked":["Snecko Eye","Runic Cube"],"picked":"Runic Pyramid"}],"items_purged_floors":[29],"is_endless":false,"potions_floor_spawned":[3,4,13,16,27],"killed_by":"Book of Stabbing","ascension_level":10}