{"gold_per_floor":[118,135,135,82,95,136,136,150,229,229,260,100,115,154,154,253,253,268,268,282,282],"floor_reached":21,"playtime":737,"items_purged":["Strike_R"],"score":388,"play_id":"85b8a4c2-69fe-49fd-98d0-67bc636a5346","local_time":"20190328151055","is_ascension_mode":true,"campfire_choices":[{"data":"Carnage","floor":10,"key":"SMITH"},{"floor":15,"key":"REST"}],"neow_cost":"NONE","seed_source_timestamp":178600372964269,"circlet_count":0,"master_deck":["AscendersBane","Strike_R","Strike_R","Strike_R","Strike_R","Defend_R","Defend_R","Defend_R","Defend_R","Bash+1","Carnage+1","Shrug It Off","Metallicize","Clothesline+1","Combust","Carnage+1","Cleave+1","Feed+1"],"relics":["Burning Blood","NeowsBlessing","Golden Idol","Incense Burner","Molten Egg 2","Red Skull","Du-Vu Doll","Philosopher\u0027s Stone"],"potions_floor_usage":[6,21,21],"damage_taken":[{"damage":0,"enemies":"Small Slimes","floor":1,"turns":1},{"damage":0,"enemies":"Jaw Worm","floor":2,"turns":1},{"damage":0,"enemies":"Cultist","floor":5,"turns":1},{"damage":8,"enemies":"Gremlin Nob","floor":6,"turns":3},{"damage":11,"enemies":"Large Slime","floor":8,"turns":6},{"damage":27,"enemies":"3 Sentries","floor":11,"turns":11},{"damage":3,"enemies":"Blue Slaver","floor":13,"turns":3},{"damage":23,"enemies":"Lagavulin","floor":14,"turns":7},{"damage":25,"enemies":"Slime Boss","floor":16,"turns":8},{"damage":21,"enemies":"Spheric Guardian","floor":18,"turns":4},{"damage":21,"enemies":"Shell Parasite","floor":20,"turns":5},{"damage":35,"enemies":"Masked Bandits","floor":21,"turns":3}],"seed_played":"-397322694191126076","potions_obtained":[{"floor":2,"key":"Dexterity Potion"},{"floor":5,"key":"PowerPotion"},{"floor":6,"key":"Dexterity Potion"}],"is_trial":false,"path_per_floor":["M","M","?","$","M","E","?","M","T","R","E","$","M","E","R","B",null,"M","?","M","?"],"character_chosen":"IRONCLAD","items_purchased":["Fire Potion","Combust"],"campfire_rested":1,"item_purchase_floors":[4,12],"current_hp_per_floor":[74,75,68,68,68,66,66,61,61,61,40,40,43,26,46,27,58,43,43,28,0],"gold":282,"neow_bonus":"THREE_ENEMY_KILL","is_prod":false,"is_daily":false,"chose_seed":false,"campfire_upgraded":1,"win_rate":0,"timestamp":1553800255,"path_taken":["M","M","?","$","M","E","?","M","T","R","E","?","?","E","R","BOSS","M","?","M","?"],"build_version":"2019-01-23","purchased_purges":1,"victory":false,"max_hp_per_floor":[75,75,68,68,68,68,68,68,68,68,68,68,68,68,68,68,68,68,68,68,68],"card_choices":[{"not_picked":["Armaments","Wild Strike"],"picked":"Carnage","floor":1},{"not_picked":["Pommel Strike","Rupture"],"picked":"Shrug It Off","floor":2},{"not_picked":["Thunderclap","Armaments","Reckless Charge"],"picked":"SKIP","floor":5},{"not_picked":["Power Through","Perfected Strike","Iron Wave"],"picked":"SKIP","floor":6},{"not_picked":["Power Through","Second Wind"],"picked":"Metallicize","floor":8},{"not_picked":["Sword Boomerang+1","Body Slam+1"],"picked":"Clothesline+1","floor":11},{"not_picked":["Evolve","Berserk"],"picked":"Carnage+1","floor":13},{"not_picked":["Havoc","Shockwave"],"picked":"Cleave+1","floor":14},{"not_picked":["Juggernaut","Barricade"],"picked":"Feed+1","floor":16},{"not_picked":["Anger+1","Body Slam+1","Warcry"],"picked":"SKIP","floor":18},{"not_picked":["Cleave+1","Headbutt+1","Havoc+1"],"picked":"SKIP","floor":20}],"player_experience":523833,"relics_obtained":[{"floor":6,"key":"Incense Burner"},{"floor":9,"key":"Molten Egg 2"},{"floor":11,"key":"Red Skull"},{"floor":14,"key":"Du-Vu Doll"}],"event_choices":[{"damage_healed":0,"gold_gain":0,"player_choice":"Lose Max HP","damage_taken":0,"relics_obtained":["Golden Idol"],"max_hp_gain":0,"max_hp_loss":7,"event_name":"Golden Idol","floor":3,"gold_loss":0},{"damage_healed":0,"gold_gain":0,"player_choice":"Grow","damage_taken":0,"max_hp_gain":0,"max_hp_loss":0,"event_name":"Living Wall","floor":7,"gold_loss":0,"cards_upgraded":["Bash"]},{"damage_healed":0,"gold_gain":0,"player_choice":"Ignored","damage_taken":0,"max_hp_gain":0,"max_hp_loss":0,"event_name":"Ghosts","floor":19,"gold_loss":0},{"damage_healed":0,"gold_gain":0,"player_choice":"Fought Bandits","damage_taken":0,"max_hp_gain":0,"max_hp_loss":0,"event_name":"Masked Bandits","floor":21,"gold_loss":0}],"is_beta":false,"boss_relics":[{"not_picked":["Tiny House","Mark of Pain"],"picked":"Philosopher\u0027s Stone"}],"items_purged_floors":[12],"is_endless":false,"potions_floor_spawned":[2,5,6,11,14],"killed_by":"Masked Bandits","ascension_level":19}