{"gold_per_floor":[369,387,399,243,243,268,543,554,554,520,535,535,562,515,515,610,610,610,610,610,610,610,610,610,610,610,610,610,610,176,176,176,176,176,176,176,176,176,0,0,0,0,0,0,0,0,0,0,0,0],"floor_reached":51,"playtime":1209,"items_purged":["Writhe"],"score":760,"play_id":"8e2e8e72-d9b0-46af-b755-d28bb71c1361","local_time":"20190514084518","is_ascension_mode":false,"campfire_choices":[{"data":"Perfected Strike","floor":12,"key":"SMITH"},{"floor":15,"key":"REST"},{"data":"Perfected Strike","floor":24,"key":"SMITH"},{"data":"Inflame","floor":32,"key":"SMITH"},{"data":"Spot Weakness","floor":41,"key":"SMITH"},{"data":"Uppercut","floor":45,"key":"SMITH"},{"floor":47,"key":"REST"},{"floor":49,"key":"REST"}],"neow_cost":"CURSE","seed_source_timestamp":2263526984900,"circlet_count":0,"master_deck":["Strike_R","Strike_R","Strike_R","Strike_R","Strike_R","Defend_R","Defend_R","Defend_R","Defend_R","Bash","Perfected Strike+1","Pommel Strike","Inflame+1","Twin Strike","Regret","Perfected Strike+1","Wild Strike","Spot Weakness+1","Immolate","Twin Strike","Wild Strike","Uppercut+1","Wild Strike","Twin Strike","Wild Strike+1","Wild Strike+1","Wild Strike+1","Wild Strike+1","Shame","Dropkick+1","Perfected Strike+1"],"relics":["Burning Blood","Prayer Wheel","Matryoshka","Sundial","Ectoplasm","Molten Egg 2","Blood Vial","Singing Bowl","StoneCalendar","Orichalcum","Cursed Key","Red Mask","Regal Pillow","Art of War"],"potions_floor_usage":[16,16,23,25,33,33,35,37,42,42,50,50],"damage_taken":[{"damage":3,"enemies":"Jaw Worm","floor":1,"turns":4},{"damage":0,"enemies":"Small Slimes","floor":2,"turns":3},{"damage":6,"enemies":"Cultist","floor":3,"turns":3},{"damage":35,"enemies":"3 Sentries","floor":6,"turns":7},{"damage":19,"enemies":"Blue Slaver","floor":8,"turns":3},{"damage":6,"enemies":"2 Fungi Beasts","floor":11,"turns":2},{"damage":17,"enemies":"Gremlin Nob","floor":13,"turns":3},{"damage":73,"enemies":"The Guardian","floor":16,"turns":8},{"damage":12,"enemies":"Chosen","floor":18,"turns":3},{"damage":0,"enemies":"Spheric Guardian","floor":21,"turns":2},{"damage":14,"enemies":"Shelled Parasite and Fungi","floor":22,"turns":3},{"damage":38,"enemies":"Gremlin Leader","floor":23,"turns":5},{"damage":11,"enemies":"Centurion and Healer","floor":25,"turns":4},{"damage":17,"enemies":"Cultist and Chosen","floor":27,"turns":4},{"damage":0,"enemies":"Snake Plant","floor":28,"turns":2},{"damage":6,"enemies":"Sentry and Sphere","floor":31,"turns":3},{"damage":77,"enemies":"Automaton","floor":33,"turns":7},{"damage":9,"enemies":"3 Shapes","floor":35,"turns":2},{"damage":5,"enemies":"Orb Walker","floor":36,"turns":2},{"damage":34,"enemies":"Maw","floor":37,"turns":6},{"damage":14,"enemies":"Jaw Worm Horde","floor":38,"turns":4},{"damage":11,"enemies":"3 Darklings","floor":42,"turns":3},{"damage":10,"enemies":"Sphere and 2 Shapes","floor":44,"turns":3},{"damage":46,"enemies":"Maw","floor":46,"turns":7},{"damage":37,"enemies":"Writhing Mass","floor":48,"turns":3},{"damage":107,"enemies":"Donu and Deca","floor":50,"turns":7}],"seed_played":"6890114448373810558","potions_obtained":[{"floor":2,"key":"Regen Potion"},{"floor":3,"key":"Swift Potion"},{"floor":11,"key":"Regen Potion"},{"floor":19,"key":"Energy Potion"},{"floor":19,"key":"Poison Potion"},{"floor":23,"key":"Weak Potion"},{"floor":28,"key":"Explosive Potion"},{"floor":33,"key":"FearPotion"},{"floor":35,"key":"Block Potion"},{"floor":36,"key":"Ancient Potion"},{"floor":38,"key":"Swift Potion"},{"floor":42,"key":"Fruit Juice"}],"is_trial":false,"path_per_floor":["M","M","M","$","?","E","?","M","T","$","M","R","E","?","R","B",null,"M","?","$","M","M","E","R","M","T","M","M","?","$","M","R","B",null,"M","M","M","M","?","?","R","M","T","M","R","M","R","M","R","B",null],"character_chosen":"IRONCLAD","items_purchased":["Inflame","Spot Weakness","StoneCalendar","Orichalcum"],"campfire_rested":3,"item_purchase_floors":[4,10,30,30],"current_hp_per_floor":[80,80,80,80,80,51,51,38,38,38,38,38,27,27,51,18,80,74,74,74,80,72,40,40,35,35,28,40,86,86,90,90,21,92,93,98,74,72,72,72,72,73,73,75,75,41,91,62,112,18],"gold":0,"neow_bonus":"TWO_FIFTY_GOLD","is_prod":false,"is_daily":false,"chose_seed":false,"campfire_upgraded":5,"win_rate":0,"timestamp":1557812718,"path_taken":["M","M","M","$","?","E","?","M","T","$","?","R","E","?","R","BOSS","M","?","$","M","M","E","R","M","T","?","M","?","$","M","R","BOSS","M","M","M","M","?","?","R","?","T","M","R","M","R","M","R","BOSS"],"build_version":"2019-01-23","purchased_purges":1,"victory":true,"max_hp_per_floor":[80,80,80,80,80,80,80,80,80,80,80,80,80,80,80,80,80,80,80,80,80,80,80,80,80,80,82,86,86,86,90,90,92,92,96,98,102,106,106,106,106,110,110,114,114,118,118,118,118,123],"card_choices":[{"not_picked":["Carnage","Armaments"],"picked":"Perfected Strike","floor":1},{"not_picked":["Power Through","Heavy Blade"],"picked":"Pommel Strike","floor":2},{"not_picked":["Ghostly Armor","Headbutt","Combust"],"picked":"SKIP","floor":3},{"not_picked":["Shockwave","Armaments"],"picked":"Twin Strike","floor":6},{"not_picked":["Carnage","Cleave"],"picked":"Perfected Strike","floor":8},{"not_picked":["Shockwave","True Grit"],"picked":"Wild Strike","floor":8},{"not_picked":["Clash","True Grit","Corruption"],"picked":"SKIP","floor":11},{"not_picked":["Evolve","Blood for Blood","Sword Boomerang"],"picked":"SKIP","floor":11},{"not_picked":["Dropkick","Sever Soul","Shockwave"],"picked":"SKIP","floor":13},{"not_picked":["Bludgeon","Reaper"],"picked":"Immolate","floor":16},{"not_picked":["Anger+1","Shrug It Off+1"],"picked":"Twin Strike","floor":18},{"not_picked":["Iron Wave","Inflame"],"picked":"Wild Strike","floor":18},{"not_picked":["Cleave","Havoc"],"picked":"Uppercut","floor":21},{"not_picked":["Warcry","Spot Weakness+1"],"picked":"Wild Strike","floor":21},{"not_picked":["Dual Wield+1","Shrug It Off"],"picked":"Twin Strike","floor":22},{"not_picked":["Spot Weakness","Armaments","Shrug It Off"],"picked":"SKIP","floor":22},{"not_picked":["Anger+1","Juggernaut","Heavy Blade"],"picked":"SKIP","floor":23},{"not_picked":["Flex+1","Clash+1"],"picked":"Wild Strike+1","floor":25},{"not_picked":["Iron Wave+1","Havoc","Anger+1"],"picked":"SKIP","floor":25},{"not_picked":["Armaments+1","Bludgeon+1"],"picked":"Wild Strike+1","floor":27},{"not_picked":["Warcry","Pummel+1","Clothesline+1"],"picked":"Singing Bowl","floor":27},{"not_picked":["Sever Soul+1","True Grit+1","Shrug It Off"],"picked":"Singing Bowl","floor":28},{"not_picked":["True Grit+1","Reckless Charge+1","Warcry"],"picked":"Singing Bowl","floor":28},{"not_picked":["Flex","Thunderclap+1","Anger+1"],"picked":"Singing Bowl","floor":31},{"not_picked":["Heavy Blade+1","Feed+1","True Grit"],"picked":"Singing Bowl","floor":31},{"not_picked":["Fiend Fire+1","Reaper+1","Dark Embrace"],"picked":"Singing Bowl","floor":33},{"not_picked":["Searing Blow+1","Havoc+1","Iron Wave+1"],"picked":"Singing Bowl","floor":35},{"not_picked":["Flame Barrier","Anger+1","Entrench+1"],"picked":"Singing Bowl","floor":35},{"not_picked":["Thunderclap+1","Spot Weakness"],"picked":"Wild Strike+1","floor":36},{"not_picked":["Heavy Blade+1","Cleave+1","Feed+1"],"picked":"Singing Bowl","floor":36},{"not_picked":["Whirlwind+1","Armaments+1","Sentinel"],"picked":"Singing Bowl","floor":37},{"not_picked":["Second Wind+1","Flex+1","Ghostly Armor"],"picked":"Singing Bowl","floor":37},{"not_picked":["Sentinel+1","Warcry","Headbutt+1"],"picked":"Singing Bowl","floor":38},{"not_picked":["Battle Trance+1","Intimidate","Inflame"],"picked":"Singing Bowl","floor":38},{"not_picked":["Body Slam+1","Flex+1","Sword Boomerang+1"],"picked":"Singing Bowl","floor":42},{"not_picked":["Anger+1","Thunderclap+1","Evolve+1"],"picked":"Singing Bowl","floor":42},{"not_picked":["Clothesline+1","Anger+1","Seeing Red+1"],"picked":"Singing Bowl","floor":44},{"not_picked":["Headbutt+1","Clash+1","Havoc"],"picked":"Singing Bowl","floor":44},{"not_picked":["True Grit+1","Searing Blow+1","Sentinel+1"],"picked":"Singing Bowl","floor":46},{"not_picked":["Dark Embrace","Iron Wave+1","Shockwave+1"],"picked":"Singing Bowl","floor":46},{"not_picked":["Iron Wave+1","Body Slam+1"],"picked":"Dropkick+1","floor":48},{"not_picked":["True Grit+1","Clothesline+1"],"picked":"Perfected Strike+1","floor":48}],"player_experience":320001,"relics_obtained":[{"floor":6,"key":"Prayer Wheel"},{"floor":9,"key":"Matryoshka"},{"floor":13,"key":"Sundial"},{"floor":23,"key":"Molten Egg 2"},{"floor":26,"key":"Blood Vial"},{"floor":26,"key":"Singing Bowl"},{"floor":43,"key":"Regal Pillow"},{"floor":43,"key":"Art of War"}],"event_choices":[{"damage_healed":0,"gold_gain":0,"player_choice":"Ignored","damage_taken":0,"max_hp_gain":0,"max_hp_loss":0,"event_name":"Golden Wing","floor":5,"gold_loss":0},{"damage_healed":0,"gold_gain":275,"player_choice":"Desecrate","damage_taken":0,"max_hp_gain":0,"max_hp_loss":0,"event_name":"Golden Shrine","floor":7,"gold_loss":0,"cards_obtained":["Regret"]},{"damage_healed":0,"gold_gain":0,"player_choice":"Left Gold","damage_taken":0,"max_hp_gain":0,"max_hp_loss":0,"event_name":"World of Goop","floor":14,"gold_loss":47},{"damage_healed":0,"gold_gain":0,"player_choice":"Got Potions","damage_taken":0,"max_hp_gain":0,"max_hp_loss":0,"event_name":"Lab","floor":19,"gold_loss":0},{"damage_healed":46,"gold_gain":0,"player_choice":"Full Heal","damage_taken":0,"max_hp_gain":0,"max_hp_loss":0,"event_name":"Wheel of Change","floor":29,"gold_loss":0},{"damage_healed":0,"gold_gain":0,"player_choice":"Paid","damage_taken":0,"relics_obtained":["Red Mask"],"max_hp_gain":0,"max_hp_loss":0,"event_name":"Tomb of Lord Red Mask","floor":39,"gold_loss":176},{"damage_healed":0,"gold_gain":0,"player_choice":"Copied","damage_taken":0,"max_hp_gain":0,"max_hp_loss":0,"event_name":"Duplicator","floor":40,"gold_loss":0,"cards_obtained":["Wild Strike"]}],"is_beta":false,"boss_relics":[{"not_picked":["Empty Cage","White Beast Statue"],"picked":"Ectoplasm"},{"not_picked":["Eternal Feather","Calling Bell"],"picked":"Cursed Key"}],"items_purged_floors":[4],"is_endless":false,"potions_floor_spawned":[2,3,11,23,28,31,33,35,36,38,42],"ascension_level":0}