{"gold_per_floor":[113,113,128,34,80,80,111,128,128,145,145,31,31],"floor_reached":13,"playtime":943,"items_purged":[],"score":104,"play_id":"bf62e540-fa2b-4101-937e-1316ed68ce52","local_time":"20190107233120","is_ascension_mode":true,"campfire_choices":[{"floor":6,"key":"RECALL"}],"neow_cost":"NONE","seed_source_timestamp":453358451668669,"circlet_count":0,"master_deck":["Strike_R+1","Strike_R+1","Strike_R","Strike_R","Strike_R","Defend_R","Defend_R","Defend_R","Defend_R","Bash+1","Rupture","Flex","Pummel","Flex","Heavy Blade","Thunderclap","Ghostly Armor","Spot Weakness","Combust"],"relics":["Burning Blood","Boot","Juzu Bracelet","Singing Bowl"],"potions_floor_usage":[7],"damage_taken":[{"damage":11,"enemies":"Jaw Worm","floor":1,"turns":4},{"damage":1,"enemies":"Cultist","floor":3,"turns":3},{"damage":50,"enemies":"3 Sentries","floor":7,"turns":12},{"damage":0,"enemies":"Small Slimes","floor":8,"turns":2},{"damage":11,"enemies":"Blue Slaver","floor":10,"turns":3},{"damage":30,"enemies":"Gremlin Gang","floor":13,"turns":3}],"seed_played":"-4199546012672954397","potions_obtained":[{"floor":1,"key":"Swift Potion"}],"is_trial":false,"path_per_floor":["M","?","M","$","T","R","E","M","T","M","?","$","M"],"character_chosen":"IRONCLAD","items_purchased":["Pummel","Flex","Spot Weakness","Combust"],"campfire_rested":0,"item_purchase_floors":[4,4,12,12],"current_hp_per_floor":[75,75,80,80,80,80,36,42,42,37,21,21,0],"gold":31,"neow_bonus":"RANDOM_COMMON_RELIC","is_prod":false,"is_daily":false,"chose_seed":false,"campfire_upgraded":0,"win_rate":0,"timestamp":1546896680,"path_taken":["M","?","M","$","?","R","E","M","T","M","?","?","M"],"build_version":"2019-01-03v4","purchased_purges":0,"victory":false,"max_hp_per_floor":[80,80,80,80,80,80,80,80,80,80,80,80,80],"card_choices":[{"not_picked":["Headbutt","Dropkick"],"picked":"Rupture","floor":1},{"not_picked":["Carnage","Twin Strike"],"picked":"Flex","floor":3},{"not_picked":["Body Slam","Dual Wield"],"picked":"Heavy Blade","floor":7},{"not_picked":["Clash","Flex"],"picked":"Thunderclap","floor":8},{"not_picked":["Warcry","Infernal Blade"],"picked":"Ghostly Armor","floor":10}],"player_experience":127522,"relics_obtained":[{"floor":7,"key":"Juzu Bracelet"},{"floor":9,"key":"Singing Bowl"}],"event_choices":[{"damage_healed":0,"gold_gain":0,"player_choice":"Upgraded","damage_taken":0,"max_hp_gain":0,"max_hp_loss":0,"event_name":"Upgrade Shrine","floor":2,"gold_loss":0,"cards_upgraded":["Bash"]},{"damage_healed":0,"gold_gain":0,"player_choice":"Entered Light","damage_taken":16,"max_hp_gain":0,"max_hp_loss":0,"event_name":"Shining Light","floor":11,"gold_loss":0,"cards_upgraded":["Strike_R","Strike_R"]}],"is_beta":false,"boss_relics":[],"items_purged_floors":[],"is_endless":false,"potions_floor_spawned":[1],"killed_by":"Gremlin Gang","ascension_level":5}