{"gold_per_floor":[113,38,56,75,75,75,93,93,148,148,148,76,104,4,4,4],"floor_reached":16,"playtime":595,"items_purged":["Strike_R","Strike_R"],"score":181,"play_id":"d4ad1bf2-a437-4898-907a-a2314fb7cffe","local_time":"20190208002355","is_ascension_mode":true,"campfire_choices":[{"floor":6,"key":"REST"},{"floor":15,"key":"REST"}],"neow_cost":"NONE","seed_source_timestamp":88720553967970,"circlet_count":0,"master_deck":["AscendersBane","Strike_R+1","Strike_R","Strike_R","Defend_R+1","Defend_R","Defend_R","Defend_R","Bash","Immolate","Twin Strike","Shockwave","Brutality","Shrug It Off"],"special_seed":0,"relics":["Burning Blood","Regal Pillow","Juzu Bracelet","PreservedInsect"],"potions_floor_usage":[16],"damage_taken":[{"damage":1,"enemies":"Cultist","floor":1,"turns":3},{"damage":20,"enemies":"Small Slimes","floor":3,"turns":3},{"damage":4,"enemies":"Jaw Worm","floor":4,"turns":3},{"damage":0,"enemies":"2 Fungi Beasts","floor":7,"turns":2},{"damage":35,"enemies":"Lagavulin","floor":13,"turns":5},{"damage":63,"enemies":"Hexaghost","floor":16,"turns":9}],"seed_played":"-5672665143020965651","potions_obtained":[{"floor":4,"key":"Swift Potion"},{"floor":13,"key":"Weak Potion"}],"is_trial":false,"path_per_floor":["M","$","M","M","?","R","M","?","T","?","?","?","E","$","R","B"],"character_chosen":"IRONCLAD","items_purchased":[],"campfire_rested":2,"item_purchase_floors":[],"current_hp_per_floor":[73,73,59,61,35,72,75,75,75,75,52,52,23,23,60,0],"gold":4,"neow_bonus":"ONE_RANDOM_RARE_CARD","is_prod":false,"is_daily":false,"chose_seed":false,"campfire_upgraded":0,"win_rate":0,"timestamp":1549578235,"path_taken":["M","$","?","M","?","R","M","?","T","?","?","?","E","$","R","BOSS"],"build_version":"2019-01-23","purchased_purges":2,"victory":false,"max_hp_per_floor":[75,75,75,75,75,75,75,75,75,75,75,75,75,75,75,75],"card_choices":[{"not_picked":["Iron Wave","Flex","Wild Strike"],"picked":"SKIP","floor":1},{"not_picked":["Sword Boomerang","Perfected Strike"],"picked":"Twin Strike","floor":3},{"not_picked":["Shrug It Off","Hemokinesis"],"picked":"Shockwave","floor":4},{"not_picked":["Perfected Strike","Clothesline"],"picked":"Brutality","floor":7},{"not_picked":["Sword Boomerang","Second Wind"],"picked":"Shrug It Off","floor":13}],"player_experience":564684,"relics_obtained":[{"floor":9,"key":"Juzu Bracelet"},{"floor":13,"key":"PreservedInsect"}],"event_choices":[{"damage_healed":0,"gold_gain":0,"player_choice":"Success","damage_taken":26,"relics_obtained":["Regal Pillow"],"max_hp_gain":0,"max_hp_loss":0,"event_name":"Scrap Ooze","floor":5,"gold_loss":0},{"damage_healed":0,"gold_gain":0,"player_choice":"0 cards matched","damage_taken":0,"max_hp_gain":0,"max_hp_loss":0,"event_name":"Match and Keep!","floor":8,"gold_loss":0,"cards_obtained":[]},{"damage_healed":0,"gold_gain":0,"player_choice":"Ignored","damage_taken":0,"max_hp_gain":0,"max_hp_loss":0,"event_name":"Liars Game","floor":10,"gold_loss":0},{"damage_healed":0,"gold_gain":0,"player_choice":"Entered Light","damage_taken":23,"max_hp_gain":0,"max_hp_loss":0,"event_name":"Shining Light","floor":11,"gold_loss":0,"cards_upgraded":["Defend_R","Strike_R"]},{"damage_healed":0,"gold_gain":0,"player_choice":"Left Gold","damage_taken":0,"max_hp_gain":0,"max_hp_loss":0,"event_name":"World of Goop","floor":12,"gold_loss":72}],"is_beta":false,"boss_relics":[],"items_purged_floors":[2,14],"is_endless":false,"potions_floor_spawned":[4,13],"killed_by":"Hexaghost","ascension_level":17}