{"gold_per_floor":[119,134,134,158,168,168,201,212,239,239,249,275,275,425,425,496,496,507,557,557,482,106,106,56,56,56,56,68,68,84,94,94,94],"floor_reached":33,"playtime":1435,"items_purged":["Strike_R+1","Strike_R+1"],"score":531,"play_id":"ffe2903c-3899-4978-8104-83b9767243b0","local_time":"20190507190106","is_ascension_mode":true,"campfire_choices":[{"data":"Bash","floor":6,"key":"SMITH"},{"data":"Uppercut","floor":10,"key":"SMITH"},{"data":"Sword Boomerang","floor":13,"key":"SMITH"},{"data":"Twin Strike","floor":15,"key":"SMITH"},{"data":"Whirlwind","floor":23,"key":"SMITH"},{"data":"Disarm","floor":25,"key":"SMITH"},{"data":"Feed","floor":27,"key":"SMITH"},{"floor":29,"key":"REST"},{"floor":32,"key":"REST"}],"neow_cost":"NONE","seed_source_timestamp":106523449169182,"circlet_count":0,"master_deck":["AscendersBane","Strike_R+1","Strike_R+1","Defend_R+1","Defend_R+1","Defend_R+1","Defend_R+1","Bash+1","Sword Boomerang+1","Twin Strike+1","Uppercut+1","Shrug It Off","Doubt","Feed+1","Disarm+1","Offering","Whirlwind+1","Shrug It Off","Burning Pact"],"relics":["Burning Blood","Lantern","Whetstone","Juzu Bracelet","Ginger","Orrery","Peace Pipe"],"potions_floor_usage":[7,7,12,16,28,31,33],"damage_taken":[{"damage":9,"enemies":"Small Slimes","floor":1,"turns":5},{"damage":9,"enemies":"Jaw Worm","floor":2,"turns":4},{"damage":6,"enemies":"2 Louse","floor":5,"turns":4},{"damage":42,"enemies":"Lagavulin","floor":7,"turns":8},{"damage":1,"enemies":"2 Fungi Beasts","floor":8,"turns":3},{"damage":2,"enemies":"Exordium Wildlife","floor":11,"turns":3},{"damage":13,"enemies":"3 Sentries","floor":12,"turns":9},{"damage":32,"enemies":"Hexaghost","floor":16,"turns":9},{"damage":33,"enemies":"Shell Parasite","floor":18,"turns":6},{"damage":9,"enemies":"Spheric Guardian","floor":28,"turns":3},{"damage":6,"enemies":"Centurion and Healer","floor":30,"turns":7},{"damage":39,"enemies":"Chosen and Byrds","floor":31,"turns":6},{"damage":81,"enemies":"Automaton","floor":33,"turns":6}],"seed_played":"-6170679635452918056","potions_obtained":[{"floor":1,"key":"Energy Potion"},{"floor":5,"key":"EntropicBrew"},{"floor":16,"key":"Block Potion"},{"floor":18,"key":"AttackPotion"},{"floor":31,"key":"EssenceOfSteel"}],"is_trial":false,"path_per_floor":["M","M","?","T","M","R","E","M","T","R","M","E","R","?","R","B",null,"M","?","?","$","$","R","?","R","T","R","M","R","M","M","R","B"],"character_chosen":"IRONCLAD","items_purchased":["Offering","Whirlwind","Shrug It Off"],"campfire_rested":2,"item_purchase_floors":[22,22,22],"current_hp_per_floor":[65,62,67,67,67,67,31,36,36,36,40,33,33,33,33,7,62,38,38,38,38,38,38,38,38,38,38,39,65,69,40,68,0],"gold":94,"neow_bonus":"REMOVE_CARD","is_prod":false,"is_daily":false,"chose_seed":false,"campfire_upgraded":7,"win_rate":0,"timestamp":1557270066,"path_taken":["M","M","?","?","M","R","E","M","T","R","M","E","R","?","R","BOSS","M","?","?","?","$","R","?","R","T","R","M","R","M","M","R","BOSS"],"build_version":"2019-01-23","purchased_purges":2,"victory":false,"max_hp_per_floor":[75,75,80,80,80,80,80,80,80,80,80,80,80,80,80,80,80,83,83,83,83,83,83,83,83,83,83,87,87,91,95,95,95],"card_choices":[{"not_picked":["Dropkick","Second Wind"],"picked":"Sword Boomerang","floor":1},{"not_picked":["Wild Strike","Heavy Blade"],"picked":"Twin Strike","floor":2},{"not_picked":["Sword Boomerang","Twin Strike","Ghostly Armor"],"picked":"SKIP","floor":5},{"not_picked":["Twin Strike","Cleave"],"picked":"Uppercut","floor":7},{"not_picked":["Pommel Strike","Flex","Iron Wave"],"picked":"SKIP","floor":8},{"not_picked":["Twin Strike","Iron Wave","Heavy Blade"],"picked":"SKIP","floor":11},{"not_picked":["Pummel","Dual Wield"],"picked":"Shrug It Off","floor":12},{"not_picked":["Bludgeon","Demon Form"],"picked":"Feed","floor":16},{"not_picked":["Iron Wave","Flex"],"picked":"Disarm","floor":17},{"not_picked":["Havoc","Warcry","Double Tap"],"picked":"SKIP","floor":18},{"not_picked":["Wild Strike","Hemokinesis","Heavy Blade"],"picked":"SKIP","floor":28},{"not_picked":["Anger","Rage"],"picked":"Burning Pact","floor":30},{"not_picked":["Perfected Strike","Pommel Strike+1","Seeing Red"],"picked":"SKIP","floor":31}],"player_experience":614683,"relics_obtained":[{"floor":4,"key":"Lantern"},{"floor":7,"key":"Whetstone"},{"floor":9,"key":"Juzu Bracelet"},{"floor":12,"key":"Ginger"},{"floor":26,"key":"Peace Pipe"}],"event_choices":[{"damage_healed":0,"gold_gain":0,"player_choice":"Donut","damage_taken":0,"max_hp_gain":5,"max_hp_loss":0,"event_name":"Big Fish","floor":3,"gold_loss":0},{"damage_healed":0,"gold_gain":150,"player_choice":"AGREE","damage_taken":0,"max_hp_gain":0,"max_hp_loss":0,"event_name":"Liars Game","floor":14,"gold_loss":0,"cards_obtained":["Doubt"]},{"damage_healed":0,"gold_gain":50,"player_choice":"Stole From Cult","damage_taken":0,"max_hp_gain":0,"max_hp_loss":0,"event_name":"Nest","floor":19,"gold_loss":0},{"damage_healed":0,"gold_gain":0,"player_choice":"Simplicity","damage_taken":0,"max_hp_gain":0,"max_hp_loss":0,"event_name":"Back to Basics","floor":20,"gold_loss":0,"cards_upgraded":["Strike_R","Strike_R","Defend_R","Defend_R","Defend_R","Defend_R"]},{"damage_healed":0,"gold_gain":0,"player_choice":"Bet on Murderer","damage_taken":0,"max_hp_gain":0,"max_hp_loss":0,"event_name":"The Joust","floor":24,"gold_loss":50}],"is_beta":false,"boss_relics":[{"not_picked":["Busted Crown","Eternal Feather"],"picked":"Orrery"}],"items_purged_floors":[21,22],"is_endless":false,"potions_floor_spawned":[1,5,8,16,18,31],"killed_by":"Automaton","ascension_level":20}