{"gold_per_floor":[213,288,84,103,103,103,103,138,138,138,156,171,189,189],"floor_reached":14,"playtime":645,"items_purged":[],"score":144,"play_id":"6f516254-08dd-4019-92bb-c728ef6360eb","local_time":"20190225082112","is_ascension_mode":true,"campfire_choices":[{"data":"Dagger Throw","floor":6,"key":"SMITH"},{"floor":10,"key":"REST"}],"neow_cost":"NONE","seed_source_timestamp":669113733453179,"circlet_count":0,"master_deck":["AscendersBane","Defend_G","Defend_G","Defend_G","Defend_G","Defend_G","Strike_G","Strike_G","Strike_G","Strike_G","Survivor","Neutralize","Cloak And Dagger","Dagger Throw+1","Adrenaline","Bane","PiercingWail","Acrobatics"],"relics":["Ring of the Snake","Dream Catcher","Kunai"],"potions_floor_usage":[14,14],"damage_taken":[{"damage":2,"enemies":"2 Louse","floor":1,"turns":3},{"damage":0,"enemies":"Cultist","floor":4,"turns":4},{"damage":25,"enemies":"3 Sentries","floor":8,"turns":11},{"damage":0,"enemies":"Small Slimes","floor":11,"turns":3},{"damage":0,"enemies":"3 Louse","floor":12,"turns":4},{"damage":0,"enemies":"Looter","floor":13,"turns":3},{"damage":48,"enemies":"Gremlin Nob","floor":14,"turns":5}],"seed_played":"-4579817411061332116","potions_obtained":[{"floor":8,"key":"Explosive Potion"},{"floor":12,"key":"Energy Potion"}],"is_trial":false,"path_per_floor":["M","?","$","M","?","R","?","E","T","R","M","M","M","E"],"character_chosen":"THE_SILENT","items_purchased":["Dagger Throw","Adrenaline"],"campfire_rested":1,"item_purchase_floors":[3,3],"current_hp_per_floor":[61,50,50,50,50,50,50,25,25,46,46,46,46,0],"gold":189,"neow_bonus":"HUNDRED_GOLD","is_prod":false,"is_daily":false,"chose_seed":false,"campfire_upgraded":1,"win_rate":0,"timestamp":1551100872,"path_taken":["M","?","$","M","?","R","?","E","T","R","?","M","M","E"],"build_version":"2019-01-23","purchased_purges":0,"victory":false,"max_hp_per_floor":[70,70,70,70,70,70,70,70,70,70,70,70,70,70],"card_choices":[{"not_picked":["Backflip","Choke"],"picked":"Cloak And Dagger","floor":1},{"not_picked":["Cloak And Dagger","Blur"],"picked":"Bane","floor":4},{"not_picked":["Expertise","Caltrops"],"picked":"PiercingWail","floor":8},{"not_picked":["Unload","Blade Dance"],"picked":"Acrobatics","floor":11},{"not_picked":["PiercingWail","Masterful Stab","Infinite Blades"],"picked":"SKIP","floor":12},{"not_picked":["Dodge and Roll","Dagger Spray","Deadly Poison"],"picked":"SKIP","floor":13}],"player_experience":433414,"relics_obtained":[{"floor":8,"key":"Dream Catcher"},{"floor":9,"key":"Kunai"}],"event_choices":[{"damage_healed":0,"gold_gain":75,"player_choice":"Gather Gold","damage_taken":11,"max_hp_gain":0,"max_hp_loss":0,"event_name":"World of Goop","floor":2,"gold_loss":0},{"damage_healed":0,"gold_gain":0,"player_choice":"Ignored","damage_taken":0,"max_hp_gain":0,"max_hp_loss":0,"event_name":"Shining Light","floor":5,"gold_loss":0},{"cards_removed":["Strike_G"],"damage_healed":0,"gold_gain":0,"player_choice":"Purged","damage_taken":0,"max_hp_gain":0,"max_hp_loss":0,"event_name":"Purifier","floor":7,"gold_loss":0}],"is_beta":false,"boss_relics":[],"items_purged_floors":[],"is_endless":false,"potions_floor_spawned":[8,12],"killed_by":"Gremlin Nob","ascension_level":12}