{"gold_per_floor":[112,36,46,23,33,33,65,81,129,147,164,182,182,20,20,123,123,138,138,138,154,79,110,110,110],"floor_reached":25,"playtime":2921,"items_purged":["Creative AI"],"score":234,"play_id":"f8fe0750-c66d-4234-9d28-4443523d7f45","local_time":"20190108022201","is_ascension_mode":true,"campfire_choices":[{"data":"Static Discharge","floor":6,"key":"SMITH"},{"floor":13,"key":"REST"},{"floor":15,"key":"RECALL"},{"floor":24,"key":"REST"}],"neow_cost":"NONE","seed_source_timestamp":461622015565132,"circlet_count":0,"master_deck":["Strike_B","Strike_B","Strike_B","Strike_B","Defend_B","Defend_B","Defend_B","Defend_B","Zap","Dualcast","Cold Snap","Static Discharge+1","Reinforced Body","Ball Lightning","Melter","Conserve Battery","Tempest","Consume","Ball Lightning","Chill","Capacitor","Rebound+1","Ball Lightning","Glacier","Meteor Strike"],"relics":["Cracked Core","Darkstone Periapt","Regal Pillow","Nuclear Battery","Dream Catcher","Bottled Flame"],"potions_floor_usage":[12,12,16],"damage_taken":[{"damage":1,"enemies":"Cultist","floor":1,"turns":3},{"damage":1,"enemies":"2 Louse","floor":3,"turns":2},{"damage":1,"enemies":"Jaw Worm","floor":5,"turns":3},{"damage":11,"enemies":"Gremlin Nob","floor":7,"turns":4},{"damage":16,"enemies":"Lots of Slimes","floor":8,"turns":3},{"damage":7,"enemies":"Exordium Wildlife","floor":10,"turns":3},{"damage":5,"enemies":"Looter","floor":11,"turns":3},{"damage":9,"enemies":"Large Slime","floor":12,"turns":7},{"damage":23,"enemies":"Slime Boss","floor":16,"turns":9},{"damage":3,"enemies":"Chosen","floor":18,"turns":4},{"damage":0,"enemies":"Spheric Guardian","floor":21,"turns":2},{"damage":54,"enemies":"Slavers","floor":23,"turns":6},{"damage":44,"enemies":"Book of Stabbing","floor":25,"turns":5}],"seed_played":"8866154640697280700","potions_obtained":[{"floor":7,"key":"Dexterity Potion"},{"floor":10,"key":"GamblersBrew"},{"floor":12,"key":"Poison Potion"},{"floor":18,"key":"SpeedPotion"}],"is_trial":false,"path_per_floor":["M","$","M","?","M","R","E","M","T","M","M","M","R","$","R","B",null,"M","?","?","M","$","E","R","E"],"character_chosen":"DEFECT","items_purchased":["Static Discharge","Ball Lightning","Chill","Capacitor"],"campfire_rested":2,"item_purchase_floors":[2,14,14,14],"current_hp_per_floor":[74,74,73,73,72,72,61,45,45,38,33,24,61,61,61,38,75,72,58,58,58,58,4,43,0],"gold":110,"neow_bonus":"ONE_RANDOM_RARE_CARD","is_prod":false,"is_daily":false,"chose_seed":false,"campfire_upgraded":1,"win_rate":0,"timestamp":1546906921,"path_taken":["M","?","?","?","M","R","E","M","T","M","M","M","R","$","R","BOSS","M","?","?","M","?","E","R","E"],"build_version":"2019-01-03v4","purchased_purges":1,"victory":false,"max_hp_per_floor":[75,75,75,75,75,75,75,75,75,75,75,75,75,75,75,75,75,75,80,80,80,80,80,80,80],"card_choices":[{"not_picked":["Sunder","Turbo"],"picked":"Cold Snap","floor":1},{"not_picked":["BootSequence","Gash"],"picked":"Reinforced Body","floor":3},{"not_picked":["Compile Driver","Stack"],"picked":"Ball Lightning","floor":5},{"not_picked":["Rip and Tear","Hello World"],"picked":"Melter","floor":7},{"not_picked":["Streamline","Rip and Tear"],"picked":"Conserve Battery","floor":8},{"not_picked":["Coolheaded","Echo Form"],"picked":"Tempest","floor":10},{"not_picked":["Sweeping Beam","Ball Lightning"],"picked":"Consume","floor":11},{"not_picked":["Stack","Compile Driver","Hologram"],"picked":"SKIP","floor":12},{"not_picked":["Sweeping Beam","Aggregate"],"picked":"Rebound+1","floor":18},{"not_picked":["Steam","Rebound+1"],"picked":"Ball Lightning","floor":21},{"not_picked":["Turbo","Stack"],"picked":"Glacier","floor":23},{"not_picked":["Doom and Gloom","Aggregate"],"picked":"Meteor Strike","floor":24}],"player_experience":135616,"relics_obtained":[{"floor":7,"key":"Darkstone Periapt"},{"floor":9,"key":"Regal Pillow"},{"floor":23,"key":"Bottled Flame"}],"event_choices":[{"damage_healed":0,"gold_gain":0,"player_choice":"Left Gold","damage_taken":0,"max_hp_gain":0,"max_hp_loss":0,"event_name":"World of Goop","floor":4,"gold_loss":23},{"damage_healed":0,"gold_gain":0,"player_choice":"Shed Blood","damage_taken":19,"max_hp_gain":5,"max_hp_loss":0,"event_name":"Forgotten Altar","floor":19,"gold_loss":0},{"damage_healed":0,"gold_gain":0,"player_choice":"Opened","damage_taken":0,"relics_obtained":["Dream Catcher"],"max_hp_gain":0,"max_hp_loss":0,"event_name":"The Mausoleum","floor":20,"gold_loss":0}],"is_beta":false,"boss_relics":[{"not_picked":["Coffee Dripper","Ectoplasm"],"picked":"Nuclear Battery"}],"items_purged_floors":[22],"is_endless":false,"potions_floor_spawned":[7,10,12,18],"killed_by":"Book of Stabbing","ascension_level":1}