{"gold_per_floor":[112,132,132,132,147,147,165,179,179,79,96,112,124,141,141,141],"floor_reached":16,"playtime":1335,"items_purged":["Strike_R"],"score":196,"play_id":"e9129dcd-4c32-40d5-8583-570b5f948fe9","local_time":"20190217002535","is_ascension_mode":true,"campfire_choices":[{"data":"Shrug It Off","floor":6,"key":"SMITH"},{"data":"Shrug It Off","floor":15,"key":"SMITH"}],"neow_cost":"NONE","seed_source_timestamp":182637808168051,"circlet_count":0,"master_deck":["AscendersBane","Strike_R","Strike_R","Strike_R","Strike_R","Defend_R","Defend_R","Defend_R","Defend_R","Bash","Pommel Strike","Shrug It Off+1","Shrug It Off+1","Spot Weakness","Pommel Strike","Shockwave","Inflame"],"relics":["Coffee Dripper","Meat on the Bone"],"potions_floor_usage":[8,11,16],"damage_taken":[{"damage":1,"enemies":"Cultist","floor":1,"turns":3},{"damage":2,"enemies":"Jaw Worm","floor":2,"turns":3},{"damage":10,"enemies":"2 Louse","floor":5,"turns":2},{"damage":1,"enemies":"Looter","floor":7,"turns":3},{"damage":8,"enemies":"Large Slime","floor":8,"turns":6},{"damage":10,"enemies":"Lots of Slimes","floor":11,"turns":5},{"damage":0,"enemies":"2 Fungi Beasts","floor":12,"turns":3},{"damage":0,"enemies":"Large Slime","floor":13,"turns":5},{"damage":0,"enemies":"3 Louse","floor":14,"turns":4},{"damage":63,"enemies":"Slime Boss","floor":16,"turns":11}],"seed_played":"-605881387796540815","potions_obtained":[{"floor":4,"key":"LiquidBronze"},{"floor":4,"key":"Ancient Potion"},{"floor":11,"key":"Regen Potion"}],"is_trial":false,"path_per_floor":["M","M","?","?","M","R","M","M","T","$","M","M","M","M","R","B"],"character_chosen":"IRONCLAD","items_purchased":["Pommel Strike"],"campfire_rested":0,"item_purchase_floors":[10],"current_hp_per_floor":[67,65,65,65,55,55,54,46,46,46,48,48,48,48,48,0],"gold":141,"neow_bonus":"BOSS_RELIC","is_prod":false,"is_daily":false,"chose_seed":false,"campfire_upgraded":2,"win_rate":0,"timestamp":1550355935,"path_taken":["M","M","?","?","M","R","M","M","T","$","M","M","M","M","R","BOSS"],"build_version":"2019-01-23","purchased_purges":1,"victory":false,"max_hp_per_floor":[75,75,75,75,75,75,75,75,75,75,75,75,75,75,75,75],"card_choices":[{"not_picked":["Heavy Blade","Twin Strike"],"picked":"Pommel Strike","floor":1},{"not_picked":["Bloodletting","Sever Soul"],"picked":"Shrug It Off","floor":2},{"not_picked":["Corruption","Second Wind"],"picked":"Shrug It Off","floor":5},{"not_picked":["Warcry","Perfected Strike"],"picked":"Spot Weakness","floor":7},{"not_picked":["Cleave","Juggernaut","Clash"],"picked":"SKIP","floor":8},{"not_picked":["Burning Pact","Sword Boomerang","Headbutt"],"picked":"SKIP","floor":11},{"not_picked":["Heavy Blade","Sentinel"],"picked":"Shockwave","floor":12},{"not_picked":["Anger","Flex"],"picked":"Inflame","floor":13},{"not_picked":["Wild Strike","True Grit","Second Wind"],"picked":"SKIP","floor":14}],"player_experience":621757,"relics_obtained":[{"floor":9,"key":"Meat on the Bone"}],"event_choices":[{"damage_healed":0,"gold_gain":0,"player_choice":"Ignored","damage_taken":0,"max_hp_gain":0,"max_hp_loss":0,"event_name":"Golden Idol","floor":3,"gold_loss":0},{"damage_healed":0,"gold_gain":0,"player_choice":"Got Potions","damage_taken":0,"max_hp_gain":0,"max_hp_loss":0,"event_name":"Lab","floor":4,"gold_loss":0}],"is_beta":false,"boss_relics":[],"items_purged_floors":[10],"is_endless":false,"potions_floor_spawned":[5,7,11],"killed_by":"Slime Boss","ascension_level":20}