{"gold_per_floor":[117,117,117,117,133,161,161,161,161,172,172,22,22,38,38,136,186,201,201,218,228,153,153],"floor_reached":23,"playtime":370,"items_purged":[],"score":214,"play_id":"cbf19310-c740-4dba-a82f-0ff348bdc41e","local_time":"20190510211504","is_ascension_mode":false,"campfire_choices":[{"data":"Dualcast","floor":13,"key":"SMITH"},{"floor":15,"key":"DIG"}],"neow_cost":"NONE","seed_source_timestamp":1713158518200,"circlet_count":0,"master_deck":["Strike_B","Strike_B","Strike_B","Strike_B+1","Defend_B","Defend_B","Defend_B","Defend_B","Zap+1","Dualcast+1","Rebound","Melter+1","Ball Lightning","Biased Cognition","Redo","Defragment","Redo"],"relics":["Cracked Core","NeowsBlessing","Mercury Hourglass","Shovel","Bottled Lightning","Anchor","Centennial Puzzle","Tiny House"],"potions_floor_usage":[16],"damage_taken":[{"damage":0,"enemies":"Jaw Worm","floor":1,"turns":1},{"damage":0,"enemies":"Small Slimes","floor":5,"turns":1},{"damage":0,"enemies":"Lagavulin","floor":6,"turns":1},{"damage":0,"enemies":"2 Louse","floor":10,"turns":1},{"damage":0,"enemies":"Gremlin Gang","floor":14,"turns":2},{"damage":6,"enemies":"Slime Boss","floor":16,"turns":5},{"damage":0,"enemies":"Chosen","floor":18,"turns":3},{"damage":20,"enemies":"2 Thieves","floor":20,"turns":3},{"damage":13,"enemies":"Snecko","floor":21,"turns":4},{"damage":26,"enemies":"Slavers","floor":23,"turns":3}],"seed_played":"-7018033430697916380","potions_obtained":[{"floor":1,"key":"PowerPotion"},{"floor":10,"key":"Energy Potion"},{"floor":14,"key":"Weak Potion"},{"floor":17,"key":"FearPotion"}],"is_trial":false,"path_per_floor":["M","?","?","T","M","E","?","$","T","M","?","$","R","M","R","B",null,"M","?","M","M","?","E"],"character_chosen":"DEFECT","items_purchased":["Anchor"],"campfire_rested":0,"item_purchase_floors":[12],"current_hp_per_floor":[75,75,75,75,75,75,75,75,75,75,60,60,60,60,60,54,80,80,80,60,47,47,21],"gold":153,"neow_bonus":"THREE_ENEMY_KILL","is_prod":false,"is_daily":false,"chose_seed":false,"campfire_upgraded":1,"win_rate":0,"timestamp":1557512104,"path_taken":["M","?","?","?","M","E","?","$","T","?","?","?","R","M","R","BOSS","M","?","M","M","?","E"],"build_version":"2019-01-23","purchased_purges":0,"victory":false,"max_hp_per_floor":[75,75,75,75,75,75,75,75,75,75,75,75,75,75,75,75,80,80,80,80,80,80,80],"card_choices":[{"not_picked":["FTL","Go for the Eyes"],"picked":"Rebound","floor":1},{"not_picked":["Gash","Hologram"],"picked":"Melter","floor":5},{"not_picked":["Gash","Stack"],"picked":"Storm","floor":6},{"not_picked":["Rebound","Stack"],"picked":"Ball Lightning","floor":10},{"not_picked":["Force Field","Seek","Rebound"],"picked":"SKIP","floor":14},{"not_picked":["Reboot","Rainbow"],"picked":"Biased Cognition","floor":16},{"not_picked":["Gash","Fusion+1"],"picked":"Redo","floor":18},{"not_picked":["Gash","Tempest"],"picked":"Redo","floor":20},{"not_picked":["Recycle","Undo","Go for the Eyes"],"picked":"SKIP","floor":21}],"player_experience":309439,"relics_obtained":[{"floor":4,"key":"Mercury Hourglass"},{"floor":6,"key":"Shovel"},{"floor":9,"key":"Bottled Lightning"},{"floor":15,"key":"Centennial Puzzle"}],"event_choices":[{"damage_healed":0,"gold_gain":0,"player_choice":"Grow","damage_taken":0,"max_hp_gain":0,"max_hp_loss":0,"event_name":"Living Wall","floor":2,"gold_loss":0,"cards_upgraded":["Zap"]},{"damage_healed":0,"gold_gain":0,"player_choice":"Leave","damage_taken":0,"max_hp_gain":0,"max_hp_loss":0,"event_name":"The Cleric","floor":3,"gold_loss":0},{"damage_healed":0,"gold_gain":0,"cards_transformed":["Storm"],"player_choice":"Transformed","damage_taken":0,"max_hp_gain":0,"max_hp_loss":0,"event_name":"Transmorgrifier","floor":7,"gold_loss":0,"cards_obtained":["Glacier"]},{"damage_healed":0,"gold_gain":0,"player_choice":"Entered Light","damage_taken":15,"max_hp_gain":0,"max_hp_loss":0,"event_name":"Shining Light","floor":11,"gold_loss":0,"cards_upgraded":["Melter","Strike_B"]},{"damage_healed":0,"gold_gain":0,"player_choice":"Read","damage_taken":0,"max_hp_gain":0,"max_hp_loss":0,"event_name":"The Library","floor":19,"gold_loss":0,"cards_obtained":["Defragment"]},{"cards_removed":["Glacier"],"damage_healed":0,"gold_gain":0,"player_choice":"Gave Gold","damage_taken":0,"max_hp_gain":0,"max_hp_loss":0,"event_name":"Beggar","floor":22,"gold_loss":75}],"is_beta":false,"boss_relics":[{"not_picked":["Orrery","Runic Pyramid"],"picked":"Tiny House"}],"items_purged_floors":[],"is_endless":false,"potions_floor_spawned":[1,10,14,20],"killed_by":"Slavers","ascension_level":0}