{"gold_per_floor":[112,123,48,48,48,75,75,75,75,75,95,95,95,130,130,232,232,248,267,182,199,199,199,99,99,126,137,155,0,0,13,13,116,116,136,11,24,124,124,124,154,154,154,154,4,4,4,19,19,19],"floor_reached":51,"playtime":8906,"items_purged":["Dualcast","Strike_B","Strike_B+1","Self Repair+1"],"score":1014,"play_id":"00a790b6-d376-4fe8-a8c7-0b2860a33905","local_time":"20190226174245","is_ascension_mode":true,"campfire_choices":[{"data":"Go for the Eyes","floor":8.0,"key":"SMITH"},{"floor":15.0,"key":"REST"},{"floor":23,"key":"REST"},{"floor":25,"key":"RECALL"},{"floor":32,"key":"REST"},{"floor":40,"key":"REST"},{"floor":42,"key":"REST"},{"floor":44,"key":"REST"},{"floor":49,"key":"REST"}],"neow_cost":"NONE","seed_source_timestamp":88770105987528,"circlet_count":0,"master_deck":["AscendersBane","Defend_B+1","Hyperbeam+1","Rebound+1","Streamline","Go for the Eyes+1","Reprogram","Conserve Battery","Gash","Reboot","Echo Form","Beam Cell+1","Leap","Echo Form","Buffer","Scrape+1","Gash"],"special_seed":0,"relics":["Astrolabe","Mummified Hand","Question Card","Incense Burner","PreservedInsect","Fusion Hammer","Singing Bowl","Pen Nib","Lizard Tail","Nunchaku","Cables"],"potions_floor_usage":[41],"damage_taken":[{"damage":2.0,"enemies":"Jaw Worm","floor":1.0,"turns":3.0},{"damage":0.0,"enemies":"Small Slimes","floor":2.0,"turns":1.0},{"damage":20.0,"enemies":"Lagavulin","floor":6.0,"turns":4.0},{"damage":0.0,"enemies":"2 Louse","floor":11.0,"turns":1.0},{"damage":5.0,"enemies":"3 Sentries","floor":14.0,"turns":3.0},{"damage":3.0,"enemies":"The Guardian","floor":16.0,"turns":8.0},{"damage":0,"enemies":"Spheric Guardian","floor":18,"turns":2},{"damage":10,"enemies":"Shell Parasite","floor":19,"turns":4},{"damage":17,"enemies":"Snake Plant","floor":21,"turns":3},{"damage":12,"enemies":"Cultist and Chosen","floor":27,"turns":4},{"damage":0,"enemies":"3 Cultists","floor":28,"turns":3},{"damage":16,"enemies":"Centurion and Healer","floor":31,"turns":2},{"damage":2,"enemies":"Automaton","floor":33,"turns":6},{"damage":4,"enemies":"3 Shapes","floor":35,"turns":3},{"damage":0,"enemies":"Orb Walker","floor":37,"turns":1},{"damage":14,"enemies":"Mind Bloom Boss Battle","floor":38,"turns":6},{"damage":41,"enemies":"Nemesis","floor":41,"turns":5},{"damage":0,"enemies":"Jaw Worm Horde","floor":48,"turns":2},{"damage":55,"enemies":"Time Eater","floor":50,"turns":9}],"seed_played":"3873393990216361966","potions_obtained":[{"floor":2.0,"key":"GamblersBrew"},{"floor":6.0,"key":"FearPotion"},{"floor":16.0,"key":"FocusPotion"},{"floor":19,"key":"Energy Potion"},{"floor":27,"key":"Regen Potion"},{"floor":41,"key":"FearPotion"},{"floor":47,"key":"EntropicBrew"}],"is_trial":false,"path_per_floor":["M","M","$","?","?","E","$","R","T","?","M","?","?","E","R","B",null,"M","M","?","M","?","R","$","R","T","M","M","?","?","M","R","B",null,"M","$","M","?","?","R","E","R","T","R","$","?","?","M","R","B",null],"character_chosen":"DEFECT","items_purchased":[],"campfire_rested":7,"item_purchase_floors":[],"current_hp_per_floor":[75,75,75,80,80,70,70,70,70,54,64,64,52,57,80,80,80,80,80,80,75,75,82,82,82,82,80,84,84,84,70,86,86,86,88,88,88,90,90,90,76,92,92,92,92,87,87,87,87,32],"gold":19,"neow_bonus":"BOSS_RELIC","is_prod":false,"is_daily":false,"chose_seed":false,"campfire_upgraded":1,"win_rate":0,"timestamp":1551195765,"path_taken":["M","M","$","?","?","E","$","R","T","?","M","?","?","E","R","BOSS","M","M","?","M","?","R","$","R","T","M","M","?","?","M","R","BOSS","M","$","M","?","?","R","E","R","T","R","$","?","?","M","R","BOSS"],"build_version":"2019-01-23","purchased_purges":4,"victory":true,"max_hp_per_floor":[75,75,75,80,80,80,80,80,80,80,80,80,80,80,80,80,80,80,80,80,82,82,82,82,82,82,82,84,84,84,86,86,86,86,88,88,88,90,90,90,92,92,92,92,92,87,87,87,87,87],"card_choices":[{"not_picked":["Compile Driver","Steam"],"picked":"Streamline","floor":1.0},{"not_picked":["Double Energy","Compile Driver"],"picked":"Go for the Eyes","floor":2.0},{"not_picked":["Beam Cell","Recycle"],"picked":"Reprogram","floor":6.0},{"not_picked":["Ball Lightning","Thunder Strike","Go for the Eyes"],"picked":"Conserve Battery","floor":11.0},{"not_picked":["Go for the Eyes","Redo","Stack"],"picked":"Gash","floor":14.0},{"not_picked":["Meteor Strike","Multi-Cast","Seek"],"picked":"Reboot","floor":16.0},{"not_picked":["Hologram","Ball Lightning","Conserve Battery","Streamline"],"picked":"SKIP","floor":18},{"not_picked":["Static Discharge","Compile Driver","Reprogram","Storm"],"picked":"SKIP","floor":19},{"not_picked":["Streamline","Hologram+1","Fusion","Turbo"],"picked":"Singing Bowl","floor":21},{"not_picked":["Cold Snap","Loop+1","Ball Lightning"],"picked":"Beam Cell+1","floor":27},{"not_picked":["Redo+1","Conserve Battery","Reinforced Body","Sunder+1"],"picked":"Singing Bowl","floor":28},{"not_picked":["Steam","Coolheaded+1","Go for the Eyes","Turbo"],"picked":"Singing Bowl","floor":31},{"not_picked":["Thunder Strike","Biased Cognition","Electrodynamics"],"picked":"Buffer","floor":33},{"not_picked":["Go for the Eyes","Hologram+1","Beam Cell+1","Ball Lightning"],"picked":"Singing Bowl","floor":35},{"not_picked":["Stack","Conserve Battery","Redo+1"],"picked":"Scrape+1","floor":37},{"not_picked":["Streamline","Ball Lightning+1","Loop","Recycle+1"],"picked":"Singing Bowl","floor":38},{"not_picked":["Cold Snap","Ball Lightning","Reprogram+1","Conserve Battery"],"picked":"Singing Bowl","floor":41},{"not_picked":["Redo+1","Cold Snap+1","Echo Form"],"picked":"Gash","floor":48}],"player_experience":683678,"relics_obtained":[{"floor":6.0,"key":"Mummified Hand"},{"floor":9.0,"key":"Question Card"},{"floor":14.0,"key":"PreservedInsect"},{"floor":26,"key":"Pen Nib"},{"floor":38,"key":"Nunchaku"},{"floor":41,"key":"Cables"}],"event_choices":[{"damage_healed":0.0,"max_hp_gain":5.0,"max_hp_loss":0.0,"gold_gain":0.0,"event_name":"Big Fish","player_choice":"Donut","floor":4.0,"gold_loss":0.0,"damage_taken":0.0},{"damage_healed":0.0,"max_hp_gain":0.0,"max_hp_loss":0.0,"gold_gain":0.0,"event_name":"Liars Game","player_choice":"Ignored","floor":5.0,"gold_loss":0.0,"damage_taken":0.0},{"damage_healed":0.0,"max_hp_gain":0.0,"max_hp_loss":0.0,"gold_gain":0.0,"event_name":"Shining Light","player_choice":"Entered Light","floor":10.0,"gold_loss":0.0,"damage_taken":16.0,"cards_upgraded":["Strike_B","Defend_B"]},{"cards_removed":["Zap"],"damage_healed":0.0,"max_hp_gain":0.0,"max_hp_loss":0.0,"gold_gain":0.0,"event_name":"Living Wall","player_choice":"Forget","floor":12.0,"gold_loss":0.0,"damage_taken":0.0},{"damage_healed":0.0,"max_hp_gain":0.0,"max_hp_loss":0.0,"gold_gain":0.0,"event_name":"Scrap Ooze","player_choice":"Success","floor":13.0,"gold_loss":0.0,"damage_taken":12.0,"relics_obtained":["Incense Burner"]},{"damage_healed":0,"gold_gain":0,"player_choice":"Obtained Relic","damage_taken":0,"relics_obtained":["Singing Bowl"],"max_hp_gain":0,"max_hp_loss":0,"event_name":"Addict","floor":20,"gold_loss":85},{"damage_healed":0,"gold_gain":0,"player_choice":"Read","damage_taken":0,"max_hp_gain":0,"max_hp_loss":0,"event_name":"The Library","floor":22,"gold_loss":0,"cards_obtained":["Echo Form"]},{"damage_healed":0,"gold_gain":0,"player_choice":"Paid Fearfully","damage_taken":0,"max_hp_gain":0,"max_hp_loss":0,"event_name":"Masked Bandits","floor":29,"gold_loss":155},{"damage_healed":0,"gold_gain":0,"cards_transformed":["Defend_B","Defend_B"],"player_choice":"Became Test Subject","damage_taken":0,"max_hp_gain":0,"max_hp_loss":0,"event_name":"Drug Dealer","floor":30,"gold_loss":0,"cards_obtained":["Leap","Echo Form"]},{"damage_healed":0,"gold_gain":0,"player_choice":"Fight","damage_taken":0,"max_hp_gain":0,"max_hp_loss":0,"event_name":"MindBloom","floor":38,"gold_loss":0},{"damage_healed":0,"gold_gain":0,"player_choice":"Ignored","damage_taken":0,"max_hp_gain":0,"max_hp_loss":0,"event_name":"Mysterious Sphere","floor":39,"gold_loss":0},{"damage_healed":0,"gold_gain":0,"player_choice":"Max HP","damage_taken":0,"max_hp_gain":0,"max_hp_loss":5,"event_name":"Winding Halls","floor":46,"gold_loss":0},{"damage_healed":0,"gold_gain":0,"player_choice":"Got Potions","damage_taken":0,"max_hp_gain":0,"max_hp_loss":0,"event_name":"Lab","floor":47,"gold_loss":0}],"is_beta":false,"boss_relics":[{"not_picked":["Pandora\u0027s Box","Tiny House"],"picked":"Fusion Hammer"},{"not_picked":["Velvet Choker","Calling Bell"],"picked":"Lizard Tail"}],"items_purged_floors":[3,24,36,45],"is_endless":false,"potions_floor_spawned":[2,6,11,16,19,27,35,41],"ascension_level":11}