{"gold_per_floor":[109,109,124,25,25,25,57,69,81,93,105,133,159,191,203,319,331,361,373,399,430,442,454,493,505,541,553,596,127,452,472,472,569,569,579,589,589,616,26,26,55,55,55,72,92,92],"floor_reached":46,"playtime":45165,"items_purged":["Defend_G","Strike_G","Writhe"],"score":759,"play_id":"5bb6b14e-9414-4a6a-aff7-9927c9f72243","local_time":"20190510022354","is_ascension_mode":true,"campfire_choices":[{"data":"Cloak And Dagger","floor":6.0,"key":"SMITH"},{"floor":8.0,"key":"REST"},{"data":"Well Laid Plans","floor":11.0,"key":"SMITH"},{"data":"Deadly Poison","floor":15.0,"key":"SMITH"},{"floor":23.0,"key":"REST"},{"floor":25.0,"key":"REST"},{"data":"Bouncing Flask","floor":27.0,"key":"SMITH"},{"floor":32.0,"key":"REST"},{"floor":40.0,"key":"REST"},{"floor":42.0,"key":"REST"}],"neow_cost":"NONE","seed_source_timestamp":0,"circlet_count":0,"master_deck":["Defend_G","Defend_G","Defend_G","Defend_G","Strike_G+1","Survivor","Neutralize+1","Cloak And Dagger+1","Well Laid Plans+1","Flying Knee","Deadly Poison+1","Escape Plan","Doppelganger","Crippling Poison+1","Finisher+1","Bouncing Flask+1","Cloak And Dagger+1","Noxious Fumes","Disarm","Apotheosis","Tactician+1","Envenom+1","Masterful Stab+1","Backflip+1","Footwork","Leg Sweep","Leap+1","Madness","Panacea+1","Footwork"],"special_seed":0,"relics":["Eternal Feather","MawBank","Strawberry","Black Star","CultistMask","Tough Bandages","Question Card","Blood Vial","Gambling Chip","Smiling Mask","PrismaticShard","Bronze Scales","Old Coin","Oddly Smooth Stone","Astrolabe","Dream Catcher","Matryoshka","Omamori","Ancient Tea Set","Pen Nib","Calipers"],"potions_floor_usage":[],"damage_taken":[{"damage":4.0,"enemies":"Jaw Worm","floor":1.0,"turns":7.0},{"damage":2.0,"enemies":"Cultist","floor":3.0,"turns":4.0},{"damage":35.0,"enemies":"Gremlin Nob","floor":7.0,"turns":6.0},{"damage":0.0,"enemies":"Small Slimes","floor":12.0,"turns":3.0},{"damage":0.0,"enemies":"Exordium Thugs","floor":13.0,"turns":5.0},{"damage":2.0,"enemies":"3 Louse","floor":14.0,"turns":4.0},{"damage":20.0,"enemies":"Slime Boss","floor":16.0,"turns":13.0},{"damage":9.0,"enemies":"3 Byrds","floor":18.0,"turns":5.0},{"damage":26.0,"enemies":"Spheric Guardian","floor":20.0,"turns":8.0},{"damage":6.0,"enemies":"Snecko","floor":21.0,"turns":6.0},{"damage":32.0,"enemies":"Slavers","floor":24.0,"turns":7.0},{"damage":27.0,"enemies":"Book of Stabbing","floor":28.0,"turns":7.0},{"damage":33.0,"enemies":"Gremlin Leader","floor":30.0,"turns":7.0},{"damage":5.0,"enemies":"Snake Plant","floor":31.0,"turns":3.0},{"damage":51.0,"enemies":"Champ","floor":33.0,"turns":14.0},{"damage":29.0,"enemies":"3 Darklings","floor":35.0,"turns":8.0},{"damage":2.0,"enemies":"Orb Walker","floor":36.0,"turns":4.0},{"damage":53.0,"enemies":"Giant Head","floor":41.0,"turns":12.0},{"damage":9.0,"enemies":"3 Darklings","floor":44.0,"turns":6.0},{"damage":31,"enemies":"Sphere and 2 Shapes","floor":45,"turns":7},{"damage":34,"enemies":"Transient","floor":46,"turns":4}],"seed_played":"4535690204859220650","potions_obtained":[{"floor":7.0,"key":"GhostInAJar"},{"floor":12.0,"key":"Strength Potion"},{"floor":14.0,"key":"GamblersBrew"},{"floor":16.0,"key":"Dexterity Potion"},{"floor":20.0,"key":"Dexterity Potion"},{"floor":21.0,"key":"FearPotion"},{"floor":24.0,"key":"Dexterity Potion"},{"floor":33.0,"key":"Block Potion"},{"floor":35.0,"key":"Explosive Potion"},{"floor":36.0,"key":"Block Potion"},{"floor":41.0,"key":"Swift Potion"}],"is_trial":false,"path_per_floor":["M","?","M","$","?","R","E","R","T","?","R","M","M","M","R","B",null,"M","?","M","M","?","R","E","R","T","R","E","$","E","M","R","B",null,"M","M","?","T","$","R","E","R","T","M","M","M"],"character_chosen":"THE_SILENT","items_purchased":["Cloak And Dagger","PrismaticShard","Bronze Scales","Noxious Fumes","Footwork","Leg Sweep","Matryoshka","GhostInAJar","Swift Potion"],"campfire_rested":6,"item_purchase_floors":[4,29,29,29,39,39,39,39,39],"current_hp_per_floor":[59,64,62,62,47,53,18,46,53,53,59,59,59,57,66,46,73,64,64,38,32,32,68,36,72,72,82,55,55,24,21,57,8,64,37,37,58,58,58,82,29,68,68,61,32,0],"gold":92,"neow_bonus":"BOSS_RELIC","is_prod":false,"is_daily":false,"chose_seed":false,"campfire_upgraded":4,"win_rate":0,"timestamp":1557444234,"path_taken":["M","?","M","$","?","R","E","R","T","?","R","M","?","M","R","BOSS","M","?","M","?","?","R","E","R","T","R","E","?","E","M","R","BOSS","M","M","?","?","$","R","E","R","T","M","M","M"],"build_version":"2019-01-23","purchased_purges":3,"victory":false,"max_hp_per_floor":[70,75,75,75,75,75,75,75,82,82,82,82,82,82,82,82,82,82,82,82,82,82,82,82,82,82,82,82,82,82,82,82,82,82,82,82,82,82,82,82,82,82,82,82,82,82],"card_choices":[{"not_picked":["Prepared","Dodge and Roll","Bane"],"picked":"SKIP","floor":1.0},{"not_picked":["Reflex","Choke"],"picked":"Escape Plan","floor":3.0},{"not_picked":["Slice","Dagger Throw"],"picked":"Well Laid Plans","floor":7.0},{"not_picked":["Blade Dance","Acrobatics"],"picked":"Flying Knee","floor":12.0},{"not_picked":["Poisoned Stab","Dagger Throw"],"picked":"Deadly Poison","floor":13.0},{"not_picked":["Quick Slash","Unload"],"picked":"Escape Plan","floor":14.0},{"not_picked":["Glass Knife","Burst"],"picked":"Doppelganger","floor":16.0},{"not_picked":["Outmaneuver+1","Cloak And Dagger+1"],"picked":"Crippling Poison+1","floor":18.0},{"not_picked":["Dagger Spray","Bane"],"picked":"Finisher+1","floor":20.0},{"not_picked":["Expertise","Prepared"],"picked":"Bouncing Flask","floor":21.0},{"not_picked":["Night Terror","Prepared","Riddle With Holes"],"picked":"SKIP","floor":24.0},{"not_picked":["Setup","Poisoned Stab","Eviscerate"],"picked":"Cloak And Dagger+1","floor":28.0},{"not_picked":["Hello World","Turbo","Crippling Poison","Terror"],"picked":"SKIP","floor":30.0},{"not_picked":["Dagger Throw","Backflip","Armaments"],"picked":"Disarm","floor":31.0},{"not_picked":["Demon Form","Buffer","Unload"],"picked":"Apotheosis","floor":33.0},{"not_picked":["Turbo+1","Thunderclap","Sunder"],"picked":"Backflip+1","floor":35.0},{"not_picked":["Coolheaded","Bane+1","Recycle","Barrage+1"],"picked":"SKIP","floor":36.0},{"not_picked":["Slice","Sword Boomerang+1","Cleave"],"picked":"Leap+1","floor":40.0},{"not_picked":["PiercingWail","Discovery+1","Flechettes","Acrobatics"],"picked":"SKIP","floor":41.0},{"not_picked":["Second Wind+1","Hemokinesis+1","Perfected Strike+1"],"picked":"Madness","floor":42.0},{"not_picked":["Riddle With Holes","Bane","Searing Blow"],"picked":"Panacea+1","floor":44.0},{"not_picked":["Infinite Blades","Redo","Dagger Spray+1"],"picked":"Footwork","floor":45}],"player_experience":909694,"relics_obtained":[{"floor":7.0,"key":"MawBank"},{"floor":9.0,"key":"Strawberry"},{"floor":24.0,"key":"Tough Bandages"},{"floor":24.0,"key":"Question Card"},{"floor":26.0,"key":"Blood Vial"},{"floor":28.0,"key":"Gambling Chip"},{"floor":28.0,"key":"Smiling Mask"},{"floor":30.0,"key":"Old Coin"},{"floor":30.0,"key":"Oddly Smooth Stone"},{"floor":38.0,"key":"Dream Catcher"},{"floor":41.0,"key":"Omamori"},{"floor":41.0,"key":"Ancient Tea Set"},{"floor":43.0,"key":"Pen Nib"},{"floor":43.0,"key":"Calipers"}],"event_choices":[{"damage_healed":0.0,"max_hp_gain":5.0,"max_hp_loss":0.0,"gold_gain":0.0,"event_name":"Big Fish","player_choice":"Donut","floor":2.0,"gold_loss":0.0,"damage_taken":0.0},{"damage_healed":0.0,"max_hp_gain":0.0,"max_hp_loss":0.0,"gold_gain":0.0,"event_name":"Shining Light","player_choice":"Entered Light","floor":5.0,"gold_loss":0.0,"damage_taken":15.0,"cards_upgraded":["Neutralize","Strike_G"]},{"cards_removed":["Strike_G"],"damage_healed":0.0,"max_hp_gain":0.0,"max_hp_loss":0.0,"gold_gain":0.0,"event_name":"Purifier","player_choice":"Purged","floor":10.0,"gold_loss":0.0,"damage_taken":0.0},{"damage_healed":0.0,"max_hp_gain":0.0,"max_hp_loss":0.0,"gold_gain":0.0,"event_name":"FaceTrader","player_choice":"Trade","floor":19.0,"gold_loss":0.0,"damage_taken":0.0,"relics_obtained":["CultistMask"]},{"damage_healed":0.0,"max_hp_gain":0.0,"max_hp_loss":0.0,"gold_gain":0.0,"cards_transformed":["Strike_G"],"event_name":"Transmorgrifier","player_choice":"Transformed","floor":22.0,"gold_loss":0.0,"damage_taken":0.0,"cards_obtained":["Reflex"]},{"damage_healed":21.0,"max_hp_gain":0.0,"max_hp_loss":0.0,"gold_gain":0.0,"event_name":"Winding Halls","player_choice":"Writhe","floor":37.0,"gold_loss":0.0,"damage_taken":0.0,"cards_obtained":["Writhe"]}],"is_beta":false,"boss_relics":[{"not_picked":["Calling Bell","Lizard Tail"],"picked":"Black Star"},{"not_picked":["Philosopher\u0027s Stone","Orrery"],"picked":"Astrolabe"}],"items_purged_floors":[4,29,39],"is_endless":false,"potions_floor_spawned":[7,12,14,16,20,21,24,33,35,36,41],"killed_by":"Transient","ascension_level":9}