{"gold_per_floor":[218,218,64,64,82,82,157,169,169,182,201,201,201],"floor_reached":13,"playtime":243,"items_purged":[],"score":75,"play_id":"acdb738e-7fb4-4d7e-94e6-1ada2cc8e7ea","local_time":"20190508185839","is_ascension_mode":false,"campfire_choices":[{"data":"Outmaneuver","floor":6,"key":"SMITH"}],"neow_cost":"NONE","seed_source_timestamp":8155628045700,"circlet_count":0,"master_deck":["Defend_G","Defend_G","Defend_G","Defend_G","Defend_G","Strike_G","Strike_G","Strike_G","Strike_G","Strike_G","Survivor","Neutralize","Flying Knee+1","Regret","Outmaneuver+1","Distraction","Blade Dance","Slice"],"relics":["Ring of the Snake","Vajra","Centennial Puzzle","StoneCalendar","Golden Idol"],"potions_floor_usage":[13],"damage_taken":[{"damage":1,"enemies":"2 Louse","floor":1,"turns":4},{"damage":0,"enemies":"Jaw Worm","floor":5,"turns":3},{"damage":1,"enemies":"Cultist","floor":8,"turns":3},{"damage":16,"enemies":"Blue Slaver","floor":10,"turns":4},{"damage":14,"enemies":"Looter","floor":11,"turns":3},{"damage":22,"enemies":"Gremlin Nob","floor":13,"turns":3}],"seed_played":"-4558063450618769157","potions_obtained":[{"floor":11,"key":"SkillPotion"}],"is_trial":false,"path_per_floor":["M","?","$","?","M","R","?","M","T","M","M","?","E"],"character_chosen":"THE_SILENT","items_purchased":["Vajra"],"campfire_rested":0,"item_purchase_floors":[3],"current_hp_per_floor":[69,69,69,69,69,69,58,57,57,41,27,10,0],"gold":201,"neow_bonus":"HUNDRED_GOLD","is_prod":false,"is_daily":false,"chose_seed":false,"campfire_upgraded":1,"win_rate":0,"timestamp":1557331119,"path_taken":["M","?","$","?","M","R","?","M","T","M","M","?","E"],"build_version":"2019-01-23","purchased_purges":0,"victory":false,"max_hp_per_floor":[70,70,70,70,70,70,70,70,70,70,70,70,70],"card_choices":[{"not_picked":["Underhanded Strike","Cloak And Dagger"],"picked":"Flying Knee","floor":1},{"not_picked":["Footwork","Setup"],"picked":"Outmaneuver","floor":5},{"not_picked":["Reflex","Escape Plan"],"picked":"Distraction","floor":8},{"not_picked":["PiercingWail","Cloak And Dagger"],"picked":"Blade Dance","floor":10},{"not_picked":["Distraction","Prepared"],"picked":"Slice","floor":11}],"player_experience":307254,"relics_obtained":[{"floor":9,"key":"StoneCalendar"}],"event_choices":[{"damage_healed":0,"gold_gain":0,"player_choice":"Grow","damage_taken":0,"max_hp_gain":0,"max_hp_loss":0,"event_name":"Living Wall","floor":2,"gold_loss":0,"cards_upgraded":["Flying Knee"]},{"damage_healed":0,"gold_gain":0,"player_choice":"Box","damage_taken":0,"relics_obtained":["Centennial Puzzle"],"max_hp_gain":0,"max_hp_loss":0,"event_name":"Big Fish","floor":4,"gold_loss":0,"cards_obtained":["Regret"]},{"damage_healed":0,"gold_gain":75,"player_choice":"Gather Gold","damage_taken":11,"max_hp_gain":0,"max_hp_loss":0,"event_name":"World of Goop","floor":7,"gold_loss":0},{"damage_healed":0,"gold_gain":0,"player_choice":"Take Damage","damage_taken":17,"relics_obtained":["Golden Idol"],"max_hp_gain":0,"max_hp_loss":0,"event_name":"Golden Idol","floor":12,"gold_loss":0}],"is_beta":false,"boss_relics":[],"items_purged_floors":[],"is_endless":false,"potions_floor_spawned":[11],"killed_by":"Gremlin Nob","ascension_level":0}