{"gold_per_floor":[14,30,30,45,45,80,90,90,90,165,165,198,211,221,221,320,320,336,348,348,93,110,110,143,160,160,175,175,175,187,204,204,299,299,312,187,0,16,16,16,51,51,76,102,102,102,102,120,120,120],"floor_reached":51,"playtime":1879,"items_purged":["Strike_R"],"score":912,"play_id":"24432739-acb3-44e5-8e56-a00fa0d5a46d","local_time":"20190518191426","is_ascension_mode":false,"campfire_choices":[{"data":"Perfected Strike","floor":8.0,"key":"SMITH"},{"data":"Disarm","floor":11.0,"key":"SMITH"},{"data":"1","floor":15.0,"key":"LIFT"},{"data":"2","floor":23.0,"key":"LIFT"},{"floor":28.0,"key":"REST"},{"data":"3","floor":32.0,"key":"LIFT"},{"data":"Limit Break","floor":40.0,"key":"SMITH"},{"data":"Perfected Strike","floor":45.0,"key":"SMITH"},{"floor":47,"key":"DIG"},{"floor":49,"key":"DIG"}],"neow_cost":"NO_GOLD","seed_source_timestamp":0,"circlet_count":0,"master_deck":["Strike_R","Strike_R","Strike_R","Defend_R","Defend_R","Defend_R","Bash","Headbutt","Perfected Strike+1","Disarm+1","Inflame","Metallicize","Shrug It Off","Anger","Battle Trance","Offering","Rampage+1","Perfected Strike","Perfected Strike+1","Shrug It Off","Feel No Pain","Disarm","Cleave","True Grit+1","Whirlwind+1","Perfected Strike","Sentinel+1","Limit Break+1","Corruption+1","Shrug It Off","Ghostly Armor+1","Seeing Red+1","Twin Strike+1","HandOfGreed","Flame Barrier+1"],"special_seed":0,"relics":["Burning Blood","Nunchaku","StoneCalendar","Girya","Gremlin Horn","Snecko Eye","MutagenicStrength","Shovel","Frozen Egg 2","Kunai","Mark of Pain","Red Mask","Bag of Marbles","Bronze Scales","Question Card","Mummified Hand","Dodecahedron"],"potions_floor_usage":[50,50],"damage_taken":[{"damage":1.0,"enemies":"2 Louse","floor":1.0,"turns":3.0},{"damage":7.0,"enemies":"Small Slimes","floor":2.0,"turns":4.0},{"damage":1.0,"enemies":"Cultist","floor":4.0,"turns":3.0},{"damage":31.0,"enemies":"3 Sentries","floor":6.0,"turns":9.0},{"damage":6.0,"enemies":"2 Fungi Beasts","floor":7.0,"turns":3.0},{"damage":9.0,"enemies":"Lagavulin","floor":12.0,"turns":6.0},{"damage":12.0,"enemies":"Exordium Thugs","floor":13.0,"turns":5.0},{"damage":3.0,"enemies":"Gremlin Gang","floor":14.0,"turns":7.0},{"damage":14.0,"enemies":"The Guardian","floor":16.0,"turns":9.0},{"damage":10.0,"enemies":"2 Thieves","floor":18.0,"turns":4.0},{"damage":0.0,"enemies":"Shell Parasite","floor":19.0,"turns":2.0},{"damage":4.0,"enemies":"Cultist and Chosen","floor":22.0,"turns":4.0},{"damage":74.0,"enemies":"Slavers","floor":24.0,"turns":6.0},{"damage":6.0,"enemies":"3 Cultists","floor":25.0,"turns":3.0},{"damage":20.0,"enemies":"Centurion and Healer","floor":27.0,"turns":3.0},{"damage":7.0,"enemies":"Cultist and Chosen","floor":30.0,"turns":2.0},{"damage":0.0,"enemies":"Snecko","floor":31.0,"turns":3.0},{"damage":55.0,"enemies":"Collector","floor":33.0,"turns":6.0},{"damage":6.0,"enemies":"Orb Walker","floor":35.0,"turns":2.0},{"damage":0.0,"enemies":"3 Shapes","floor":38.0,"turns":4.0},{"damage":0.0,"enemies":"Nemesis","floor":41.0,"turns":3.0},{"damage":0.0,"enemies":"Reptomancer","floor":44.0,"turns":2.0},{"damage":0,"enemies":"3 Darklings","floor":48,"turns":2},{"damage":6,"enemies":"Donu and Deca","floor":50,"turns":2}],"seed_played":"6092245451268276805","potions_obtained":[{"floor":2.0,"key":"LiquidBronze"},{"floor":12.0,"key":"Regen Potion"},{"floor":13.0,"key":"Regen Potion"},{"floor":16.0,"key":"Swift Potion"},{"floor":27.0,"key":"BloodPotion"},{"floor":31.0,"key":"FearPotion"},{"floor":33.0,"key":"EssenceOfSteel"},{"floor":35.0,"key":"Weak Potion"}],"is_trial":false,"path_per_floor":["M","M","?","M","?","E","M","R","T","?","R","E","M","M","R","B",null,"M","M","?","$","M","R","E","M","T","M","R","?","M","M","R","B",null,"M","$","?","M","$","R","E","?","T","E","R","?","R","M","R","B",null],"character_chosen":"IRONCLAD","items_purchased":["Perfected Strike","Shrug It Off","Feel No Pain","Corruption+1","Shrug It Off"],"campfire_rested":1,"item_purchase_floors":[21,21,21,36,36],"current_hp_per_floor":[96,95,83,88,81,56,56,56,56,47,47,44,38,86,86,78,96,92,96,96,96,96,96,28,28,28,14,42,42,41,47,47,7,96,96,96,96,96,96,96,96,96,96,96,96,96,96,96,96,96],"gold":120,"neow_bonus":"TWENTY_PERCENT_HP_BONUS","is_prod":false,"is_daily":false,"chose_seed":false,"campfire_upgraded":4,"win_rate":1,"timestamp":1558232066,"path_taken":["M","M","?","M","?","E","M","R","T","?","R","E","?","M","R","BOSS","M","M","?","?","M","R","E","M","T","?","R","?","M","M","R","BOSS","M","$","?","M","?","R","E","?","T","E","R","?","R","M","R","BOSS"],"build_version":"2019-01-23","purchased_purges":1,"victory":true,"max_hp_per_floor":[96,96,96,96,96,96,96,96,96,96,96,96,96,96,96,96,96,96,96,96,96,96,96,96,96,96,96,96,96,96,96,96,96,96,96,96,96,96,96,96,96,96,96,96,96,96,96,96,96,96],"card_choices":[{"not_picked":["Clash","Dropkick"],"picked":"Headbutt","floor":1.0},{"not_picked":["Pommel Strike","Armaments"],"picked":"Perfected Strike","floor":2.0},{"not_picked":["Clash","Barricade"],"picked":"Disarm","floor":4.0},{"not_picked":["Anger","Heavy Blade"],"picked":"Inflame","floor":6.0},{"not_picked":["Warcry","Pummel"],"picked":"Metallicize","floor":7.0},{"not_picked":["True Grit","Anger"],"picked":"Shrug It Off","floor":12.0},{"not_picked":["Whirlwind","Warcry"],"picked":"Anger","floor":13.0},{"not_picked":["Burning Pact","Reckless Charge"],"picked":"Battle Trance","floor":14.0},{"not_picked":["Brutality","Juggernaut"],"picked":"Offering","floor":16.0},{"not_picked":["Anger","Warcry"],"picked":"Rampage+1","floor":18.0},{"not_picked":["Dropkick","Thunderclap"],"picked":"Perfected Strike","floor":19.0},{"not_picked":["Entrench","Heavy Blade"],"picked":"Disarm","floor":22.0},{"not_picked":["Clash","Offering"],"picked":"Cleave","floor":24.0},{"not_picked":["Headbutt","Dropkick+1"],"picked":"True Grit+1","floor":25.0},{"not_picked":["Intimidate","Searing Blow"],"picked":"Whirlwind+1","floor":27.0},{"not_picked":["Twin Strike+1","Sword Boomerang"],"picked":"Perfected Strike","floor":30.0},{"not_picked":["Rage+1","Headbutt+1"],"picked":"Sentinel+1","floor":31.0},{"not_picked":["Brutality+1","Fiend Fire"],"picked":"Limit Break","floor":33.0},{"not_picked":["Entrench","Thunderclap","Flex"],"picked":"SKIP","floor":35.0},{"not_picked":["Thunderclap","Pummel"],"picked":"Ghostly Armor+1","floor":38.0},{"not_picked":["Berserk+1","Thunderclap+1"],"picked":"Seeing Red+1","floor":41.0},{"not_picked":["Twin Strike+1","Dropkick","Fire Breathing+1"],"picked":"SKIP","floor":44.0},{"not_picked":["Dropkick","Fire Breathing+1"],"picked":"Twin Strike+1","floor":44.0},{"not_picked":["Transmutation","Sadistic Nature+1","Trip"],"picked":"HandOfGreed","floor":46.0},{"not_picked":["Havoc","Sword Boomerang","Heavy Blade+1"],"picked":"Flame Barrier+1","floor":48}],"player_experience":818146,"relics_obtained":[{"floor":6.0,"key":"StoneCalendar"},{"floor":9.0,"key":"Girya"},{"floor":12.0,"key":"Gremlin Horn"},{"floor":24.0,"key":"Shovel"},{"floor":26.0,"key":"Frozen Egg 2"},{"floor":29.0,"key":"Kunai"},{"floor":41.0,"key":"Bag of Marbles"},{"floor":43.0,"key":"Bronze Scales"},{"floor":44.0,"key":"Question Card"},{"floor":47,"key":"Mummified Hand"},{"floor":49,"key":"Dodecahedron"}],"event_choices":[{"damage_healed":0.0,"max_hp_gain":0.0,"max_hp_loss":0.0,"gold_gain":0.0,"event_name":"Scrap Ooze","player_choice":"Success","floor":3.0,"gold_loss":0.0,"damage_taken":12.0,"relics_obtained":["Nunchaku"]},{"cards_removed":["Defend_R"],"damage_healed":0.0,"max_hp_gain":0.0,"max_hp_loss":0.0,"gold_gain":0.0,"event_name":"Golden Wing","player_choice":"Card Removal","floor":5.0,"gold_loss":0.0,"damage_taken":7.0},{"damage_healed":0.0,"max_hp_gain":0.0,"max_hp_loss":0.0,"gold_gain":75.0,"event_name":"FaceTrader","player_choice":"Touch","floor":10.0,"gold_loss":0.0,"damage_taken":9.0},{"damage_healed":0.0,"max_hp_gain":0.0,"max_hp_loss":0.0,"gold_gain":0.0,"event_name":"Drug Dealer","player_choice":"Inject Mutagens","floor":20.0,"gold_loss":0.0,"damage_taken":0.0,"relics_obtained":["MutagenicStrength"]},{"damage_healed":0.0,"max_hp_gain":0.0,"max_hp_loss":0.0,"gold_gain":0.0,"event_name":"Wheel of Change","player_choice":"Relic","floor":29.0,"gold_loss":0.0,"damage_taken":0.0},{"damage_healed":0.0,"max_hp_gain":0.0,"max_hp_loss":0.0,"gold_gain":0.0,"event_name":"Tomb of Lord Red Mask","player_choice":"Paid","floor":37.0,"gold_loss":187.0,"damage_taken":0.0,"relics_obtained":["Red Mask"]},{"cards_removed":["Strike_R"],"damage_healed":0.0,"max_hp_gain":0.0,"max_hp_loss":0.0,"gold_gain":0.0,"event_name":"Falling","player_choice":"Removed Attack","floor":42.0,"gold_loss":0.0,"damage_taken":0.0},{"damage_healed":0.0,"max_hp_gain":0.0,"max_hp_loss":0.0,"gold_gain":0.0,"event_name":"SensoryStone","player_choice":"Memory 1","floor":46.0,"gold_loss":0.0,"damage_taken":0.0}],"is_beta":false,"boss_relics":[{"not_picked":["Runic Dome","Black Blood"],"picked":"Snecko Eye"},{"not_picked":["Pandora\u0027s Box","Runic Cube"],"picked":"Mark of Pain"}],"items_purged_floors":[21],"is_endless":false,"potions_floor_spawned":[2,12,13,16,27,31,33,35],"ascension_level":0}