{"gold_per_floor":[118,135,90,106,106,132,132,166,166,178,178,193,226,238,238,340,340,350,367,380,380,397,397,413,443,527,78,78,6,70,149,149,149],"floor_reached":33,"playtime":1600,"items_purged":["Strike_R+1"],"score":491,"play_id":"32447ffe-dc8b-40d4-9f28-2d90df9e2185","local_time":"20181220102914","is_ascension_mode":true,"campfire_choices":[{"data":"Armaments","floor":7,"key":"SMITH"},{"floor":11,"key":"REST"},{"data":"Whirlwind","floor":15,"key":"SMITH"},{"data":"Corruption","floor":23,"key":"SMITH"},{"floor":28,"key":"REST"},{"floor":32,"key":"REST"}],"neow_cost":"NONE","seed_source_timestamp":1333398873997,"circlet_count":0,"master_deck":["AscendersBane","Strike_R+1","Strike_R+1","Strike_R+1","Strike_R+1","Defend_R+1","Defend_R+1","Defend_R+1","Defend_R+1","Bash","Corruption+1","Headbutt","Armaments+1","Feel No Pain","True Grit","Burning Pact","Armaments","Sentinel","Whirlwind+1","Anger","Demon Form","Clothesline","Body Slam+1","True Grit","Spot Weakness","Reaper","Limit Break"],"relics":["Black Blood","Pen Nib","Mercury Hourglass","Happy Flower","Kunai","WingedGreaves","MawBank","Shuriken","Mummified Hand","Tiny Chest","Frozen Egg 2"],"potions_floor_usage":[6,13,16,20,25,30,33,33],"damage_taken":[{"damage":1,"enemies":"Cultist","floor":1,"turns":3},{"damage":8,"enemies":"2 Louse","floor":2,"turns":3},{"damage":1,"enemies":"Jaw Worm","floor":4,"turns":6},{"damage":28,"enemies":"Gremlin Nob","floor":6,"turns":4},{"damage":30,"enemies":"Lagavulin","floor":8,"turns":7},{"damage":12,"enemies":"Large Slime","floor":10,"turns":6},{"damage":6,"enemies":"Exordium Thugs","floor":12,"turns":6},{"damage":13,"enemies":"Gremlin Nob","floor":13,"turns":3},{"damage":4,"enemies":"Red Slaver","floor":14,"turns":3},{"damage":33,"enemies":"Slime Boss","floor":16,"turns":8},{"damage":0,"enemies":"Spheric Guardian","floor":18,"turns":1},{"damage":1,"enemies":"3 Byrds","floor":19,"turns":4},{"damage":14,"enemies":"Snake Plant","floor":20,"turns":3},{"damage":14,"enemies":"Snecko","floor":22,"turns":6},{"damage":46,"enemies":"Shelled Parasite and Fungi","floor":24,"turns":6},{"damage":21,"enemies":"Slavers","floor":25,"turns":2},{"damage":45,"enemies":"Book of Stabbing","floor":30,"turns":5},{"damage":74,"enemies":"Collector","floor":33,"turns":7}],"seed_played":"-5884602435324363370","potions_obtained":[{"floor":2,"key":"Weak Potion"},{"floor":5,"key":"Strength Potion"},{"floor":10,"key":"Explosive Potion"},{"floor":13,"key":"Strength Potion"},{"floor":14,"key":"PowerPotion"},{"floor":16,"key":"FearPotion"},{"floor":22,"key":"PowerPotion"},{"floor":25,"key":"Dexterity Potion"},{"floor":30,"key":"EssenceOfSteel"}],"is_trial":false,"path_per_floor":["M","M","$","M","?","E","R","E","T","M","R","M","E","M","R","B",null,"M","M","M","?","M","R","M","E","T","$","R","$","E","T","R","B"],"character_chosen":"IRONCLAD","items_purchased":["Armaments","Mummified Hand","Reaper","Limit Break"],"campfire_rested":3,"item_purchase_floors":[3,27,27,29],"current_hp_per_floor":[77,75,75,80,80,58,58,34,34,28,52,52,45,47,47,20,65,75,80,76,76,72,72,36,25,25,25,49,49,27,27,51,0],"gold":149,"neow_bonus":"RANDOM_COMMON_RELIC","is_prod":false,"is_daily":false,"chose_seed":false,"campfire_upgraded":3,"win_rate":0,"timestamp":1545319754,"path_taken":["M","M","$","?","?","E","R","E","T","M","R","M","E","?","R","BOSS","M","M","?","?","M","R","M","E","T","$","R","$","E","?","R","BOSS"],"build_version":"2018-12-13","purchased_purges":1,"victory":false,"max_hp_per_floor":[80,80,80,80,80,80,80,80,80,80,80,80,80,80,80,80,80,80,80,80,80,80,80,80,80,80,80,80,80,80,80,80,80],"card_choices":[{"not_picked":["Twin Strike","Burning Pact"],"picked":"Corruption","floor":1},{"not_picked":["Warcry","Body Slam"],"picked":"Headbutt","floor":2},{"not_picked":["Shrug It Off","Seeing Red"],"picked":"Feel No Pain","floor":4},{"not_picked":["Bludgeon","Warcry"],"picked":"True Grit","floor":6},{"not_picked":["Intimidate","True Grit"],"picked":"Burning Pact","floor":8},{"not_picked":["True Grit","Clash"],"picked":"Armaments","floor":10},{"not_picked":["Body Slam","Ghostly Armor"],"picked":"Sentinel","floor":12},{"not_picked":["Feel No Pain","Fire Breathing"],"picked":"Whirlwind","floor":13},{"not_picked":["Clash","Sword Boomerang"],"picked":"Anger","floor":14},{"not_picked":["Fiend Fire","Double Tap"],"picked":"Demon Form","floor":16},{"not_picked":["Clash","Cleave+1","Perfected Strike"],"picked":"SKIP","floor":18},{"not_picked":["Clash+1","Power Through"],"picked":"Clothesline","floor":19},{"not_picked":["Iron Wave","Spot Weakness"],"picked":"Body Slam+1","floor":20},{"not_picked":["Anger","Cleave+1"],"picked":"True Grit","floor":22},{"not_picked":["Second Wind","Carnage","Clothesline"],"picked":"SKIP","floor":24},{"not_picked":["Rage","Wild Strike"],"picked":"Spot Weakness","floor":25},{"not_picked":["Whirlwind","Headbutt+1","Infernal Blade"],"picked":"SKIP","floor":30}],"player_experience":347169,"relics_obtained":[{"floor":6,"key":"Mercury Hourglass"},{"floor":8,"key":"Happy Flower"},{"floor":9,"key":"Kunai"},{"floor":13,"key":"WingedGreaves"},{"floor":25,"key":"MawBank"},{"floor":26,"key":"Shuriken"},{"floor":30,"key":"Tiny Chest"},{"floor":31,"key":"Frozen Egg 2"}],"event_choices":[{"damage_healed":0,"gold_gain":0,"player_choice":"Got Potions","damage_taken":0,"max_hp_gain":0,"max_hp_loss":0,"event_name":"Lab","floor":5,"gold_loss":0},{"damage_healed":0,"gold_gain":0,"player_choice":"Simplicity","damage_taken":0,"max_hp_gain":0,"max_hp_loss":0,"event_name":"Back to Basics","floor":21,"gold_loss":0,"cards_upgraded":["Strike_R","Strike_R","Strike_R","Strike_R","Strike_R","Defend_R","Defend_R","Defend_R","Defend_R"]}],"is_beta":false,"boss_relics":[{"not_picked":["Eternal Feather","Calling Bell"],"picked":"Black Blood"}],"items_purged_floors":[27],"is_endless":false,"potions_floor_spawned":[2,10,13,14,16,18,22,25,30],"killed_by":"Collector","ascension_level":12}