{"gold_per_floor":[116,116,216,19,38,69,69,104,176,176,189,189,189,57,57,162,162,181,6,22,121,121,121,121],"floor_reached":24,"playtime":1744,"items_purged":["Survivor"],"score":295,"play_id":"869fb870-e986-4e95-af91-b194ccfcd603","local_time":"20190208011322","is_ascension_mode":true,"campfire_choices":[{"floor":7,"key":"REST"},{"floor":10,"key":"REST"},{"floor":13,"key":"REST"},{"floor":15,"key":"REST"},{"floor":23,"key":"REST"}],"neow_cost":"NONE","seed_source_timestamp":90566144875813,"circlet_count":0,"master_deck":["Defend_G","Defend_G","Defend_G","Defend_G","Defend_G","Neutralize","Deadly Poison","Caltrops","Poisoned Stab","Crippling Poison","Caltrops","Predator","PiercingWail+1","Quick Slash","Jack Of All Trades+1","Glass Knife","Skewer+1","Noxious Fumes","Finesse+1","Tactician+1","Bite","Bite","Bite","Bite","Bite"],"special_seed":0,"relics":["HoveringKite","Pen Nib","Toxic Egg 2","Black Star"],"potions_floor_usage":[6,16,20],"damage_taken":[{"damage":1.0,"enemies":"Small Slimes","floor":1.0,"turns":5.0},{"damage":1,"enemies":"2 Louse","floor":5,"turns":3},{"damage":20,"enemies":"Lagavulin","floor":6,"turns":7},{"damage":50,"enemies":"3 Sentries","floor":8,"turns":9},{"damage":7,"enemies":"Cultist","floor":11,"turns":3},{"damage":13,"enemies":"Hexaghost","floor":16,"turns":9},{"damage":28,"enemies":"3 Byrds","floor":18,"turns":4},{"damage":4,"enemies":"Spheric Guardian","floor":20,"turns":4},{"damage":57,"enemies":"Slavers","floor":24,"turns":4}],"seed_played":"-4962814892928211967","potions_obtained":[{"floor":1.0,"key":"Weak Potion"},{"floor":6,"key":"FearPotion"},{"floor":11,"key":"FearPotion"},{"floor":18,"key":"GhostInAJar"}],"is_trial":false,"path_per_floor":["M","?","?","$","M","E","R","E","T","R","M","?","R","$","R","B",null,"M","$","M","?","?","R","E"],"character_chosen":"THE_SILENT","items_purchased":["Caltrops","Poisoned Stab","Quick Slash","Jack Of All Trades+1","Noxious Fumes","Finesse+1"],"campfire_rested":5,"item_purchase_floors":[4,4,14,14,19,19],"current_hp_per_floor":[62,62,62,62,61,41,62,12,12,33,26,26,47,47,68,55,66,38,38,34,34,34,48,0],"gold":121,"neow_bonus":"BOSS_RELIC","is_prod":false,"is_daily":false,"chose_seed":false,"campfire_upgraded":0,"win_rate":0,"timestamp":1549581202,"path_taken":["M","?","?","$","M","E","R","E","T","R","?","?","R","?","R","BOSS","M","$","M","?","?","R","E"],"build_version":"2019-01-23","purchased_purges":1,"victory":false,"max_hp_per_floor":[70,70,70,70,70,70,70,70,70,70,70,70,70,70,70,70,70,70,70,70,70,49,49,49],"card_choices":[{"not_picked":["All Out Attack","PiercingWail"],"picked":"Deadly Poison","floor":1.0},{"not_picked":["Outmaneuver","Dagger Throw"],"picked":"Crippling Poison","floor":5},{"not_picked":["Sucker Punch","Deflect"],"picked":"Caltrops","floor":6},{"not_picked":["Dagger Throw","Poisoned Stab"],"picked":"Predator","floor":8},{"not_picked":["Slice","Cloak And Dagger+1"],"picked":"PiercingWail+1","floor":11},{"not_picked":["Bullet Time+1","Wraith Form v2"],"picked":"Glass Knife","floor":16},{"not_picked":["Quick Slash","Cloak And Dagger+1"],"picked":"Skewer+1","floor":18},{"not_picked":["Riddle With Holes","Poisoned Stab"],"picked":"Tactician+1","floor":20}],"player_experience":566388,"relics_obtained":[{"floor":6,"key":"Pen Nib"},{"floor":8,"key":"Toxic Egg 2"}],"event_choices":[{"damage_healed":0,"gold_gain":0,"player_choice":"Fled","damage_taken":0,"max_hp_gain":0,"max_hp_loss":0,"event_name":"Scrap Ooze","floor":2,"gold_loss":0},{"damage_healed":0,"gold_gain":100,"player_choice":"Gold","damage_taken":0,"max_hp_gain":0,"max_hp_loss":0,"event_name":"Wheel of Change","floor":3,"gold_loss":0},{"damage_healed":0,"gold_gain":0,"player_choice":"Ignored","damage_taken":0,"max_hp_gain":0,"max_hp_loss":0,"event_name":"Liars Game","floor":12,"gold_loss":0},{"damage_healed":0,"gold_gain":99,"player_choice":"Stole From Cult","damage_taken":0,"max_hp_gain":0,"max_hp_loss":0,"event_name":"Nest","floor":21,"gold_loss":0},{"damage_healed":0,"gold_gain":0,"player_choice":"Became a vampire","damage_taken":0,"max_hp_gain":0,"max_hp_loss":21,"event_name":"Vampires","floor":22,"gold_loss":0,"cards_obtained":["Bite","Bite","Bite","Bite","Bite"]}],"is_beta":false,"boss_relics":[{"not_picked":["Tiny House","Calling Bell"],"picked":"Black Star"}],"items_purged_floors":[4],"is_endless":false,"potions_floor_spawned":[1,6,11,18],"killed_by":"Slavers","ascension_level":7}