{"gold_per_floor":[116,129,141,16,28,56,56,85,85,117,117,145,145,95,95,193,193,205,205,205,221,236,236,264,264,290,8,23,40,73,84,84,187,187,205,305,316,13,13,13,13,39,39,39,56,72,92,58,58,58],"floor_reached":51,"playtime":11740,"items_purged":["Pain"],"score":756,"play_id":"16826b0f-98d7-4d59-a800-6ee06390e85e","local_time":"20181117214718","is_ascension_mode":true,"campfire_choices":[{"data":"Demon Form","floor":11,"key":"SMITH"},{"data":"Pommel Strike","floor":15,"key":"SMITH"},{"data":"Limit Break","floor":23,"key":"SMITH"},{"floor":25,"key":"REST"},{"floor":32,"key":"REST"},{"data":"J.A.X.","floor":40,"key":"SMITH"},{"data":"Battle Trance","floor":44,"key":"SMITH"},{"floor":49,"key":"REST"}],"neow_cost":"CURSE","seed_source_timestamp":176969872552070,"circlet_count":0,"master_deck":["Strike_R+1","Strike_R+1","Strike_R+1","Strike_R+1","Defend_R+1","Defend_R+1","Defend_R+1","Defend_R+1","Bash","Armaments","Sword Boomerang","Feel No Pain","Shrug It Off","Shockwave","Pommel Strike+1","Demon Form+1","Twin Strike","Cleave","Limit Break+1","J.A.X.+1","Battle Trance+1","Warcry","Heavy Blade+1","Secret Technique","Pommel Strike+1","Pummel+1"],"relics":["Burning Blood","Pocketwatch","Ginger","Bag of Preparation","Champion Belt","Ornamental Fan","Shuriken","StoneCalendar","Busted Crown","Darkstone Periapt","Bag of Marbles","Paper Frog","Frozen Egg 2","Snecko Eye","Torii","Turnip","Omamori","Molten Egg 2"],"potions_floor_usage":[10,33,50,50,50,50,50,50],"damage_taken":[{"damage":4,"enemies":"2 Louse","floor":1,"turns":2},{"damage":6,"enemies":"Small Slimes","floor":2,"turns":4},{"damage":6,"enemies":"Jaw Worm","floor":3,"turns":4},{"damage":9,"enemies":"Blue Slaver","floor":5,"turns":4},{"damage":19,"enemies":"Gremlin Nob","floor":6,"turns":4},{"damage":19,"enemies":"3 Sentries","floor":8,"turns":8},{"damage":18,"enemies":"Lagavulin","floor":10,"turns":5},{"damage":20,"enemies":"Gremlin Nob","floor":12,"turns":4},{"damage":35,"enemies":"Hexaghost","floor":16,"turns":6},{"damage":11,"enemies":"3 Byrds","floor":18,"turns":4},{"damage":13,"enemies":"2 Thieves","floor":21,"turns":3},{"damage":21,"enemies":"Sentry and Sphere","floor":22,"turns":4},{"damage":18,"enemies":"Gremlin Leader","floor":24,"turns":4},{"damage":10,"enemies":"Snake Plant","floor":28,"turns":3},{"damage":3,"enemies":"Chosen and Byrds","floor":29,"turns":3},{"damage":29,"enemies":"Slavers","floor":30,"turns":4},{"damage":3,"enemies":"3 Cultists","floor":31,"turns":3},{"damage":57,"enemies":"Collector","floor":33,"turns":6},{"damage":25,"enemies":"3 Darklings","floor":35,"turns":4},{"damage":7,"enemies":"Mind Bloom Boss Battle","floor":36,"turns":5},{"damage":10,"enemies":"3 Shapes","floor":37,"turns":3},{"damage":10,"enemies":"Reptomancer","floor":42,"turns":3},{"damage":16,"enemies":"Sphere and 2 Shapes","floor":45,"turns":6},{"damage":11,"enemies":"Jaw Worm Horde","floor":46,"turns":3},{"damage":1,"enemies":"4 Shapes","floor":47,"turns":3},{"damage":32,"enemies":"Awakened One","floor":50,"turns":6}],"seed_played":"-8778929645786815462","potions_obtained":[{"floor":1,"key":"SteroidPotion"},{"floor":2,"key":"Ancient Potion"},{"floor":6,"key":"Dexterity Potion"},{"floor":16,"key":"Regen Potion"},{"floor":18,"key":"EntropicBrew"},{"floor":35,"key":"FearPotion"}],"is_trial":false,"path_per_floor":["M","M","M","$","M","E","?","E","T","E","R","E","?","?","R","B",null,"M","?","?","M","M","R","E","R","T","$","M","M","E","M","R","B",null,"M","?","M","$","?","R","?","E","T","R","M","M","M","$","R","B",null],"character_chosen":"IRONCLAD","items_purchased":["Shrug It Off","Paper Frog","Battle Trance","Turnip","Pummel+1"],"campfire_rested":3,"item_purchase_floors":[4,27,27,38,48],"current_hp_per_floor":[80,80,80,80,77,64,64,51,51,39,39,25,51,51,51,22,80,75,75,75,68,53,53,41,65,65,65,61,64,41,44,68,29,80,61,60,56,56,56,56,56,52,52,52,42,37,42,42,66,40],"gold":58,"neow_bonus":"ONE_RARE_RELIC","is_prod":false,"is_daily":false,"chose_seed":false,"campfire_upgraded":5,"win_rate":0,"timestamp":1542509238,"path_taken":["M","M","M","$","M","E","?","E","T","E","R","E","?","?","R","BOSS","M","?","?","M","M","R","E","R","T","$","M","M","E","M","R","BOSS","M","?","M","$","?","R","?","E","T","R","M","M","M","?","R","BOSS"],"build_version":"2018-11-15","purchased_purges":1,"victory":true,"max_hp_per_floor":[80,80,80,80,80,80,80,80,80,80,80,80,80,80,80,80,80,80,80,80,80,80,80,80,80,80,80,80,80,80,80,80,80,80,80,80,80,80,80,80,80,80,80,80,80,80,80,80,80,80],"card_choices":[{"not_picked":["Searing Blow","Seeing Red"],"picked":"Armaments","floor":1},{"not_picked":["Carnage","Feel No Pain"],"picked":"Sword Boomerang","floor":2},{"not_picked":["Evolve","Thunderclap"],"picked":"Feel No Pain","floor":3},{"not_picked":["Clash","Warcry"],"picked":"Shockwave","floor":5},{"not_picked":["Fire Breathing","Shockwave"],"picked":"Pommel Strike","floor":6},{"not_picked":["Searing Blow","Combust"],"picked":"Demon Form","floor":8},{"not_picked":["Thunderclap","Heavy Blade"],"picked":"Twin Strike","floor":10},{"not_picked":["Anger","Ghostly Armor"],"picked":"Cleave","floor":12},{"not_picked":["Barricade","Berserk"],"picked":"Limit Break","floor":16},{"not_picked":["Pommel Strike"],"picked":"SKIP","floor":18},{"not_picked":["Evolve+1"],"picked":"SKIP","floor":21},{"not_picked":["Thunderclap"],"picked":"SKIP","floor":22},{"not_picked":["Intimidate+1"],"picked":"SKIP","floor":24},{"not_picked":["Power Through+1"],"picked":"SKIP","floor":28},{"not_picked":["Perfected Strike"],"picked":"SKIP","floor":29},{"not_picked":["Pommel Strike"],"picked":"SKIP","floor":30},{"not_picked":[],"picked":"Warcry","floor":31},{"not_picked":[],"picked":"Heavy Blade+1","floor":35},{"not_picked":["Anger"],"picked":"SKIP","floor":37},{"not_picked":[],"picked":"Secret Technique","floor":39},{"not_picked":["Havoc"],"picked":"SKIP","floor":42},{"not_picked":[],"picked":"Pommel Strike+1","floor":45},{"not_picked":["Seeing Red"],"picked":"SKIP","floor":46},{"not_picked":["Shockwave+1"],"picked":"SKIP","floor":47}],"player_experience":161128,"relics_obtained":[{"floor":6,"key":"Ginger"},{"floor":8,"key":"Champion Belt"},{"floor":9,"key":"Ornamental Fan"},{"floor":10,"key":"Shuriken"},{"floor":12,"key":"StoneCalendar"},{"floor":24,"key":"Darkstone Periapt"},{"floor":26,"key":"Bag of Marbles"},{"floor":30,"key":"Frozen Egg 2"},{"floor":36,"key":"Torii"},{"floor":42,"key":"Omamori"},{"floor":43,"key":"Molten Egg 2"}],"event_choices":[{"damage_healed":0,"gold_gain":0,"player_choice":"Searched \u00271\u0027 times","damage_taken":0,"relics_obtained":["Bag of Preparation"],"max_hp_gain":0,"max_hp_loss":0,"event_name":"Dead Adventurer","floor":7,"gold_loss":0},{"damage_healed":26,"gold_gain":0,"player_choice":"Banana","damage_taken":0,"max_hp_gain":0,"max_hp_loss":0,"event_name":"Big Fish","floor":13,"gold_loss":0},{"cards_removed":["Strike_R"],"damage_healed":0,"gold_gain":0,"player_choice":"Card Removal","damage_taken":0,"max_hp_gain":0,"max_hp_loss":0,"event_name":"The Cleric","floor":14,"gold_loss":50},{"damage_healed":0,"gold_gain":0,"player_choice":"Obtain J.A.X.","damage_taken":0,"max_hp_gain":0,"max_hp_loss":0,"event_name":"Drug Dealer","floor":19,"gold_loss":0,"cards_obtained":["J.A.X."]},{"damage_healed":0,"gold_gain":0,"player_choice":"Simplicity","damage_taken":0,"max_hp_gain":0,"max_hp_loss":0,"event_name":"Back to Basics","floor":20,"gold_loss":0,"cards_upgraded":["Strike_R","Strike_R","Strike_R","Strike_R","Defend_R","Defend_R","Defend_R","Defend_R"]},{"damage_healed":0,"gold_gain":0,"player_choice":"Fight","damage_taken":0,"max_hp_gain":0,"max_hp_loss":0,"event_name":"MindBloom","floor":36,"gold_loss":0},{"damage_healed":0,"gold_gain":0,"player_choice":"Memory 1","damage_taken":0,"max_hp_gain":0,"max_hp_loss":0,"event_name":"SensoryStone","floor":39,"gold_loss":0},{"damage_healed":0,"gold_gain":0,"player_choice":"Ignored","damage_taken":0,"max_hp_gain":0,"max_hp_loss":0,"event_name":"Mysterious Sphere","floor":41,"gold_loss":0}],"is_beta":false,"boss_relics":[{"not_picked":["Calling Bell","Astrolabe"],"picked":"Busted Crown"},{"not_picked":["Runic Cube","White Beast Statue"],"picked":"Snecko Eye"}],"items_purged_floors":[4],"is_endless":false,"potions_floor_spawned":[1,2,6,16,18,24,29,30,31,35,45,46],"ascension_level":1}