{"gold_per_floor":[109,74,50,66,85,119,119,119,119,129,2,57,57,20,20,20],"floor_reached":16,"playtime":542,"items_purged":["Strike_R"],"score":205,"play_id":"3081c135-aa00-4946-a3f6-632e0cfd4ec9","local_time":"20190227155109","is_ascension_mode":true,"campfire_choices":[{"data":"Bash","floor":8.0,"key":"SMITH"},{"data":"Whirlwind","floor":13.0,"key":"SMITH"},{"data":"True Grit","floor":15.0,"key":"SMITH"}],"neow_cost":"PERCENT_DAMAGE","seed_source_timestamp":103570343136906,"circlet_count":0,"master_deck":["AscendersBane","Strike_R","Strike_R","Strike_R","Strike_R","Defend_R","Defend_R","Defend_R","Defend_R","Bash+1","Headbutt","Shrug It Off","Sword Boomerang","Carnage","Whirlwind+1","True Grit+1","Shrug It Off","Combust","Corruption"],"special_seed":0,"relics":["Burning Blood","Blue Candle","Ginger","Tiny Chest"],"potions_floor_usage":[],"damage_taken":[{"damage":14.0,"enemies":"Jaw Worm","floor":1.0,"turns":5.0},{"damage":6.0,"enemies":"2 Louse","floor":4.0,"turns":4.0},{"damage":0.0,"enemies":"Cultist","floor":5.0,"turns":3.0},{"damage":32.0,"enemies":"Gremlin Nob","floor":6.0,"turns":4.0},{"damage":7.0,"enemies":"3 Louse","floor":10.0,"turns":2.0},{"damage":30.0,"enemies":"Lagavulin","floor":12.0,"turns":5.0},{"damage":21,"enemies":"Hexaghost","floor":16,"turns":9}],"seed_played":"-8919622878692405366","potions_obtained":[{"floor":1.0,"key":"SkillPotion"},{"floor":5.0,"key":"SpeedPotion"},{"floor":6.0,"key":"Poison Potion"}],"is_trial":false,"path_per_floor":["M","?","$","M","M","E","?","R","T","M","$","E","R","$","R","B"],"character_chosen":"IRONCLAD","items_purchased":["Shrug It Off","Shrug It Off","Corruption"],"campfire_rested":0,"item_purchase_floors":[3,11,14],"current_hp_per_floor":[56,78,78,78,84,58,45,45,45,44,44,20,20,20,20,0],"gold":20,"neow_bonus":"TWENTY_PERCENT_HP_BONUS","is_prod":false,"is_daily":false,"chose_seed":false,"campfire_upgraded":3,"win_rate":0,"timestamp":1551300669,"path_taken":["M","?","?","M","M","E","?","R","T","M","$","E","R","$","R","BOSS"],"build_version":"2019-01-23","purchased_purges":1,"victory":false,"max_hp_per_floor":[89,89,89,89,89,89,89,89,89,89,89,89,89,89,89,89],"card_choices":[{"not_picked":["Infernal Blade","Flex"],"picked":"Headbutt","floor":1.0},{"not_picked":["Seeing Red","Dual Wield"],"picked":"Sword Boomerang","floor":4.0},{"not_picked":["Whirlwind","Clothesline"],"picked":"Carnage","floor":5.0},{"not_picked":["Clothesline","Pommel Strike"],"picked":"Whirlwind","floor":6.0},{"not_picked":["Clothesline","Clash"],"picked":"True Grit","floor":10.0},{"not_picked":["Iron Wave","Carnage"],"picked":"Combust","floor":12.0}],"player_experience":438735,"relics_obtained":[{"floor":6.0,"key":"Blue Candle"},{"floor":9.0,"key":"Ginger"},{"floor":12.0,"key":"Tiny Chest"}],"event_choices":[{"damage_healed":22.0,"max_hp_gain":0.0,"max_hp_loss":0.0,"gold_gain":0.0,"event_name":"The Cleric","player_choice":"Healed","floor":2.0,"gold_loss":35.0,"damage_taken":0.0},{"damage_healed":0.0,"max_hp_gain":0.0,"max_hp_loss":0.0,"gold_gain":0.0,"event_name":"Wheel of Change","player_choice":"Damaged","floor":7.0,"gold_loss":0.0,"damage_taken":13.0}],"is_beta":false,"boss_relics":[],"items_purged_floors":[11],"is_endless":false,"potions_floor_spawned":[1,5,6],"killed_by":"Hexaghost","ascension_level":18}