{"gold_per_floor":[359,370,389,407,582,582,609,2,2,14,30,30,43,76,76,174,174,189,104,124,124,141,168,168,198,198,229,247,247,48,58,58,162,162,172,272,291,291,305,333,333,359,359,359,371,371,385,399,399,399,399,399,1,36,36],"floor_reached":56,"playtime":2834,"items_purged":["Doubt","Strike_R","Strike_R"],"score":1492,"play_id":"439cea82-edad-4542-b7e9-acab142409e9","local_time":"20181126142701","is_ascension_mode":true,"campfire_choices":[{"data":"Whirlwind","floor":6,"key":"SMITH"},{"data":"Bash","floor":15,"key":"SMITH"},{"floor":24,"key":"DIG"},{"data":"Feel No Pain","floor":29,"key":"SMITH"},{"data":"Demon Form","floor":32,"key":"SMITH"},{"data":"True Grit","floor":41,"key":"SMITH"},{"floor":44,"key":"DIG"},{"floor":46,"key":"DIG"},{"floor":49,"key":"RECALL"},{"data":"Shockwave","floor":52,"key":"SMITH"}],"neow_cost":"TEN_PERCENT_HP_LOSS","seed_source_timestamp":313852814346808,"circlet_count":0,"master_deck":["Strike_R","Strike_R","Strike_R+1","Defend_R+1","Defend_R","Defend_R","Defend_R","Bash+1","Shockwave+1","Whirlwind+1","Havoc","Thunderclap","Disarm+1","Corruption","Clothesline","True Grit+1","Twin Strike","Iron Wave","Fiend Fire+1","Sentinel+1","Burning Pact","Impervious","Shrug It Off","Demon Form+1","Inflame","Fiend Fire+1","Feel No Pain+1","True Grit+1","Spot Weakness+1","Pommel Strike+1","Fiend Fire+1","Shrug It Off+1","Shrug It Off+1","Armaments+1","Disarm+1","Ghostly Armor+1","Juggernaut","Power Through+1","Uppercut+1","Heavy Blade+1"],"relics":["Burning Blood","Dodecahedron","Medical Kit","Shovel","Pear","Ornamental Fan","Snecko Eye","Blue Candle","Whetstone","Toxic Egg 2","Magic Flower","Molten Egg 2","Regal Pillow","Busted Crown","Thread and Needle","Omamori","Potion Belt","Matryoshka","Pocketwatch","War Paint"],"potions_floor_usage":[7,14,16,16,39,55,55,55,55,55],"damage_taken":[{"damage":6,"enemies":"Cultist","floor":1,"turns":3},{"damage":5,"enemies":"Small Slimes","floor":2,"turns":3},{"damage":0,"enemies":"2 Louse","floor":3,"turns":1},{"damage":13,"enemies":"2 Fungi Beasts","floor":4,"turns":3},{"damage":24,"enemies":"Gremlin Nob","floor":7,"turns":5},{"damage":6,"enemies":"3 Louse","floor":10,"turns":3},{"damage":0,"enemies":"Lots of Slimes","floor":11,"turns":1},{"damage":23,"enemies":"Exordium Thugs","floor":13,"turns":4},{"damage":15,"enemies":"3 Sentries","floor":14,"turns":5},{"damage":25,"enemies":"Hexaghost","floor":16,"turns":11},{"damage":11,"enemies":"2 Thieves","floor":18,"turns":3},{"damage":0,"enemies":"3 Byrds","floor":20,"turns":3},{"damage":11,"enemies":"Centurion and Healer","floor":22,"turns":4},{"damage":1,"enemies":"Slavers","floor":23,"turns":4},{"damage":0,"enemies":"Gremlin Leader","floor":25,"turns":5},{"damage":19,"enemies":"Slavers","floor":27,"turns":4},{"damage":0,"enemies":"Snake Plant","floor":28,"turns":2},{"damage":0,"enemies":"3 Cultists","floor":31,"turns":3},{"damage":10,"enemies":"Champ","floor":33,"turns":5},{"damage":21,"enemies":"3 Shapes","floor":35,"turns":4},{"damage":6,"enemies":"Mind Bloom Boss Battle","floor":36,"turns":5},{"damage":0,"enemies":"Orb Walker","floor":37,"turns":2},{"damage":6,"enemies":"Writhing Mass","floor":39,"turns":3},{"damage":0,"enemies":"Reptomancer","floor":40,"turns":4},{"damage":0,"enemies":"Nemesis","floor":42,"turns":5},{"damage":11,"enemies":"Jaw Worm Horde","floor":45,"turns":4},{"damage":0,"enemies":"Spire Growth","floor":47,"turns":3},{"damage":5,"enemies":"4 Shapes","floor":48,"turns":5},{"damage":36,"enemies":"Awakened One","floor":50,"turns":10},{"damage":0,"enemies":"Shield and Spear","floor":54,"turns":3},{"damage":19,"enemies":"The Heart","floor":55,"turns":9}],"seed_played":"2138260129664257111","potions_obtained":[{"floor":1,"key":"EssenceOfSteel"},{"floor":3,"key":"PowerPotion"},{"floor":4,"key":"Weak Potion"},{"floor":7,"key":"PowerPotion"},{"floor":20,"key":"LiquidBronze"},{"floor":27,"key":"Energy Potion"},{"floor":28,"key":"Energy Potion"},{"floor":38,"key":"Fruit Juice"},{"floor":38,"key":"EntropicBrew"},{"floor":42,"key":"SteroidPotion"},{"floor":47,"key":"EssenceOfSteel"}],"is_trial":false,"path_per_floor":["M","M","M","M","?","R","E","$","T","M","M","$","M","E","R","B",null,"M","?","M","?","M","E","R","E","T","E","M","R","$","M","R","B",null,"M","?","M","?","M","E","R","E","T","R","M","R","M","M","R","B",null,"R","$","E","B",null],"character_chosen":"IRONCLAD","items_purchased":["Corruption","Medical Kit","Shovel","True Grit+1","Spot Weakness+1","Juggernaut","Power Through+1","Strength Potion","Uppercut+1"],"campfire_rested":0,"item_purchase_floors":[8,8,8,30,30,53,53,53,53],"current_hp_per_floor":[72,72,72,65,65,65,47,47,57,57,63,63,46,37,37,18,82,77,77,82,82,77,82,82,82,82,72,81,81,81,82,82,81,82,70,73,82,82,87,87,87,87,87,87,85,85,87,87,87,60,87,87,87,87,77],"gold":36,"neow_bonus":"TWO_FIFTY_GOLD","is_prod":false,"is_daily":false,"chose_seed":false,"campfire_upgraded":6,"win_rate":0,"timestamp":1543260421,"path_taken":["M","M","M","M","?","R","E","$","T","M","M","$","M","E","R","BOSS","M","?","M","?","M","E","R","E","T","E","M","R","$","M","R","BOSS","M","?","M","?","M","E","R","E","T","R","M","R","M","?","R","BOSS","R","$","E","BOSS"],"build_version":"2018-11-15","purchased_purges":3,"victory":true,"max_hp_per_floor":[72,72,72,72,72,72,72,72,82,82,82,82,82,82,82,82,82,82,82,82,82,82,82,82,82,82,82,82,82,82,82,82,82,82,82,82,82,82,87,87,87,87,87,87,87,87,87,87,87,87,87,87,87,87,87],"card_choices":[{"not_picked":["Sever Soul","Clothesline"],"picked":"Shockwave","floor":1},{"not_picked":["Clothesline","Flex"],"picked":"Whirlwind","floor":2},{"not_picked":["True Grit","Berserk"],"picked":"Havoc","floor":3},{"not_picked":["Flex","Heavy Blade"],"picked":"Thunderclap","floor":4},{"not_picked":["Wild Strike","Evolve"],"picked":"Disarm","floor":7},{"not_picked":["Clash","Whirlwind"],"picked":"Clothesline","floor":10},{"not_picked":["Metallicize","Armaments"],"picked":"True Grit","floor":11},{"not_picked":["Fire Breathing","Body Slam"],"picked":"Twin Strike","floor":13},{"not_picked":["Body Slam","Double Tap"],"picked":"Iron Wave","floor":14},{"not_picked":["Limit Break","Double Tap"],"picked":"Fiend Fire","floor":16},{"not_picked":["Headbutt","Sword Boomerang+1"],"picked":"Sentinel+1","floor":18},{"not_picked":["Whirlwind","Clothesline"],"picked":"Burning Pact","floor":20},{"not_picked":["Thunderclap","Dual Wield"],"picked":"Shrug It Off","floor":22},{"not_picked":["Disarm","Shrug It Off"],"picked":"Demon Form","floor":23},{"not_picked":["Clash","Cleave"],"picked":"Inflame","floor":25},{"not_picked":["Blood for Blood+1","True Grit+1"],"picked":"Fiend Fire+1","floor":27},{"not_picked":["Second Wind+1","Warcry+1"],"picked":"Feel No Pain","floor":28},{"not_picked":["Clash+1","Sword Boomerang+1"],"picked":"Pommel Strike+1","floor":31},{"not_picked":["Bludgeon+1","Feed+1"],"picked":"Fiend Fire+1","floor":33},{"not_picked":["Anger+1"],"picked":"SKIP","floor":35},{"not_picked":[],"picked":"Shrug It Off+1","floor":36},{"not_picked":[],"picked":"Shrug It Off+1","floor":37},{"not_picked":[],"picked":"Armaments+1","floor":39},{"not_picked":[],"picked":"Disarm+1","floor":40},{"not_picked":["Shrug It Off+1"],"picked":"SKIP","floor":42},{"not_picked":[],"picked":"Ghostly Armor+1","floor":45},{"not_picked":["Anger+1"],"picked":"SKIP","floor":47},{"not_picked":["Flex+1"],"picked":"SKIP","floor":48},{"not_picked":[],"picked":"Heavy Blade+1","floor":54}],"player_experience":224570,"relics_obtained":[{"floor":7,"key":"Dodecahedron"},{"floor":9,"key":"Pear"},{"floor":14,"key":"Ornamental Fan"},{"floor":23,"key":"Whetstone"},{"floor":24,"key":"Toxic Egg 2"},{"floor":25,"key":"Magic Flower"},{"floor":26,"key":"Molten Egg 2"},{"floor":27,"key":"Regal Pillow"},{"floor":36,"key":"Thread and Needle"},{"floor":40,"key":"Omamori"},{"floor":42,"key":"Potion Belt"},{"floor":44,"key":"Matryoshka"},{"floor":46,"key":"Pocketwatch"},{"floor":54,"key":"War Paint"}],"event_choices":[{"damage_healed":0,"gold_gain":175,"player_choice":"AGREE","damage_taken":0,"max_hp_gain":0,"max_hp_loss":0,"event_name":"Liars Game","floor":5,"gold_loss":0,"cards_obtained":["Doubt"]},{"damage_healed":0,"gold_gain":0,"player_choice":"Obtained Relic","damage_taken":0,"relics_obtained":["Blue Candle"],"max_hp_gain":0,"max_hp_loss":0,"event_name":"Addict","floor":19,"gold_loss":85},{"damage_healed":0,"gold_gain":0,"player_choice":"Read","damage_taken":0,"max_hp_gain":0,"max_hp_loss":0,"event_name":"The Library","floor":21,"gold_loss":0,"cards_obtained":["Impervious"]},{"damage_healed":0,"gold_gain":0,"player_choice":"Fight","damage_taken":0,"max_hp_gain":0,"max_hp_loss":0,"event_name":"MindBloom","floor":36,"gold_loss":0},{"damage_healed":0,"gold_gain":0,"player_choice":"Got Potions","damage_taken":0,"max_hp_gain":0,"max_hp_loss":0,"event_name":"Lab","floor":38,"gold_loss":0}],"is_beta":false,"boss_relics":[{"not_picked":["Pandora\u0027s Box","Eternal Feather"],"picked":"Snecko Eye"},{"not_picked":["Lizard Tail","Philosopher\u0027s Stone"],"picked":"Busted Crown"}],"items_purged_floors":[8,30,53],"is_endless":false,"potions_floor_spawned":[1,3,4,7,20,27,28,31,33,36,42,47,54],"ascension_level":1}