{"gold_per_floor":[117,131,131,149,149,149,183,183,183,216,81,81,81,94,94,171,171,189,206,221,241,134,134,8,8,8,8,23,23,35,61,61,61],"floor_reached":33,"playtime":1580,"items_purged":["Strike_R","Strike_R","Strike_R"],"score":550,"play_id":"d6c386d2-f49d-4e39-b622-e800d7d0e706","local_time":"20190408113635","is_ascension_mode":true,"campfire_choices":[{"data":"Uppercut","floor":6,"key":"SMITH"},{"floor":8,"key":"REST"},{"data":"Combust","floor":12,"key":"SMITH"},{"data":"Bash","floor":15,"key":"SMITH"},{"floor":23,"key":"REST"},{"data":"True Grit","floor":25,"key":"SMITH"},{"data":"Disarm","floor":27,"key":"SMITH"},{"floor":29,"key":"REST"},{"floor":32,"key":"REST"}],"neow_cost":"NONE","seed_source_timestamp":232917897012710,"circlet_count":0,"master_deck":["AscendersBane","Strike_R","Defend_R","Defend_R","Defend_R","Defend_R","Bash+1","Shrug It Off","Clothesline","Uppercut+1","Combust+1","Feed","Twin Strike","Impervious","True Grit+1","Disarm+1","Shrug It Off","Metallicize","Battle Trance","Offering"],"relics":["Burning Blood","Turnip","Mercury Hourglass","Smiling Mask","Pen Nib","Velvet Choker","Question Card","Darkstone Periapt"],"potions_floor_usage":[16,31,31,33],"damage_taken":[{"damage":2,"enemies":"Cultist","floor":1,"turns":4},{"damage":5,"enemies":"Small Slimes","floor":2,"turns":3},{"damage":10,"enemies":"Jaw Worm","floor":4,"turns":7},{"damage":46,"enemies":"Lagavulin","floor":7,"turns":9},{"damage":27,"enemies":"3 Sentries","floor":10,"turns":6},{"damage":1,"enemies":"2 Fungi Beasts","floor":14,"turns":2},{"damage":38,"enemies":"Hexaghost","floor":16,"turns":9},{"damage":27,"enemies":"Shell Parasite","floor":18,"turns":7},{"damage":20,"enemies":"3 Byrds","floor":19,"turns":5},{"damage":23,"enemies":"3 Cultists","floor":20,"turns":5},{"damage":5,"enemies":"Snake Plant","floor":21,"turns":5},{"damage":10,"enemies":"Centurion and Healer","floor":28,"turns":9},{"damage":18,"enemies":"Sentry and Sphere","floor":30,"turns":10},{"damage":26,"enemies":"Gremlin Leader","floor":31,"turns":7},{"damage":70,"enemies":"Automaton","floor":33,"turns":10}],"seed_played":"-988410505902987621","potions_obtained":[{"floor":1,"key":"SteroidPotion"},{"floor":7,"key":"Energy Potion"},{"floor":19,"key":"GamblersBrew"},{"floor":31,"key":"Poison Potion"}],"is_trial":false,"path_per_floor":["M","M","T","M","?","R","E","R","T","E","$","R","?","M","R","B",null,"M","M","M","M","$","R","$","R","T","R","M","R","M","E","R","B"],"character_chosen":"IRONCLAD","items_purchased":["Regen Potion","Shrug It Off","Metallicize"],"campfire_rested":4,"item_purchase_floors":[11,22,24],"current_hp_per_floor":[72,73,73,69,62,62,22,44,44,23,23,23,23,28,28,11,59,41,27,13,14,14,38,38,38,38,38,37,62,53,33,59,0],"gold":61,"neow_bonus":"THREE_CARDS","is_prod":false,"is_daily":false,"chose_seed":false,"campfire_upgraded":5,"win_rate":0,"timestamp":1554737795,"path_taken":["M","M","?","M","?","R","E","R","T","E","$","R","?","M","R","BOSS","M","M","M","M","$","R","$","R","T","R","M","R","M","E","R","BOSS"],"build_version":"2019-01-23","purchased_purges":3,"victory":false,"max_hp_per_floor":[75,75,75,75,75,75,75,75,75,75,75,75,75,75,75,75,75,78,78,81,81,81,81,81,81,81,81,84,84,87,87,87,87],"card_choices":[{"not_picked":["Twin Strike","Combust"],"picked":"Shrug It Off","floor":0},{"not_picked":["Power Through","Perfected Strike"],"picked":"Clothesline","floor":1},{"not_picked":["Body Slam","Clash","Bloodletting"],"picked":"SKIP","floor":2},{"not_picked":["Warcry","Perfected Strike"],"picked":"Uppercut","floor":4},{"not_picked":["Blood for Blood","Barricade"],"picked":"Combust","floor":7},{"not_picked":["Warcry","Sword Boomerang"],"picked":"Feed","floor":10},{"not_picked":["Blood for Blood","Shockwave"],"picked":"Twin Strike","floor":14},{"not_picked":["Juggernaut","Demon Form"],"picked":"Impervious","floor":16},{"not_picked":["Havoc","Evolve","Clothesline"],"picked":"SKIP","floor":18},{"not_picked":["Corruption","Pummel"],"picked":"True Grit","floor":19},{"not_picked":["Ghostly Armor","Body Slam"],"picked":"Disarm","floor":20},{"not_picked":["Twin Strike","Rage","Warcry"],"picked":"SKIP","floor":21},{"not_picked":["Shrug It Off","Twin Strike","Wild Strike"],"picked":"Battle Trance","floor":28},{"not_picked":["Shrug It Off","Rupture","Perfected Strike","Headbutt"],"picked":"SKIP","floor":30},{"not_picked":["Perfected Strike","Twin Strike","Wild Strike"],"picked":"Offering","floor":31}],"player_experience":544689,"relics_obtained":[{"floor":3,"key":"Turnip"},{"floor":7,"key":"Mercury Hourglass"},{"floor":9,"key":"Smiling Mask"},{"floor":10,"key":"Pen Nib"},{"floor":26,"key":"Question Card"},{"floor":31,"key":"Darkstone Periapt"}],"event_choices":[{"cards_removed":["Strike_R"],"damage_healed":0,"gold_gain":0,"player_choice":"Card Removal","damage_taken":7,"max_hp_gain":0,"max_hp_loss":0,"event_name":"Golden Wing","floor":5,"gold_loss":0},{"damage_healed":0,"gold_gain":0,"player_choice":"Ignored","damage_taken":0,"max_hp_gain":0,"max_hp_loss":0,"event_name":"Liars Game","floor":13,"gold_loss":0}],"is_beta":false,"boss_relics":[{"not_picked":["Fusion Hammer","Black Star"],"picked":"Velvet Choker"}],"items_purged_floors":[11,22,24],"is_endless":false,"potions_floor_spawned":[1,7,14,19,28,31],"killed_by":"Automaton","ascension_level":20}