{"gold_per_floor":[118,136,154,164,75,103,123,123,192,44,44,79,105,105,105,208,208,222,222,115,128,138,138,167,167,193,108,123,150,150,150,150,249,249,267,287,306,306,306,306,306],"floor_reached":41,"playtime":2422,"items_purged":[],"score":508,"play_id":"296e2255-761b-4ac3-922a-90d6685d6920","local_time":"20181120001116","is_ascension_mode":true,"campfire_choices":[{"data":"Buffer","floor":8,"key":"SMITH"},{"data":"Coolheaded","floor":11,"key":"SMITH"},{"data":"Beam Cell","floor":15,"key":"SMITH"},{"data":"Rainbow","floor":23,"key":"SMITH"},{"data":"White Noise","floor":25,"key":"SMITH"},{"data":"Blizzard","floor":30,"key":"SMITH"},{"floor":32,"key":"REST"},{"data":"Capacitor","floor":40,"key":"SMITH"}],"neow_cost":"NONE","seed_source_timestamp":33762268073071,"circlet_count":0,"master_deck":["Strike_B+1","Strike_B+1","Defend_B+1","Defend_B+1","Defend_B+1","Defend_B+1","Zap","Dualcast","Buffer+1","Sweeping Beam","Coolheaded+1","Conserve Battery","Beam Cell+1","Compile Driver","Self Repair","Glacier","Redo","Streamline","Double Energy+1","Rainbow+1","Compile Driver","Storm","White Noise+1","Melter","Leap+1","Capacitor+1","Blizzard+1","Biased Cognition","Conserve Battery","Coolheaded","Hyperbeam","Reinforced Body","Conserve Battery+1","Consume+1","Coolheaded","Trip"],"relics":["FrozenCore","Potion Belt","Ornamental Fan","DataDisk","Emotion Chip","Odd Mushroom","Orrery","Strawberry","PreservedInsect","Ginger","Matryoshka"],"potions_floor_usage":[6,33,33,33,41],"damage_taken":[{"damage":2,"enemies":"Jaw Worm","floor":1,"turns":4},{"damage":0,"enemies":"Small Slimes","floor":2,"turns":3},{"damage":0,"enemies":"Cultist","floor":3,"turns":3},{"damage":4,"enemies":"Blue Slaver","floor":4,"turns":4},{"damage":27,"enemies":"Gremlin Nob","floor":6,"turns":5},{"damage":11,"enemies":"Red Slaver","floor":7,"turns":5},{"damage":6,"enemies":"3 Sentries","floor":12,"turns":7},{"damage":17,"enemies":"The Mushroom Lair","floor":13,"turns":3},{"damage":26,"enemies":"Hexaghost","floor":16,"turns":11},{"damage":11,"enemies":"2 Thieves","floor":18,"turns":4},{"damage":0,"enemies":"Spheric Guardian","floor":21,"turns":4},{"damage":0,"enemies":"Snecko","floor":22,"turns":5},{"damage":36,"enemies":"Slavers","floor":24,"turns":6},{"damage":4,"enemies":"Cultist and Chosen","floor":28,"turns":6},{"damage":29,"enemies":"Gremlin Leader","floor":29,"turns":6},{"damage":36,"enemies":"Collector","floor":33,"turns":13},{"damage":0,"enemies":"3 Shapes","floor":35,"turns":2},{"damage":27,"enemies":"3 Darklings","floor":36,"turns":8},{"damage":27,"enemies":"Jaw Worm Horde","floor":37,"turns":6},{"damage":49,"enemies":"Reptomancer","floor":41,"turns":3}],"seed_played":"3514763287829113895","potions_obtained":[{"floor":3,"key":"Block Potion"},{"floor":4,"key":"GamblersBrew"},{"floor":6,"key":"FearPotion"},{"floor":7,"key":"Regen Potion"},{"floor":16,"key":"FocusPotion"},{"floor":21,"key":"FocusPotion"},{"floor":33,"key":"FearPotion"}],"is_trial":false,"path_per_floor":["M","M","M","M","$","E","M","R","T","$","R","E","?","?","R","B",null,"M","?","$","M","M","R","E","R","T","?","M","E","R","?","R","B",null,"M","M","M","?","?","R","E"],"character_chosen":"DEFECT","items_purchased":["Compile Driver","Self Repair","DataDisk","Capacitor","Blizzard"],"campfire_rested":1,"item_purchase_floors":[5,5,10,20,20],"current_hp_per_floor":[73,73,73,69,69,49,45,45,45,45,45,46,29,29,29,3,75,64,64,64,64,71,71,49,49,49,49,52,30,30,30,54,18,82,82,62,35,35,35,35,0],"gold":306,"neow_bonus":"ONE_RANDOM_RARE_CARD","is_prod":false,"is_daily":false,"chose_seed":false,"campfire_upgraded":7,"win_rate":0,"timestamp":1542690676,"path_taken":["M","M","M","M","$","E","M","R","T","$","R","E","?","?","R","BOSS","M","?","$","M","M","R","E","R","T","?","M","E","R","?","R","BOSS","M","M","M","?","?","R","E"],"build_version":"2018-11-15","purchased_purges":0,"victory":false,"max_hp_per_floor":[75,75,75,75,75,75,75,75,75,75,75,75,75,75,75,75,75,75,75,75,75,75,75,82,82,82,82,82,82,82,82,82,82,82,82,82,82,78,78,78,78],"card_choices":[{"not_picked":["Steam","Self Repair"],"picked":"Sweeping Beam","floor":1},{"not_picked":["Chaos","Self Repair"],"picked":"Coolheaded","floor":2},{"not_picked":["BootSequence","Turbo"],"picked":"Conserve Battery","floor":3},{"not_picked":["Coolheaded","Gash"],"picked":"Beam Cell","floor":4},{"not_picked":["Hologram","Meteor Strike"],"picked":"Glacier","floor":6},{"not_picked":["Beam Cell","Lockon"],"picked":"Redo","floor":7},{"not_picked":["Genetic Algorithm","Stack"],"picked":"Streamline","floor":12},{"not_picked":["Hologram","Lockon"],"picked":"Double Energy","floor":13},{"not_picked":["All For One","Hyperbeam"],"picked":"Rainbow","floor":16},{"not_picked":["Rebound","Self Repair"],"picked":"Compile Driver","floor":17},{"not_picked":["Genetic Algorithm","Cold Snap"],"picked":"Storm","floor":17},{"not_picked":["Auto Shields","Compile Driver"],"picked":"White Noise","floor":17},{"not_picked":["Skim","Rebound"],"picked":"Melter","floor":17},{"not_picked":["FTL","Storm"],"picked":"Leap+1","floor":18},{"not_picked":["Steam Power","Turbo"],"picked":"Biased Cognition","floor":21},{"not_picked":["Streamline","Aggregate"],"picked":"Conserve Battery","floor":22},{"not_picked":["Streamline","Beam Cell"],"picked":"Coolheaded","floor":24},{"not_picked":["Coolheaded+1","Beam Cell","Static Discharge"],"picked":"SKIP","floor":28},{"not_picked":["Glacier","Beam Cell","Rebound+1"],"picked":"SKIP","floor":29},{"not_picked":["Barrage+1","Reprogram"],"picked":"Conserve Battery+1","floor":35},{"not_picked":["Fusion","Rip and Tear+1"],"picked":"Consume+1","floor":36},{"not_picked":["Auto Shields","Beam Cell"],"picked":"Coolheaded","floor":37},{"not_picked":["Enlightenment","PanicButton"],"picked":"Trip","floor":39}],"player_experience":192728,"relics_obtained":[{"floor":6,"key":"Potion Belt"},{"floor":9,"key":"Ornamental Fan"},{"floor":12,"key":"Emotion Chip"},{"floor":13,"key":"Odd Mushroom"},{"floor":24,"key":"Strawberry"},{"floor":26,"key":"PreservedInsect"},{"floor":29,"key":"Matryoshka"}],"event_choices":[{"damage_healed":0,"gold_gain":0,"player_choice":"Fought Mushrooms","damage_taken":0,"max_hp_gain":0,"max_hp_loss":0,"event_name":"Mushrooms","floor":13,"gold_loss":0},{"damage_healed":0,"gold_gain":0,"player_choice":"Grow","damage_taken":0,"max_hp_gain":0,"max_hp_loss":0,"event_name":"Living Wall","floor":14,"gold_loss":0,"cards_upgraded":["Double Energy"]},{"damage_healed":0,"gold_gain":0,"player_choice":"Simplicity","damage_taken":0,"max_hp_gain":0,"max_hp_loss":0,"event_name":"Back to Basics","floor":19,"gold_loss":0,"cards_upgraded":["Strike_B","Strike_B","Strike_B","Strike_B","Defend_B","Defend_B","Defend_B","Defend_B"]},{"damage_healed":0,"gold_gain":0,"player_choice":"Obtained Relic","damage_taken":0,"relics_obtained":["Ginger"],"max_hp_gain":0,"max_hp_loss":0,"event_name":"Addict","floor":27,"gold_loss":85},{"damage_healed":0,"gold_gain":0,"cards_transformed":["Strike_B","Strike_B"],"player_choice":"Became Test Subject","damage_taken":0,"max_hp_gain":0,"max_hp_loss":0,"event_name":"Drug Dealer","floor":31,"gold_loss":0,"cards_obtained":["Hyperbeam","Reinforced Body"]},{"damage_healed":0,"gold_gain":0,"player_choice":"Max HP","damage_taken":0,"max_hp_gain":0,"max_hp_loss":4,"event_name":"Winding Halls","floor":38,"gold_loss":0},{"damage_healed":0,"gold_gain":0,"player_choice":"Memory 1","damage_taken":0,"max_hp_gain":0,"max_hp_loss":0,"event_name":"SensoryStone","floor":39,"gold_loss":0}],"is_beta":false,"boss_relics":[{"not_picked":["Empty Cage","Busted Crown"],"picked":"Orrery"},{"not_picked":["Philosopher\u0027s Stone","Black Star"],"picked":"FrozenCore"}],"items_purged_floors":[],"is_endless":false,"potions_floor_spawned":[3,4,6,7,16,21,22,29,33],"killed_by":"Reptomancer","ascension_level":2}