{"gold_per_floor":[19,31,45,55,65,99,99,116,166,201,201,267,284,16,16,114,114,125,125,144,157,256,256,256,269,269,269,281,206,206,217,217,315,315,327,347,360,375,375,375,87,87,87,103,123,123,0,25,25,25],"floor_reached":51,"playtime":2618,"items_purged":["Strike_R"],"score":1085,"play_id":"b71d6d4b-3e3a-4197-a5bd-7bbedc6d19ac","local_time":"20181218140130","is_ascension_mode":true,"campfire_choices":[{"floor":7,"key":"REST"},{"data":"Uppercut","floor":11,"key":"SMITH"},{"data":"Armaments","floor":15,"key":"SMITH"},{"floor":23,"key":"REST"},{"floor":27,"key":"REST"},{"floor":30,"key":"REST"},{"floor":32,"key":"RECALL"},{"floor":40,"key":"REST"},{"floor":42,"key":"REST"},{"floor":46,"key":"REST"},{"floor":49,"key":"REST"}],"neow_cost":"NO_GOLD","seed_source_timestamp":443714002470966,"circlet_count":0,"master_deck":["AscendersBane","Strike_R","Strike_R","Strike_R","Strike_R","Defend_R","Defend_R","Defend_R","Defend_R","Bash","Bludgeon","Uppercut+1","Cleave","Armaments+1","Sword Boomerang","Fiend Fire","Shrug It Off","Carnage","Inflame","Shrug It Off","Barricade","Uppercut","Spot Weakness+1","Armaments","Whirlwind+1","Disarm+1","Demon Form","Shockwave+1","Burning Pact+1","Ghostly Armor+1","Demon Form","Whirlwind+1","Shrug It Off+1"],"relics":["Burning Blood","Happy Flower","Ancient Tea Set","Ice Cream","Pen Nib","Fusion Hammer","Nilry\u0027s Codex","Singing Bowl","Oddly Smooth Stone","Sozu","Dead Branch","Mercury Hourglass","Red Mask","Bag of Preparation"],"potions_floor_usage":[4,10,10,50],"damage_taken":[{"damage":4,"enemies":"Jaw Worm","floor":1,"turns":3},{"damage":6,"enemies":"2 Louse","floor":2,"turns":3},{"damage":5,"enemies":"Small Slimes","floor":3,"turns":4},{"damage":17,"enemies":"Exordium Thugs","floor":4,"turns":3},{"damage":33,"enemies":"Gremlin Gang","floor":5,"turns":5},{"damage":30,"enemies":"3 Sentries","floor":6,"turns":6},{"damage":7,"enemies":"2 Fungi Beasts","floor":8,"turns":3},{"damage":20,"enemies":"Lagavulin","floor":10,"turns":5},{"damage":0,"enemies":"Large Slime","floor":13,"turns":2},{"damage":32,"enemies":"The Guardian","floor":16,"turns":9},{"damage":24,"enemies":"3 Byrds","floor":18,"turns":5},{"damage":7,"enemies":"Chosen","floor":20,"turns":4},{"damage":14,"enemies":"Shelled Parasite and Fungi","floor":21,"turns":4},{"damage":5,"enemies":"Snecko","floor":25,"turns":4},{"damage":11,"enemies":"Sentry and Sphere","floor":28,"turns":4},{"damage":0,"enemies":"3 Cultists","floor":31,"turns":2},{"damage":60,"enemies":"Champ","floor":33,"turns":12},{"damage":30,"enemies":"3 Darklings","floor":35,"turns":3},{"damage":0,"enemies":"Orb Walker","floor":36,"turns":2},{"damage":12,"enemies":"Sphere and 2 Shapes","floor":37,"turns":7},{"damage":21,"enemies":"Transient","floor":38,"turns":5},{"damage":7,"enemies":"3 Darklings","floor":44,"turns":4},{"damage":0,"enemies":"Maw","floor":45,"turns":7},{"damage":18,"enemies":"Reptomancer","floor":48,"turns":5},{"damage":37,"enemies":"Time Eater","floor":50,"turns":8}],"seed_played":"-4012875935608101171","potions_obtained":[{"floor":1,"key":"Fire Potion"},{"floor":4,"key":"Regen Potion"},{"floor":5,"key":"AttackPotion"},{"floor":13,"key":"Energy Potion"},{"floor":16,"key":"SmokeBomb"}],"is_trial":false,"path_per_floor":["M","M","M","M","M","E","R","M","T","E","R","?","M","$","R","B",null,"M","?","M","M","?","R","?","M","T","R","M","$","R","M","R","B",null,"M","M","M","M","?","R","$","R","T","M","M","R","?","E","R","B",null],"character_chosen":"IRONCLAD","items_purchased":["Inflame","Pen Nib","Shrug It Off","Dead Branch"],"campfire_rested":8,"item_purchase_floors":[14,14,14,41],"current_hp_per_floor":[74,74,75,64,37,13,37,36,36,36,36,36,42,42,42,16,64,46,30,29,21,21,45,45,46,46,70,65,65,80,80,80,26,67,43,49,43,30,30,54,54,78,78,79,84,84,84,72,84,53],"gold":25,"neow_bonus":"THREE_RARE_CARDS","is_prod":false,"is_daily":false,"chose_seed":false,"campfire_upgraded":2,"win_rate":0,"timestamp":1545159690,"path_taken":["M","M","M","M","M","E","R","M","T","E","R","?","M","$","R","BOSS","M","?","M","M","?","R","?","M","T","R","?","$","R","M","R","BOSS","M","M","M","?","?","R","$","R","T","?","M","R","?","E","R","BOSS"],"build_version":"2018-12-13","purchased_purges":1,"victory":true,"max_hp_per_floor":[80,80,80,80,80,80,80,80,80,80,80,80,80,80,80,80,80,80,80,80,80,80,80,80,80,80,80,80,80,80,80,80,80,80,80,80,80,82,82,82,82,82,82,84,84,84,84,84,84,84],"card_choices":[{"not_picked":["Exhume","Fiend Fire"],"picked":"Bludgeon","floor":0},{"not_picked":["Rampage","Shrug It Off"],"picked":"Uppercut","floor":1},{"not_picked":["Rage","Heavy Blade"],"picked":"Cleave","floor":2},{"not_picked":["Thunderclap","Pummel"],"picked":"Armaments","floor":3},{"not_picked":["Perfected Strike","Havoc","Sever Soul"],"picked":"SKIP","floor":4},{"not_picked":["Combust","Perfected Strike"],"picked":"Sword Boomerang","floor":5},{"not_picked":["Warcry","Power Through"],"picked":"Fiend Fire","floor":6},{"not_picked":["Warcry","Sentinel"],"picked":"Shrug It Off","floor":8},{"not_picked":["Entrench","Seeing Red"],"picked":"Carnage","floor":10},{"not_picked":["Infernal Blade","Wild Strike","Sentinel"],"picked":"SKIP","floor":13},{"not_picked":["Berserk","Brutality"],"picked":"Barricade","floor":16},{"not_picked":["Twin Strike","Headbutt+1"],"picked":"Uppercut","floor":18},{"not_picked":["Heavy Blade","Wild Strike","Clash"],"picked":"SKIP","floor":20},{"not_picked":["Bloodletting+1","Havoc"],"picked":"Spot Weakness+1","floor":21},{"not_picked":["Warcry","Blood for Blood"],"picked":"Armaments","floor":25},{"not_picked":["Seeing Red","Dual Wield"],"picked":"Whirlwind+1","floor":28},{"not_picked":["Rupture","Flame Barrier"],"picked":"Disarm+1","floor":31},{"not_picked":["Berserk","Limit Break"],"picked":"Demon Form","floor":33},{"not_picked":["Iron Wave+1","Metallicize+1"],"picked":"Shockwave+1","floor":35},{"not_picked":["Corruption+1","Pommel Strike"],"picked":"Burning Pact+1","floor":36},{"not_picked":["Feel No Pain+1","Dual Wield+1"],"picked":"Ghostly Armor+1","floor":37},{"not_picked":["Flame Barrier","Twin Strike","Thunderclap"],"picked":"Singing Bowl","floor":38},{"not_picked":["Havoc+1","Clothesline+1","Headbutt+1"],"picked":"Singing Bowl","floor":44},{"not_picked":["Anger","Heavy Blade"],"picked":"Whirlwind+1","floor":45},{"not_picked":["Rage+1","Infernal Blade+1"],"picked":"Shrug It Off+1","floor":48}],"player_experience":337820,"relics_obtained":[{"floor":6,"key":"Happy Flower"},{"floor":9,"key":"Ancient Tea Set"},{"floor":10,"key":"Ice Cream"},{"floor":19,"key":"Nilry\u0027s Codex"},{"floor":26,"key":"Oddly Smooth Stone"},{"floor":43,"key":"Mercury Hourglass"},{"floor":48,"key":"Bag of Preparation"}],"event_choices":[{"damage_healed":0,"gold_gain":66,"player_choice":"Gained Gold","damage_taken":0,"max_hp_gain":0,"max_hp_loss":0,"event_name":"Golden Wing","floor":12,"gold_loss":0},{"damage_healed":0,"gold_gain":0,"player_choice":"Obtained Book","damage_taken":16,"max_hp_gain":0,"max_hp_loss":0,"event_name":"Cursed Tome","floor":19,"gold_loss":0},{"damage_healed":0,"gold_gain":99,"player_choice":"Stole From Cult","damage_taken":0,"max_hp_gain":0,"max_hp_loss":0,"event_name":"Nest","floor":22,"gold_loss":0},{"damage_healed":0,"gold_gain":0,"player_choice":"Opened","damage_taken":0,"relics_obtained":["Singing Bowl"],"max_hp_gain":0,"max_hp_loss":0,"event_name":"The Mausoleum","floor":24,"gold_loss":0},{"damage_healed":0,"gold_gain":0,"player_choice":"Copied","damage_taken":0,"max_hp_gain":0,"max_hp_loss":0,"event_name":"Duplicator","floor":39,"gold_loss":0,"cards_obtained":["Demon Form"]},{"damage_healed":0,"gold_gain":0,"player_choice":"Paid","damage_taken":0,"relics_obtained":["Red Mask"],"max_hp_gain":0,"max_hp_loss":0,"event_name":"Tomb of Lord Red Mask","floor":47,"gold_loss":123}],"is_beta":false,"boss_relics":[{"not_picked":["Pandora\u0027s Box","Velvet Choker"],"picked":"Fusion Hammer"},{"not_picked":["Black Star","Empty Cage"],"picked":"Sozu"}],"items_purged_floors":[29],"is_endless":false,"potions_floor_spawned":[1,4,5,13,16,31,33,35,36,45],"ascension_level":11}