{"gold_per_floor":[117,135,135,135,159,159,179,203,203,224,11,31,31,4,4,130,193,206,206,229,253,253,253,266,266,266,279,279],"floor_reached":28,"playtime":727,"items_purged":[],"score":264,"play_id":"f53712c1-28aa-4311-893f-6865b24c0f1a","local_time":"20190518182828","is_ascension_mode":false,"campfire_choices":[{"data":"Fission","floor":6,"key":"SMITH"},{"data":"Zap","floor":13,"key":"SMITH"},{"data":"Dualcast","floor":15,"key":"SMITH"},{"data":"Fission","floor":23,"key":"SMITH"},{"data":"White Noise","floor":25,"key":"SMITH"}],"neow_cost":"NONE","seed_source_timestamp":238237697534169,"circlet_count":0,"master_deck":["Strike_B","Strike_B+1","Strike_B","Strike_B","Defend_B","Defend_B","Defend_B","Defend_B","Zap+1","Dualcast+1","Fission+1","Ball Lightning","Sweeping Beam","Core Surge","Conserve Battery","White Noise+1","Cold Snap","Fission+1","Consume","BootSequence","Chill","Electrodynamics","Self Repair+1"],"relics":["Cracked Core","Golden Idol","Mango","Oddly Smooth Stone","Tiny House","Nilry\u0027s Codex","Pantograph"],"potions_floor_usage":[10,12,16,16,16,16,18,21,27,27,28],"damage_taken":[{"damage":12,"enemies":"Small Slimes","floor":1,"turns":3},{"damage":8,"enemies":"Jaw Worm","floor":2,"turns":3},{"damage":0,"enemies":"Cultist","floor":5,"turns":2},{"damage":0,"enemies":"Red Slaver","floor":7,"turns":1},{"damage":7,"enemies":"2 Fungi Beasts","floor":8,"turns":2},{"damage":11,"enemies":"Large Slime","floor":10,"turns":4},{"damage":0,"enemies":"3 Louse","floor":12,"turns":1},{"damage":0,"enemies":"Slime Boss","floor":16,"turns":6},{"damage":14,"enemies":"Shell Parasite","floor":18,"turns":5},{"damage":14,"enemies":"Spheric Guardian","floor":20,"turns":4},{"damage":17,"enemies":"Snake Plant","floor":21,"turns":4},{"damage":13,"enemies":"Centurion and Healer","floor":24,"turns":4},{"damage":12,"enemies":"Cultist and Chosen","floor":27,"turns":5},{"damage":1,"enemies":"Sentry and Sphere","floor":28,"turns":3}],"seed_played":"-5544429679712748435","potions_obtained":[{"floor":1,"key":"Swift Potion"},{"floor":4,"key":"Explosive Potion"},{"floor":4,"key":"Block Potion"},{"floor":5,"key":"EntropicBrew"},{"floor":10,"key":"Strength Potion"},{"floor":16,"key":"Dexterity Potion"},{"floor":17,"key":"Fire Potion"},{"floor":18,"key":"FearPotion"},{"floor":21,"key":"Fire Potion"}],"is_trial":false,"path_per_floor":["M","M","?","?","M","R","M","M","T","M","$","M","R","$","R","B",null,"M","?","M","M","$","R","M","R","T","M","M"],"character_chosen":"DEFECT","items_purchased":["Oddly Smooth Stone","White Noise","Cold Snap"],"campfire_rested":0,"item_purchase_floors":[11,11,14],"current_hp_per_floor":[63,55,55,55,55,55,55,48,62,51,51,51,51,51,51,51,88,74,58,44,27,27,27,14,14,14,12,11],"gold":279,"neow_bonus":"ONE_RANDOM_RARE_CARD","is_prod":false,"is_daily":false,"chose_seed":false,"campfire_upgraded":5,"win_rate":0,"timestamp":1558171708,"path_taken":["M","M","?","?","M","R","M","M","T","M","$","?","R","?","R","BOSS","M","?","M","M","$","R","M","R","T","M","M"],"build_version":"2019-01-23","purchased_purges":0,"victory":false,"max_hp_per_floor":[75,75,69,69,69,69,69,69,83,83,83,83,83,83,83,83,88,88,88,88,88,88,88,88,88,88,88,88],"card_choices":[{"not_picked":["Leap","Conserve Battery"],"picked":"Ball Lightning","floor":1},{"not_picked":["Double Energy","Compile Driver","Stack"],"picked":"SKIP","floor":2},{"not_picked":["Conserve Battery","Hologram"],"picked":"Sweeping Beam","floor":5},{"not_picked":["Stack","Compile Driver"],"picked":"Core Surge","floor":7},{"not_picked":["Compile Driver","Hologram","Tempest"],"picked":"SKIP","floor":8},{"not_picked":["Turbo","Compile Driver"],"picked":"Conserve Battery","floor":10},{"not_picked":["Gash","Turbo","Barrage"],"picked":"SKIP","floor":12},{"not_picked":["Creative AI","Amplify"],"picked":"Fission","floor":16},{"not_picked":["Hologram","Beam Cell"],"picked":"Consume","floor":17},{"not_picked":["Gash","Sunder+1"],"picked":"BootSequence","floor":18},{"not_picked":["Leap","Hologram"],"picked":"Chill","floor":20},{"not_picked":["Blizzard","Barrage+1"],"picked":"Electrodynamics","floor":21},{"not_picked":["Streamline","Compile Driver"],"picked":"Self Repair+1","floor":24},{"not_picked":["Redo","Auto Shields","Storm+1"],"picked":"SKIP","floor":27}],"player_experience":382525,"relics_obtained":[{"floor":9,"key":"Mango"},{"floor":19,"key":"Nilry\u0027s Codex"},{"floor":26,"key":"Pantograph"}],"event_choices":[{"damage_healed":0,"gold_gain":0,"player_choice":"Lose Max HP","damage_taken":0,"relics_obtained":["Golden Idol"],"max_hp_gain":0,"max_hp_loss":6,"event_name":"Golden Idol","floor":3,"gold_loss":0},{"damage_healed":0,"gold_gain":0,"player_choice":"Got Potions","damage_taken":0,"max_hp_gain":0,"max_hp_loss":0,"event_name":"Lab","floor":4,"gold_loss":0},{"damage_healed":0,"gold_gain":0,"player_choice":"Obtained Book","damage_taken":16,"max_hp_gain":0,"max_hp_loss":0,"event_name":"Cursed Tome","floor":19,"gold_loss":0}],"is_beta":false,"boss_relics":[{"not_picked":["Snecko Eye","Cursed Key"],"picked":"Tiny House"}],"items_purged_floors":[],"is_endless":false,"potions_floor_spawned":[1,5,10,16,18,21],"killed_by":"Sentry and Sphere","ascension_level":0}