{"gold_per_floor":[18,30,30,30,30,57,57,88,88,88,106,131,165,165,165,267,267,256,273,47,58,58,58,85,85,112,127,127,144,144,144,144,240,240,255,255,255,255,272,272,287,287,287,287,313,62,82,82],"floor_reached":48,"playtime":6170,"items_purged":["Strike_B","Parasite"],"score":692,"play_id":"59053273-75e4-47f2-b9d1-5e0c824af338","local_time":"20190219101036","is_ascension_mode":true,"campfire_choices":[{"floor":7.0,"key":"REST"},{"floor":10.0,"key":"REST"},{"floor":15.0,"key":"REST"},{"floor":23,"key":"REST"},{"floor":25,"key":"REST"},{"floor":30,"key":"REST"},{"floor":32,"key":"REST"},{"data":"Consume","floor":40,"key":"SMITH"},{"floor":42,"key":"REST"},{"data":"Streamline","floor":44,"key":"SMITH"}],"neow_cost":"NO_GOLD","seed_source_timestamp":0,"circlet_count":0,"master_deck":["Defend_B+1","Defend_B","Defend_B","Defend_B","Zap","Dualcast","Rainbow+1","Leap+1","Streamline+1","Genetic Algorithm","Genetic Algorithm","Coolheaded","Consume+1","Biased Cognition","Conserve Battery+1","Conserve Battery","Echo Form","Rainbow+1","Electrodynamics","Hello World+1","Creative AI+1","Steam Power+1","Stack","Auto Shields","Static Discharge"],"special_seed":0,"relics":["Cracked Core","Strawberry","Incense Burner","Gambling Chip","Bottled Lightning","Blue Candle","Odd Mushroom","StoneCalendar","Sozu","War Paint","Question Card","Art of War","Astrolabe","Pear","Dead Branch"],"potions_floor_usage":[33],"damage_taken":[{"damage":16.0,"enemies":"Jaw Worm","floor":1.0,"turns":5.0},{"damage":0.0,"enemies":"2 Louse","floor":2.0,"turns":3.0},{"damage":46.0,"enemies":"3 Sentries","floor":6.0,"turns":9.0},{"damage":6.0,"enemies":"Gremlin Nob","floor":8.0,"turns":4.0},{"damage":2.0,"enemies":"Cultist","floor":11.0,"turns":4.0},{"damage":14.0,"enemies":"The Mushroom Lair","floor":12.0,"turns":4.0},{"damage":24.0,"enemies":"3 Sentries","floor":13.0,"turns":7.0},{"damage":48.0,"enemies":"Slime Boss","floor":16.0,"turns":7.0},{"damage":0.0,"enemies":"2 Thieves","floor":18.0,"turns":4.0},{"damage":0.0,"enemies":"Spheric Guardian","floor":19.0,"turns":4.0},{"damage":15.0,"enemies":"Centurion and Healer","floor":21.0,"turns":7.0},{"damage":44,"enemies":"Book of Stabbing","floor":24,"turns":8},{"damage":7,"enemies":"Cultist and Chosen","floor":27,"turns":7},{"damage":0,"enemies":"Snecko","floor":29,"turns":5},{"damage":27,"enemies":"Champ","floor":33,"turns":12},{"damage":0,"enemies":"3 Darklings","floor":35,"turns":3},{"damage":9,"enemies":"3 Shapes","floor":39,"turns":5},{"damage":10,"enemies":"Writhing Mass","floor":41,"turns":7},{"damage":56,"enemies":"Reptomancer","floor":45,"turns":9},{"damage":6,"enemies":"3 Darklings","floor":47,"turns":3},{"damage":32,"enemies":"Transient","floor":48,"turns":4}],"seed_played":"5876087495223233354","potions_obtained":[{"floor":12.0,"key":"EssenceOfSteel"},{"floor":13.0,"key":"Energy Potion"}],"is_trial":false,"path_per_floor":["M","M","?","?","T","E","R","E","T","R","M","?","E","?","R","B",null,"M","M","$","M","?","R","E","R","T","M","?","M","R","?","R","B",null,"M","?","?","?","M","R","M","R","T","R","E","$","M","M"],"character_chosen":"DEFECT","items_purchased":["War Paint","Auto Shields","Static Discharge"],"campfire_rested":8,"item_purchase_floors":[20,46,46],"current_hp_per_floor":[52,52,56,82,82,36,60,54,54,78,76,62,38,38,62,14,65,65,65,65,50,50,74,30,54,54,47,47,47,71,71,82,55,75,75,75,75,75,66,66,56,80,90,90,34,34,28,0],"gold":82,"neow_bonus":"THREE_RARE_CARDS","is_prod":false,"is_daily":false,"chose_seed":false,"campfire_upgraded":2,"win_rate":0,"timestamp":1550563836,"path_taken":["M","M","?","?","?","E","R","E","T","R","?","?","E","?","R","BOSS","M","M","$","M","?","R","E","R","T","M","?","?","R","?","R","BOSS","M","?","?","?","M","R","M","R","T","R","E","$","M","M"],"build_version":"2019-01-23","purchased_purges":2,"victory":false,"max_hp_per_floor":[75,75,82,82,82,82,82,82,82,82,82,82,82,82,82,82,82,82,82,82,82,82,82,82,82,82,82,82,82,82,82,82,82,82,82,82,82,82,82,82,82,82,92,92,92,89,89,89],"card_choices":[{"not_picked":["Core Surge","Reboot"],"picked":"Rainbow","floor":0.0},{"not_picked":["Gash","Hologram"],"picked":"Leap","floor":1.0},{"not_picked":["Sweeping Beam","Stack"],"picked":"Streamline","floor":2.0},{"not_picked":["Hologram","Coolheaded"],"picked":"Genetic Algorithm","floor":6.0},{"not_picked":["Fusion","Sweeping Beam"],"picked":"Genetic Algorithm","floor":8.0},{"not_picked":["Beam Cell","All For One"],"picked":"Barrage","floor":11.0},{"not_picked":["Scrape","Reinforced Body"],"picked":"Coolheaded","floor":12.0},{"not_picked":["Reinforced Body","Conserve Battery"],"picked":"Consume","floor":13.0},{"not_picked":["Buffer","Multi-Cast"],"picked":"Biased Cognition","floor":16.0},{"not_picked":["Steam+1","Lockon"],"picked":"Conserve Battery+1","floor":18.0},{"not_picked":["Steam+1","Cold Snap"],"picked":"Conserve Battery","floor":19.0},{"not_picked":["Compile Driver","Steam","Lockon+1"],"picked":"SKIP","floor":21.0},{"not_picked":["Sweeping Beam","Consume","Fusion"],"picked":"SKIP","floor":24},{"not_picked":["Skim+1","Darkness+1","Conserve Battery+1"],"picked":"Echo Form","floor":27},{"not_picked":["Steam Power","Double Energy+1","Barrage+1","Sweeping Beam+1"],"picked":"SKIP","floor":29},{"not_picked":["Thunder Strike","Hyperbeam","All For One"],"picked":"Electrodynamics","floor":33},{"not_picked":["Compile Driver+1","Scrape","Leap","Turbo"],"picked":"SKIP","floor":35},{"not_picked":["Rebound","Cold Snap+1","Go for the Eyes+1"],"picked":"Stack","floor":39},{"not_picked":["Steam","Barrage+1","Compile Driver","Hologram+1"],"picked":"SKIP","floor":41},{"not_picked":["Gash+1","Compile Driver","Doom and Gloom+1","Rip and Tear+1"],"picked":"SKIP","floor":45},{"not_picked":["Force Field+1","BootSequence","Turbo+1","Rebound"],"picked":"SKIP","floor":47}],"player_experience":643670,"relics_obtained":[{"floor":5.0,"key":"Incense Burner"},{"floor":6.0,"key":"Gambling Chip"},{"floor":8.0,"key":"Bottled Lightning"},{"floor":9.0,"key":"Blue Candle"},{"floor":12.0,"key":"Odd Mushroom"},{"floor":13.0,"key":"StoneCalendar"},{"floor":24,"key":"Question Card"},{"floor":26,"key":"Art of War"},{"floor":43,"key":"Pear"},{"floor":45,"key":"Dead Branch"}],"event_choices":[{"damage_healed":0.0,"max_hp_gain":0.0,"max_hp_loss":0.0,"gold_gain":0.0,"event_name":"Scrap Ooze","player_choice":"Success","floor":3.0,"gold_loss":0.0,"damage_taken":3.0,"relics_obtained":["Strawberry"]},{"damage_healed":27.0,"max_hp_gain":0.0,"max_hp_loss":0.0,"gold_gain":0.0,"event_name":"Big Fish","player_choice":"Banana","floor":4.0,"gold_loss":0.0,"damage_taken":0.0},{"damage_healed":0.0,"max_hp_gain":0.0,"max_hp_loss":0.0,"gold_gain":0.0,"event_name":"Mushrooms","player_choice":"Fought Mushrooms","floor":12.0,"gold_loss":0.0,"damage_taken":0.0},{"damage_healed":0.0,"max_hp_gain":0.0,"max_hp_loss":0.0,"gold_gain":0.0,"event_name":"Living Wall","player_choice":"Grow","floor":14.0,"gold_loss":0.0,"damage_taken":0.0,"cards_upgraded":["Rainbow"]},{"damage_healed":0,"gold_gain":0,"player_choice":"Ignored","damage_taken":0,"max_hp_gain":0,"max_hp_loss":0,"event_name":"Cursed Tome","floor":22,"gold_loss":0},{"damage_healed":0,"gold_gain":0,"player_choice":"Copied","damage_taken":0,"max_hp_gain":0,"max_hp_loss":0,"event_name":"Duplicator","floor":28,"gold_loss":0,"cards_obtained":["Rainbow"]},{"damage_healed":0,"gold_gain":0,"player_choice":"Bought 0 Potions","damage_taken":0,"max_hp_gain":0,"max_hp_loss":0,"event_name":"The Woman in Blue","floor":31,"gold_loss":0},{"cards_removed":["Barrage"],"damage_healed":0,"gold_gain":0,"player_choice":"Removed Attack","damage_taken":0,"max_hp_gain":0,"max_hp_loss":0,"event_name":"Falling","floor":36,"gold_loss":0},{"damage_healed":0,"gold_gain":0,"player_choice":"Memory 1","damage_taken":0,"max_hp_gain":0,"max_hp_loss":0,"event_name":"SensoryStone","floor":37,"gold_loss":0},{"damage_healed":0,"gold_gain":0,"player_choice":"Ignored","damage_taken":0,"max_hp_gain":0,"max_hp_loss":0,"event_name":"Tomb of Lord Red Mask","floor":38,"gold_loss":0}],"is_beta":false,"boss_relics":[{"not_picked":["Lizard Tail","Black Star"],"picked":"Sozu"},{"not_picked":["Philosopher\u0027s Stone","Runic Pyramid"],"picked":"Astrolabe"}],"items_purged_floors":[20,46],"is_endless":false,"potions_floor_spawned":[12,13,19,24,41,45],"killed_by":"Transient","ascension_level":8}