{"gold_per_floor":[119,130,130,150,174,174,195,195,218,232,247,247,22,43,43,43],"floor_reached":16,"playtime":1135,"items_purged":["Injury"],"score":192,"play_id":"dca412c5-8565-4bee-9347-a0a45ca1dfa8","local_time":"20190428002739","is_ascension_mode":true,"campfire_choices":[{"floor":6,"key":"REST"},{"floor":8,"key":"REST"},{"data":"Hyperbeam","floor":15,"key":"SMITH"}],"neow_cost":"NONE","seed_source_timestamp":1479702211982393,"circlet_count":0,"master_deck":["AscendersBane","Strike_B","Strike_B","Strike_B","Strike_B","Defend_B","Defend_B","Defend_B","Defend_B","Zap","Dualcast","Conserve Battery","Buffer","Hyperbeam+1","Recycle"],"relics":["Snecko Eye","Golden Idol","Lantern"],"potions_floor_usage":[5,16],"damage_taken":[{"damage":1,"enemies":"Cultist","floor":1,"turns":3},{"damage":7,"enemies":"Jaw Worm","floor":2,"turns":4},{"damage":3,"enemies":"2 Louse","floor":4,"turns":3},{"damage":21,"enemies":"Exordium Wildlife","floor":5,"turns":6},{"damage":9,"enemies":"2 Fungi Beasts","floor":7,"turns":3},{"damage":3,"enemies":"Blue Slaver","floor":10,"turns":6},{"damage":19,"enemies":"Lots of Slimes","floor":11,"turns":7},{"damage":0,"enemies":"Gremlin Gang","floor":14,"turns":1},{"damage":66,"enemies":"The Guardian","floor":16,"turns":12}],"seed_played":"-2687874397577127428","potions_obtained":[{"floor":2,"key":"Weak Potion"},{"floor":4,"key":"Block Potion"},{"floor":11,"key":"FocusPotion"}],"is_trial":false,"path_per_floor":["M","M","?","M","M","R","M","R","T","M","M","?","$","M","R","B"],"character_chosen":"DEFECT","items_purchased":["Hyperbeam"],"campfire_rested":2,"item_purchase_floors":[13],"current_hp_per_floor":[63,56,56,53,32,53,44,65,65,62,43,66,66,66,66,0],"gold":43,"neow_bonus":"BOSS_RELIC","is_prod":false,"is_daily":false,"chose_seed":false,"campfire_upgraded":1,"win_rate":0,"timestamp":1556400459,"path_taken":["M","?","?","M","M","R","M","R","T","M","M","?","$","M","R","BOSS"],"build_version":"2019-01-23","purchased_purges":1,"victory":false,"max_hp_per_floor":[71,71,71,71,71,71,71,71,71,71,71,71,71,71,71,71],"card_choices":[{"not_picked":["Melter","Genetic Algorithm"],"picked":"Conserve Battery","floor":1},{"not_picked":["Sweeping Beam","Turbo","Beam Cell"],"picked":"SKIP","floor":2},{"not_picked":["Beam Cell","Hologram","Rebound"],"picked":"SKIP","floor":4},{"not_picked":["Barrage","Rebound","Sweeping Beam"],"picked":"SKIP","floor":5},{"not_picked":["Beam Cell","Defragment","Hello World"],"picked":"SKIP","floor":7},{"not_picked":["Stack","Barrage"],"picked":"Buffer","floor":10},{"not_picked":["Barrage","Gash","Sweeping Beam"],"picked":"SKIP","floor":11},{"not_picked":["Stack","Ball Lightning"],"picked":"Recycle","floor":14}],"player_experience":850836,"relics_obtained":[{"floor":9,"key":"Lantern"}],"event_choices":[{"damage_healed":0,"gold_gain":0,"player_choice":"Take Wound","damage_taken":0,"relics_obtained":["Golden Idol"],"max_hp_gain":0,"max_hp_loss":0,"event_name":"Golden Idol","floor":3,"gold_loss":0,"cards_obtained":["Injury"]},{"damage_healed":23,"gold_gain":0,"player_choice":"Banana","damage_taken":0,"max_hp_gain":0,"max_hp_loss":0,"event_name":"Big Fish","floor":12,"gold_loss":0}],"is_beta":false,"boss_relics":[],"items_purged_floors":[13],"is_endless":false,"potions_floor_spawned":[2,4,11,14],"killed_by":"The Guardian","ascension_level":20}