{"gold_per_floor":[114,74,74,249,199,199,199,199,249,249,264,295,313,231,231,328,328,348,448,448,448,500,531,297,297,320,117,127,7,32,49,49,49],"floor_reached":33,"playtime":750,"items_purged":[],"score":352,"play_id":"b77f9975-c609-46be-9269-47e6300012e1","local_time":"20190513214720","is_ascension_mode":false,"campfire_choices":[{"data":"Uppercut","floor":6,"key":"SMITH"},{"data":"Bash","floor":8,"key":"SMITH"},{"data":"Pommel Strike","floor":10,"key":"SMITH"},{"data":"Infernal Blade","floor":15,"key":"SMITH"},{"data":"Spot Weakness","floor":25,"key":"SMITH"},{"data":"Berserk","floor":32,"key":"SMITH"}],"neow_cost":"CURSE","seed_source_timestamp":12136992700000,"circlet_count":0,"master_deck":["Defend_R","Defend_R","Defend_R","Defend_R","Bash+1","Pommel Strike+1","Uppercut+1","Spot Weakness+1","Sword Boomerang","Infernal Blade+1","Berserk+1","Flex","Ghostly","Ghostly","Ghostly","Ghostly","Ghostly","Bite","Bite","Bite","Bite","Bite"],"relics":["Burning Blood","Dead Branch","PreservedInsect","Bottled Flame","Busted Crown","Peace Pipe","Singing Bowl","Centennial Puzzle","The Courier","Red Skull","Pen Nib","Orichalcum","Dodecahedron","Anchor","Blue Candle"],"potions_floor_usage":[16,18,19,30],"damage_taken":[{"damage":6,"enemies":"Cultist","floor":1,"turns":3},{"damage":2,"enemies":"Small Slimes","floor":11,"turns":3},{"damage":21,"enemies":"Lagavulin","floor":12,"turns":4},{"damage":8,"enemies":"Jaw Worm","floor":13,"turns":2},{"damage":51,"enemies":"The Guardian","floor":16,"turns":9},{"damage":0,"enemies":"Spheric Guardian","floor":18,"turns":3},{"damage":26,"enemies":"Colosseum Slavers","floor":19,"turns":4},{"damage":7,"enemies":"Colosseum Nobs","floor":19,"turns":3},{"damage":16,"enemies":"Book of Stabbing","floor":23,"turns":5},{"damage":0,"enemies":"Shell Parasite","floor":28,"turns":4},{"damage":0,"enemies":"Gremlin Leader","floor":30,"turns":4},{"damage":0,"enemies":"3 Cultists","floor":31,"turns":3},{"damage":43,"enemies":"Champ","floor":33,"turns":6}],"seed_played":"2361371841531953493","potions_obtained":[{"floor":12,"key":"SkillPotion"},{"floor":16,"key":"PowerPotion"},{"floor":18,"key":"PowerPotion"},{"floor":23,"key":"AttackPotion"}],"is_trial":false,"path_per_floor":["M","$","?","?","?","R","$","R","T","R","M","E","M","$","R","B",null,"M","?","?","?","T","E","$","R","T","$","M","$","E","M","R","B"],"character_chosen":"IRONCLAD","items_purchased":["Uppercut","Infernal Blade","Red Skull","Pen Nib","Dodecahedron","Anchor"],"campfire_rested":0,"item_purchase_floors":[2,14,24,24,27,29],"current_hp_per_floor":[80,80,73,73,73,73,73,73,73,73,77,62,60,60,60,15,80,80,61,41,28,28,30,30,30,30,30,32,32,34,36,36,0],"gold":49,"neow_bonus":"ONE_RARE_RELIC","is_prod":false,"is_daily":false,"chose_seed":false,"campfire_upgraded":6,"win_rate":0,"timestamp":1557773240,"path_taken":["M","$","?","?","?","R","?","R","T","R","M","E","M","$","R","BOSS","M","?","?","?","?","E","$","R","T","$","M","$","E","?","R","BOSS"],"build_version":"2019-01-23","purchased_purges":0,"victory":false,"max_hp_per_floor":[80,80,80,80,80,80,80,80,80,80,80,80,80,80,80,80,80,80,82,41,28,28,30,30,30,30,30,32,32,34,36,36,36],"card_choices":[{"not_picked":["Thunderclap","True Grit"],"picked":"Pommel Strike","floor":1},{"not_picked":["Second Wind","Flex"],"picked":"Spot Weakness","floor":11},{"not_picked":["Warcry","Entrench","Cleave"],"picked":"SKIP","floor":12},{"not_picked":["Shrug It Off","Hemokinesis"],"picked":"Sword Boomerang","floor":13},{"not_picked":["Reaper","Impervious"],"picked":"Berserk","floor":16},{"not_picked":[],"picked":"Flex","floor":18},{"not_picked":["Pommel Strike"],"picked":"Singing Bowl","floor":19},{"not_picked":["Flex"],"picked":"Singing Bowl","floor":23},{"not_picked":["Havoc"],"picked":"Singing Bowl","floor":28},{"not_picked":["Feel No Pain"],"picked":"Singing Bowl","floor":30},{"not_picked":["Wild Strike"],"picked":"Singing Bowl","floor":31}],"player_experience":317752,"relics_obtained":[{"floor":9,"key":"PreservedInsect"},{"floor":12,"key":"Bottled Flame"},{"floor":19,"key":"Peace Pipe"},{"floor":19,"key":"Singing Bowl"},{"floor":22,"key":"Centennial Puzzle"},{"floor":23,"key":"The Courier"},{"floor":26,"key":"Orichalcum"},{"floor":30,"key":"Blue Candle"}],"event_choices":[{"cards_removed":["Normality"],"damage_healed":0,"gold_gain":0,"player_choice":"Card Removal","damage_taken":7,"max_hp_gain":0,"max_hp_loss":0,"event_name":"Golden Wing","floor":3,"gold_loss":0},{"damage_healed":0,"gold_gain":175,"player_choice":"AGREE","damage_taken":0,"max_hp_gain":0,"max_hp_loss":0,"event_name":"Liars Game","floor":4,"gold_loss":0,"cards_obtained":["Doubt"]},{"cards_removed":["Doubt"],"damage_healed":0,"gold_gain":0,"player_choice":"Card Removal","damage_taken":0,"max_hp_gain":0,"max_hp_loss":0,"event_name":"The Cleric","floor":5,"gold_loss":50},{"damage_healed":0,"gold_gain":0,"player_choice":"Fight","damage_taken":0,"max_hp_gain":0,"max_hp_loss":0,"event_name":"Colosseum","floor":19,"gold_loss":0},{"damage_healed":0,"gold_gain":0,"player_choice":"Fought Nobs","damage_taken":0,"max_hp_gain":0,"max_hp_loss":0,"event_name":"Colosseum","floor":19,"gold_loss":0},{"damage_healed":0,"gold_gain":0,"player_choice":"Became a Ghost","damage_taken":0,"max_hp_gain":0,"max_hp_loss":41,"event_name":"Ghosts","floor":20,"gold_loss":0,"cards_obtained":["Ghostly","Ghostly","Ghostly","Ghostly","Ghostly"]},{"damage_healed":0,"gold_gain":0,"player_choice":"Became a vampire","damage_taken":0,"max_hp_gain":0,"max_hp_loss":13,"event_name":"Vampires","floor":21,"gold_loss":0,"cards_obtained":["Bite","Bite","Bite","Bite","Bite"]}],"is_beta":false,"boss_relics":[{"not_picked":["Lizard Tail","Philosopher\u0027s Stone"],"picked":"Busted Crown"}],"items_purged_floors":[],"is_endless":false,"potions_floor_spawned":[12,16,18,23],"killed_by":"Champ","ascension_level":0}