{"gold_per_floor":[112,77,91,91,91,91,5,5,32,32,60,1,13,33,33,105,105,62,62,12,30,45,45,80,80],"floor_reached":25,"playtime":13006,"items_purged":["Strike_B"],"score":418,"play_id":"65a205f6-57d6-486d-8ba9-46a3390831ec","local_time":"20190501190352","is_ascension_mode":true,"campfire_choices":[{"floor":6.0,"key":"REST"},{"data":"Reinforced Body","floor":8.0,"key":"SMITH"},{"data":"Auto Shields","floor":10.0,"key":"SMITH"},{"floor":15.0,"key":"REST"},{"floor":23,"key":"REST"}],"neow_cost":"PERCENT_DAMAGE","seed_source_timestamp":1793922131943308,"circlet_count":0,"master_deck":["AscendersBane","Defend_B","Defend_B","Defend_B","Defend_B","Zap","Dualcast","FTL","Ball Lightning","Auto Shields+1","Reinforced Body+1","Conserve Battery","Auto Shields","Streamline","Echo Form","Gash+1","Skim+1","Gash"],"special_seed":0,"relics":["Cracked Core","Incense Burner","Smiling Mask","Odd Mushroom","Fusion Hammer","Sundial"],"potions_floor_usage":[18,24],"damage_taken":[{"damage":2.0,"enemies":"2 Louse","floor":1.0,"turns":2.0},{"damage":12.0,"enemies":"Small Slimes","floor":3.0,"turns":2.0},{"damage":17.0,"enemies":"The Mushroom Lair","floor":11.0,"turns":4.0},{"damage":1.0,"enemies":"Cultist","floor":13.0,"turns":4.0},{"damage":1.0,"enemies":"Looter","floor":14.0,"turns":4.0},{"damage":28,"enemies":"Hexaghost","floor":16,"turns":14},{"damage":3,"enemies":"2 Thieves","floor":18,"turns":5},{"damage":11,"enemies":"Spheric Guardian","floor":21,"turns":4},{"damage":4,"enemies":"Snecko","floor":22,"turns":5},{"damage":55,"enemies":"Slavers","floor":24,"turns":10},{"damage":11,"enemies":"Centurion and Healer","floor":25,"turns":7}],"seed_played":"1915774708074643184","potions_obtained":[{"floor":3.0,"key":"Energy Potion"},{"floor":16,"key":"EssenceOfSteel"},{"floor":22,"key":"Weak Potion"}],"is_trial":false,"path_per_floor":["M","?","M","?","?","R","$","R","T","R","?","?","M","M","R","B",null,"M","?","$","M","M","R","E","M"],"character_chosen":"DEFECT","items_purchased":["Reinforced Body"],"campfire_rested":3,"item_purchase_floors":[7],"current_hp_per_floor":[44,61,49,49,42,63,63,63,63,63,46,46,45,44,65,37,63,60,60,60,49,45,66,11,0],"gold":80,"neow_bonus":"ONE_RARE_RELIC","is_prod":false,"is_daily":false,"chose_seed":false,"campfire_upgraded":2,"win_rate":0,"timestamp":1556726632,"path_taken":["M","?","M","?","?","R","$","R","T","R","?","?","M","M","R","BOSS","M","?","$","M","M","R","E","M"],"build_version":"2019-01-23","purchased_purges":1,"victory":false,"max_hp_per_floor":[71,71,71,71,71,71,71,71,71,71,71,71,71,71,71,71,71,71,71,71,71,71,71,71,71],"card_choices":[{"not_picked":["Hologram","Coolheaded"],"picked":"FTL","floor":1.0},{"not_picked":["Sweeping Beam","Rebound"],"picked":"Ball Lightning","floor":3.0},{"not_picked":["Coolheaded","Ball Lightning"],"picked":"Conserve Battery","floor":11.0},{"not_picked":["Beam Cell","Force Field"],"picked":"Auto Shields","floor":13.0},{"not_picked":["Storm","Fission"],"picked":"Streamline","floor":14.0},{"not_picked":["Seek","Multi-Cast"],"picked":"Echo Form","floor":16},{"not_picked":["Compile Driver","Heatsinks"],"picked":"Gash+1","floor":18},{"not_picked":["Turbo","White Noise"],"picked":"Skim+1","floor":21},{"not_picked":["Cold Snap","Rebound"],"picked":"Gash","floor":22},{"not_picked":["Conserve Battery","Hologram","Barrage"],"picked":"SKIP","floor":24}],"player_experience":866072,"relics_obtained":[{"floor":9.0,"key":"Smiling Mask"},{"floor":11.0,"key":"Odd Mushroom"},{"floor":24,"key":"Sundial"}],"event_choices":[{"damage_healed":17.0,"max_hp_gain":0.0,"max_hp_loss":0.0,"gold_gain":0.0,"event_name":"The Cleric","player_choice":"Healed","floor":2.0,"gold_loss":35.0,"damage_taken":0.0},{"damage_healed":0.0,"max_hp_gain":0.0,"max_hp_loss":0.0,"gold_gain":0.0,"cards_transformed":["Strike_B"],"event_name":"Living Wall","player_choice":"Change","floor":4.0,"gold_loss":0.0,"damage_taken":0.0,"cards_obtained":["Auto Shields"]},{"cards_removed":["Strike_B"],"damage_healed":0.0,"max_hp_gain":0.0,"max_hp_loss":0.0,"gold_gain":0.0,"event_name":"Golden Wing","player_choice":"Card Removal","floor":5.0,"gold_loss":0.0,"damage_taken":7.0},{"damage_healed":0.0,"max_hp_gain":0.0,"max_hp_loss":0.0,"gold_gain":0.0,"event_name":"Mushrooms","player_choice":"Fought Mushrooms","floor":11.0,"gold_loss":0.0,"damage_taken":0.0},{"damage_healed":0.0,"max_hp_gain":0.0,"max_hp_loss":0.0,"gold_gain":0.0,"event_name":"World of Goop","player_choice":"Left Gold","floor":12.0,"gold_loss":59.0,"damage_taken":0.0},{"cards_removed":["Strike_B"],"damage_healed":0,"gold_gain":0,"player_choice":"Offered Basic","damage_taken":0,"max_hp_gain":0,"max_hp_loss":0,"event_name":"Bonfire Elementals","floor":19,"gold_loss":0}],"is_beta":false,"boss_relics":[{"not_picked":["Runic Pyramid","Empty Cage"],"picked":"Fusion Hammer"}],"items_purged_floors":[20],"is_endless":false,"potions_floor_spawned":[3,16,22],"killed_by":"Centurion and Healer","ascension_level":20}