{"gold_per_floor":[210,160,173,237,237,269,106,141,217,217,232,232,232,247,247,342,342,359,359,378,378],"floor_reached":21,"playtime":509,"items_purged":[],"score":187,"play_id":"76c0a974-13f9-4267-9ecc-f284d8f66988","local_time":"20190506062702","is_ascension_mode":false,"campfire_choices":[{"floor":10,"key":"REST"},{"floor":15,"key":"REST"}],"neow_cost":"NONE","seed_source_timestamp":325304645800,"circlet_count":0,"master_deck":["Strike_B","Strike_B","Strike_B+1","Strike_B","Defend_B","Defend_B","Defend_B","Zap","Dualcast","Doom and Gloom","Conserve Battery","Darkness","Lockon","Dramatic Entrance+1","Steam Power","Rebound","Parasite","Creative AI","White Noise","Darkness"],"relics":["Cracked Core","DataDisk","Happy Flower","Pear","Question Card","Black Star"],"potions_floor_usage":[14,16,20,21,21],"damage_taken":[{"damage":2,"enemies":"2 Louse","floor":1,"turns":2},{"damage":12,"enemies":"Small Slimes","floor":3,"turns":2},{"damage":10,"enemies":"3 Sentries","floor":6,"turns":4},{"damage":40,"enemies":"Gremlin Nob","floor":8,"turns":5},{"damage":1,"enemies":"Jaw Worm","floor":11,"turns":3},{"damage":0,"enemies":"Looter","floor":14,"turns":2},{"damage":17,"enemies":"Slime Boss","floor":16,"turns":6},{"damage":30,"enemies":"2 Thieves","floor":18,"turns":4},{"damage":13,"enemies":"3 Byrds","floor":20,"turns":4},{"damage":47,"enemies":"Snecko","floor":21,"turns":5}],"seed_played":"-8268188144037127735","potions_obtained":[{"floor":1,"key":"SteroidPotion"},{"floor":8,"key":"GamblersBrew"},{"floor":11,"key":"AttackPotion"},{"floor":14,"key":"SkillPotion"},{"floor":18,"key":"Block Potion"},{"floor":20,"key":"Energy Potion"}],"is_trial":false,"path_per_floor":["M","?","M","?","?","E","$","E","T","R","M","?","?","M","R","B",null,"M","$","M","M"],"character_chosen":"DEFECT","items_purchased":["Lockon","Dramatic Entrance"],"campfire_rested":2,"item_purchase_floors":[7,7],"current_hp_per_floor":[73,73,61,61,58,48,48,18,18,43,42,25,46,46,71,54,85,55,55,42,0],"gold":378,"neow_bonus":"HUNDRED_GOLD","is_prod":false,"is_daily":false,"chose_seed":false,"campfire_upgraded":0,"win_rate":0,"timestamp":1557113222,"path_taken":["M","?","M","?","?","E","$","E","T","R","M","?","?","?","R","BOSS","M","$","M","M"],"build_version":"2019-01-23","purchased_purges":0,"victory":false,"max_hp_per_floor":[75,75,75,75,75,75,75,85,85,85,85,85,85,85,85,85,85,85,85,85,85],"card_choices":[{"not_picked":["Stack","Sweeping Beam"],"picked":"Doom and Gloom","floor":1},{"not_picked":["Turbo","Auto Shields"],"picked":"Conserve Battery","floor":3},{"not_picked":["Sweeping Beam","Skim"],"picked":"Darkness","floor":6},{"not_picked":["Genetic Algorithm","Capacitor"],"picked":"Steam Power","floor":8},{"not_picked":["Sunder","Tempest","Sweeping Beam"],"picked":"Rebound","floor":11},{"not_picked":["Tempest","Hologram","Hyperbeam","Capacitor"],"picked":"SKIP","floor":14},{"not_picked":["Machine Learning","Seek","Reboot"],"picked":"Creative AI","floor":16},{"not_picked":["Steam","Force Field","Streamline"],"picked":"White Noise","floor":18},{"not_picked":["Hologram+1","Barrage","Tempest"],"picked":"Darkness","floor":20}],"player_experience":284300,"relics_obtained":[{"floor":6,"key":"Happy Flower"},{"floor":8,"key":"Pear"},{"floor":9,"key":"Question Card"}],"event_choices":[{"cards_removed":["Defend_B"],"damage_healed":0,"gold_gain":0,"player_choice":"Card Removal","damage_taken":0,"max_hp_gain":0,"max_hp_loss":0,"event_name":"The Cleric","floor":2,"gold_loss":50},{"damage_healed":0,"gold_gain":64,"player_choice":"Gained Gold","damage_taken":0,"max_hp_gain":0,"max_hp_loss":0,"event_name":"Golden Wing","floor":4,"gold_loss":0},{"damage_healed":0,"gold_gain":0,"player_choice":"Success","damage_taken":3,"relics_obtained":["DataDisk"],"max_hp_gain":0,"max_hp_loss":0,"event_name":"Scrap Ooze","floor":5,"gold_loss":0},{"damage_healed":0,"gold_gain":0,"player_choice":"Entered Light","damage_taken":17,"max_hp_gain":0,"max_hp_loss":0,"event_name":"Shining Light","floor":12,"gold_loss":0,"cards_upgraded":["Dramatic Entrance","Strike_B"]},{"damage_healed":21,"gold_gain":0,"player_choice":"Healed and dodged fight","damage_taken":0,"max_hp_gain":0,"max_hp_loss":0,"event_name":"Mushrooms","floor":13,"gold_loss":0,"cards_obtained":["Parasite"]}],"is_beta":false,"boss_relics":[{"not_picked":["Lizard Tail","Cursed Key"],"picked":"Black Star"}],"items_purged_floors":[],"is_endless":false,"potions_floor_spawned":[1,8,11,14,18,20],"killed_by":"Snecko","ascension_level":0}