{"gold_per_floor":[113,131,147,51,51,83,83,98,175,175,188,198,47,67,67,168,168,182,182,97,72,87,118,118,153,176,176,190,190,34,51,51,152,152,168,168,168,180,226,226,226,255,306,306,306,338,1,12,12,12],"floor_reached":51,"playtime":1630,"items_purged":["Strike_R+1"],"score":804,"play_id":"374891c9-94da-4bd0-9227-8a61988a8d04","local_time":"20181205140216","is_ascension_mode":true,"campfire_choices":[{"data":"Whirlwind","floor":7,"key":"SMITH"},{"data":"Clothesline","floor":15,"key":"SMITH"},{"floor":24,"key":"RECALL"},{"floor":29,"key":"REST"},{"floor":32,"key":"REST"},{"data":"1","floor":40,"key":"LIFT"},{"data":"2","floor":44,"key":"LIFT"},{"floor":49,"key":"REST"}],"neow_cost":"NONE","seed_source_timestamp":18949438993954,"circlet_count":0,"master_deck":["Strike_R+1","Strike_R+1","Strike_R+1","Defend_R+1","Defend_R+1","Defend_R+1","Defend_R+1","Bash","Clothesline+1","Shrug It Off","Whirlwind+1","Twin Strike","Spot Weakness","Twin Strike","Uppercut","Intimidate+1","Panacea","Headbutt+1","Writhe","Whirlwind","Impervious","Pummel+1"],"relics":["Busted Crown","StoneCalendar","Letter Opener","Pen Nib","Fusion Hammer","Lantern","Champion Belt","Du-Vu Doll","Regal Pillow","Bag of Marbles","Lizard Tail","Girya","Smiling Mask","Red Skull","Question Card","Bronze Scales"],"potions_floor_usage":[33,42,50,50,50],"damage_taken":[{"damage":3,"enemies":"Jaw Worm","floor":1,"turns":3},{"damage":0,"enemies":"2 Louse","floor":2,"turns":2},{"damage":6,"enemies":"Cultist","floor":3,"turns":3},{"damage":9,"enemies":"Gremlin Nob","floor":6,"turns":4},{"damage":8,"enemies":"Red Slaver","floor":8,"turns":2},{"damage":0,"enemies":"Blue Slaver","floor":11,"turns":3},{"damage":4,"enemies":"Looter","floor":12,"turns":3},{"damage":0,"enemies":"3 Louse","floor":14,"turns":1},{"damage":18,"enemies":"The Guardian","floor":16,"turns":7},{"damage":1,"enemies":"Chosen","floor":18,"turns":4},{"damage":0,"enemies":"Spheric Guardian","floor":22,"turns":3},{"damage":15,"enemies":"Book of Stabbing","floor":23,"turns":5},{"damage":0,"enemies":"Gremlin Leader","floor":25,"turns":5},{"damage":3,"enemies":"Snecko","floor":28,"turns":4},{"damage":0,"enemies":"Snake Plant","floor":31,"turns":2},{"damage":24,"enemies":"Collector","floor":33,"turns":5},{"damage":0,"enemies":"3 Darklings","floor":35,"turns":3},{"damage":1,"enemies":"3 Shapes","floor":38,"turns":6},{"damage":18,"enemies":"2 Orb Walkers","floor":39,"turns":5},{"damage":14,"enemies":"Giant Head","floor":42,"turns":5},{"damage":22,"enemies":"Reptomancer","floor":46,"turns":4},{"damage":2,"enemies":"Spire Growth","floor":48,"turns":3},{"damage":60,"enemies":"Donu and Deca","floor":50,"turns":7}],"seed_played":"-6305646722638279485","potions_obtained":[{"floor":1,"key":"PowerPotion"},{"floor":2,"key":"LiquidBronze"},{"floor":14,"key":"FearPotion"},{"floor":39,"key":"PowerPotion"},{"floor":48,"key":"SpeedPotion"}],"is_trial":false,"path_per_floor":["M","M","M","$","?","E","R","M","T","?","M","M","$","M","R","B",null,"M","?","?","$","M","E","R","E","T","?","M","R","$","M","R","B",null,"M","?","?","M","?","R","?","E","T","R","?","E","$","M","R","B",null],"character_chosen":"IRONCLAD","items_purchased":["Shrug It Off","Whirlwind","Pen Nib","Twin Strike","Bag of Marbles","Impervious","Bronze Scales"],"campfire_rested":3,"item_purchase_floors":[4,4,13,21,30,47,47],"current_hp_per_floor":[77,77,71,71,71,62,62,54,54,54,54,50,50,50,50,32,80,79,79,79,79,79,64,64,64,64,64,61,80,80,80,80,56,80,80,80,80,79,61,61,80,66,66,66,66,44,44,42,80,20],"gold":12,"neow_bonus":"BOSS_RELIC","is_prod":false,"is_daily":false,"chose_seed":false,"campfire_upgraded":2,"win_rate":0,"timestamp":1544036536,"path_taken":["M","M","M","$","?","E","R","M","T","?","?","M","$","M","R","BOSS","M","?","?","$","M","E","R","E","T","?","M","R","$","M","R","BOSS","M","?","?","M","?","R","?","E","T","R","?","E","$","?","R","BOSS"],"build_version":"2018-11-15","purchased_purges":1,"victory":true,"max_hp_per_floor":[80,80,80,80,80,80,80,80,80,80,80,80,80,80,80,80,80,80,80,80,80,80,80,80,80,80,80,80,80,80,80,80,80,80,80,80,80,80,80,80,80,80,80,80,80,80,80,80,80,80],"card_choices":[{"not_picked":["Evolve"],"picked":"SKIP","floor":1},{"not_picked":[],"picked":"Iron Wave","floor":2},{"not_picked":[],"picked":"Clothesline","floor":3},{"not_picked":[],"picked":"Twin Strike","floor":6},{"not_picked":["Sentinel"],"picked":"SKIP","floor":8},{"not_picked":["Second Wind"],"picked":"SKIP","floor":11},{"not_picked":["Seeing Red"],"picked":"SKIP","floor":12},{"not_picked":[],"picked":"Spot Weakness","floor":14},{"not_picked":["Warcry"],"picked":"SKIP","floor":18},{"not_picked":["Clothesline"],"picked":"SKIP","floor":22},{"not_picked":["Sever Soul+1"],"picked":"SKIP","floor":23},{"not_picked":[],"picked":"Uppercut","floor":25},{"not_picked":["Wild Strike"],"picked":"SKIP","floor":28},{"not_picked":["Perfected Strike"],"picked":"SKIP","floor":31},{"not_picked":[],"picked":"Intimidate+1","floor":35},{"not_picked":[],"picked":"Panacea","floor":37},{"not_picked":["Iron Wave"],"picked":"SKIP","floor":38},{"not_picked":[],"picked":"Headbutt+1","floor":39},{"not_picked":[],"picked":"Whirlwind","floor":42},{"not_picked":["Evolve"],"picked":"SKIP","floor":46},{"not_picked":["Metallicize+1"],"picked":"Pummel+1","floor":48}],"player_experience":283521,"relics_obtained":[{"floor":6,"key":"StoneCalendar"},{"floor":9,"key":"Letter Opener"},{"floor":23,"key":"Champion Belt"},{"floor":25,"key":"Du-Vu Doll"},{"floor":26,"key":"Regal Pillow"},{"floor":39,"key":"Girya"},{"floor":42,"key":"Smiling Mask"},{"floor":43,"key":"Red Skull"},{"floor":46,"key":"Question Card"}],"event_choices":[{"damage_healed":0,"gold_gain":0,"player_choice":"Leave","damage_taken":0,"max_hp_gain":0,"max_hp_loss":0,"event_name":"The Cleric","floor":5,"gold_loss":0},{"cards_removed":["Strike_R"],"damage_healed":0,"gold_gain":0,"player_choice":"Purged","damage_taken":0,"max_hp_gain":0,"max_hp_loss":0,"event_name":"Purifier","floor":10,"gold_loss":0},{"damage_healed":0,"gold_gain":0,"player_choice":"Simplicity","damage_taken":0,"max_hp_gain":0,"max_hp_loss":0,"event_name":"Back to Basics","floor":19,"gold_loss":0,"cards_upgraded":["Strike_R","Strike_R","Strike_R","Strike_R","Defend_R","Defend_R","Defend_R","Defend_R"]},{"damage_healed":0,"gold_gain":0,"player_choice":"Obtained Relic","damage_taken":0,"relics_obtained":["Lantern"],"max_hp_gain":0,"max_hp_loss":0,"event_name":"Addict","floor":20,"gold_loss":85},{"damage_healed":0,"gold_gain":0,"player_choice":"Ignored","damage_taken":0,"max_hp_gain":0,"max_hp_loss":0,"event_name":"Beggar","floor":27,"gold_loss":0},{"damage_healed":0,"gold_gain":0,"player_choice":"Ignored","damage_taken":0,"max_hp_gain":0,"max_hp_loss":0,"event_name":"Tomb of Lord Red Mask","floor":36,"gold_loss":0},{"damage_healed":0,"gold_gain":0,"player_choice":"Memory 1","damage_taken":0,"max_hp_gain":0,"max_hp_loss":0,"event_name":"SensoryStone","floor":37,"gold_loss":0},{"damage_healed":0,"gold_gain":0,"player_choice":"Fight","damage_taken":0,"max_hp_gain":0,"max_hp_loss":0,"event_name":"Mysterious Sphere","floor":39,"gold_loss":0},{"damage_healed":20,"gold_gain":0,"player_choice":"Writhe","damage_taken":0,"max_hp_gain":0,"max_hp_loss":0,"event_name":"Winding Halls","floor":41,"gold_loss":0,"cards_obtained":["Writhe"]},{"cards_removed":["Iron Wave"],"damage_healed":0,"gold_gain":0,"player_choice":"Removed Attack","damage_taken":0,"max_hp_gain":0,"max_hp_loss":0,"event_name":"Falling","floor":45,"gold_loss":0}],"is_beta":false,"boss_relics":[{"not_picked":["Orrery","Empty Cage"],"picked":"Fusion Hammer"},{"not_picked":["Pandora\u0027s Box","Astrolabe"],"picked":"Lizard Tail"}],"items_purged_floors":[47],"is_endless":false,"potions_floor_spawned":[1,2,14,16,18,23,35,39,48],"ascension_level":1}