{"gold_per_floor":[116,128,138,138,152,180,145,171,218,218,218,218,234,269,269,366,366,385,398,242,259,276,294,306,306,360,395,395,420,153,178,178,178],"floor_reached":33,"playtime":1742,"items_purged":["Strike_R"],"score":392,"play_id":"50631a46-f29f-48a6-860d-58bb630a84b0","local_time":"20181121203341","is_ascension_mode":true,"campfire_choices":[{"floor":11,"key":"REST"},{"data":"True Grit","floor":15,"key":"SMITH"},{"data":"Armaments","floor":25,"key":"SMITH"},{"data":"Whirlwind","floor":28,"key":"SMITH"},{"data":"Pommel Strike","floor":32,"key":"SMITH"}],"neow_cost":"NONE","seed_source_timestamp":57776600789048,"circlet_count":0,"master_deck":["Strike_R","Strike_R","Strike_R","Strike_R","Defend_R","Defend_R","Defend_R+1","Defend_R+1","Bash+1","Carnage","Headbutt","Evolve","Pommel Strike+1","Clothesline+1","Disarm","Headbutt","True Grit+1","Immolate","Burning Pact","Power Through","Twin Strike","Armaments+1","Sword Boomerang","Whirlwind+1","Shrug It Off"],"relics":["Burning Blood","Potion Belt","Meat on the Bone","War Paint","Blood Vial","Bag of Marbles","Velvet Choker","Anchor","Boot","Pantograph","MawBank","Dream Catcher","Singing Bowl"],"potions_floor_usage":[13,27,29,29,33,33,33,33],"damage_taken":[{"damage":9,"enemies":"2 Louse","floor":1,"turns":2},{"damage":14,"enemies":"Jaw Worm","floor":2,"turns":3},{"damage":20,"enemies":"Small Slimes","floor":3,"turns":3},{"damage":25,"enemies":"3 Louse","floor":5,"turns":3},{"damage":8,"enemies":"Gremlin Nob","floor":6,"turns":3},{"damage":30,"enemies":"Lagavulin","floor":8,"turns":7},{"damage":0,"enemies":"2 Fungi Beasts","floor":13,"turns":2},{"damage":27,"enemies":"Gremlin Nob","floor":14,"turns":5},{"damage":26,"enemies":"The Guardian","floor":16,"turns":13},{"damage":38,"enemies":"3 Byrds","floor":18,"turns":5},{"damage":0,"enemies":"Chosen","floor":19,"turns":3},{"damage":24,"enemies":"Snake Plant","floor":21,"turns":3},{"damage":14,"enemies":"Sentry and Sphere","floor":22,"turns":4},{"damage":0,"enemies":"Snecko","floor":23,"turns":4},{"damage":23,"enemies":"Chosen and Byrds","floor":24,"turns":7},{"damage":21,"enemies":"Book of Stabbing","floor":27,"turns":6},{"damage":22,"enemies":"Gremlin Leader","floor":29,"turns":5},{"damage":36,"enemies":"Slavers","floor":31,"turns":6},{"damage":100,"enemies":"Collector","floor":33,"turns":7}],"seed_played":"-5041791813847494984","potions_obtained":[{"floor":1,"key":"AttackPotion"},{"floor":3,"key":"Block Potion"},{"floor":5,"key":"Block Potion"},{"floor":6,"key":"Ancient Potion"},{"floor":8,"key":"Poison Potion"},{"floor":18,"key":"Explosive Potion"},{"floor":21,"key":"Energy Potion"},{"floor":23,"key":"PowerPotion"},{"floor":27,"key":"Explosive Potion"},{"floor":31,"key":"Regen Potion"}],"is_trial":false,"path_per_floor":["M","M","M","?","M","E","?","E","T","?","R","?","M","E","R","B",null,"M","M","$","M","M","M","M","R","T","E","R","E","$","E","R","B"],"character_chosen":"IRONCLAD","items_purchased":["Anchor","Shrug It Off","Dream Catcher"],"campfire_rested":1,"item_purchase_floors":[20,30,30],"current_hp_per_floor":[77,69,55,55,36,34,54,30,30,18,42,42,50,43,43,37,80,48,56,56,52,58,66,51,51,51,50,50,48,48,34,34,0],"gold":178,"neow_bonus":"UPGRADE_CARD","is_prod":false,"is_daily":false,"chose_seed":false,"campfire_upgraded":4,"win_rate":0,"timestamp":1542850421,"path_taken":["M","M","M","?","M","E","?","E","T","?","R","?","M","E","R","BOSS","M","M","$","M","M","M","M","R","T","E","R","E","$","E","R","BOSS"],"build_version":"2018-11-15","purchased_purges":1,"victory":false,"max_hp_per_floor":[80,80,80,80,80,80,80,80,80,80,80,80,80,80,80,80,80,80,80,80,80,80,80,80,80,80,80,80,80,80,82,82,82],"card_choices":[{"not_picked":["Intimidate","Flame Barrier"],"picked":"Carnage","floor":1},{"not_picked":["Wild Strike","Thunderclap"],"picked":"Headbutt","floor":2},{"not_picked":["Blood for Blood","Burning Pact"],"picked":"Evolve","floor":3},{"not_picked":["Perfected Strike","Battle Trance"],"picked":"Pommel Strike","floor":5},{"not_picked":["Fiend Fire","Headbutt"],"picked":"Clothesline","floor":6},{"not_picked":["Dual Wield","Ghostly Armor"],"picked":"Disarm","floor":8},{"not_picked":["Body Slam","Disarm"],"picked":"Headbutt","floor":13},{"not_picked":["Dropkick","Hemokinesis"],"picked":"True Grit","floor":14},{"not_picked":["Brutality","Bludgeon"],"picked":"Immolate","floor":16},{"not_picked":["Headbutt+1","Thunderclap"],"picked":"Burning Pact","floor":18},{"not_picked":["Bloodletting","Iron Wave"],"picked":"Power Through","floor":19},{"not_picked":["Perfected Strike","Flex"],"picked":"Twin Strike","floor":21},{"not_picked":["Infernal Blade","True Grit"],"picked":"Armaments","floor":22},{"not_picked":["True Grit","Combust","Reaper"],"picked":"SKIP","floor":23},{"not_picked":["Armaments","Evolve"],"picked":"Sword Boomerang","floor":24},{"not_picked":["Impervious","Clash+1"],"picked":"Whirlwind","floor":27},{"not_picked":["Flex","Sever Soul","Body Slam"],"picked":"SKIP","floor":29},{"not_picked":["Warcry","Flex","Thunderclap+1"],"picked":"Singing Bowl","floor":31}],"player_experience":199203,"relics_obtained":[{"floor":6,"key":"Potion Belt"},{"floor":8,"key":"Meat on the Bone"},{"floor":9,"key":"War Paint"},{"floor":14,"key":"Bag of Marbles"},{"floor":26,"key":"Boot"},{"floor":27,"key":"Pantograph"},{"floor":29,"key":"MawBank"},{"floor":31,"key":"Singing Bowl"}],"event_choices":[{"damage_healed":0,"gold_gain":0,"player_choice":"Ignored","damage_taken":0,"max_hp_gain":0,"max_hp_loss":0,"event_name":"Shining Light","floor":4,"gold_loss":0},{"damage_healed":20,"gold_gain":0,"player_choice":"Healed","damage_taken":0,"max_hp_gain":0,"max_hp_loss":0,"event_name":"The Cleric","floor":7,"gold_loss":35},{"damage_healed":0,"gold_gain":0,"player_choice":"Success","damage_taken":12,"relics_obtained":["Blood Vial"],"max_hp_gain":0,"max_hp_loss":0,"event_name":"Scrap Ooze","floor":10,"gold_loss":0},{"damage_healed":0,"gold_gain":0,"player_choice":"Grow","damage_taken":0,"max_hp_gain":0,"max_hp_loss":0,"event_name":"Living Wall","floor":12,"gold_loss":0,"cards_upgraded":["Clothesline"]}],"is_beta":false,"boss_relics":[{"not_picked":["Mark of Pain","Pandora\u0027s Box"],"picked":"Velvet Choker"}],"items_purged_floors":[30],"is_endless":false,"potions_floor_spawned":[1,3,5,6,8,18,21,22,23,27,31],"killed_by":"Collector","ascension_level":4}