{"gold_per_floor":[115,70,89,105,121,146,158,197,233,279,291,319,331,343,355,444,456,483,495,15,33,33,33,33,33,87,114,114,130,130,30,30,103,103,115,115,134,153,153,185,185,185,209,209,236,0,50,60,60,60],"floor_reached":50,"playtime":2356,"items_purged":["Strike_G","Decay"],"score":1058,"play_id":"d7590655-f728-4d1f-b4ae-90de72949863","local_time":"20190405202427","is_ascension_mode":true,"campfire_choices":[{"data":"Neutralize","floor":11,"key":"SMITH"},{"data":"Noxious Fumes","floor":13,"key":"SMITH"},{"data":"Cloak And Dagger","floor":15,"key":"SMITH"},{"data":"Adrenaline","floor":23,"key":"SMITH"},{"data":"Storm of Steel","floor":28,"key":"SMITH"},{"data":"Choke","floor":30,"key":"SMITH"},{"floor":32,"key":"REST"},{"data":"Mind Blast","floor":41,"key":"SMITH"},{"floor":44,"key":"REST"},{"floor":49,"key":"REST"}],"neow_cost":"NONE","seed_source_timestamp":4610760364862,"circlet_count":0,"master_deck":["AscendersBane","Survivor+1","Neutralize+1","Cloak And Dagger+1","Noxious Fumes+1","Endless Agony","Dagger Spray","Backflip+1","Adrenaline+1","Storm of Steel+1","Acrobatics+1","Catalyst+1","Malaise+1","Adrenaline+1","Deflect+1","Choke+1","Prepared+1","Corpse Explosion+1","Slice","Flying Knee","Concentrate+1","Distraction+1","Doppelganger+1","Deadly Poison+1","Deadly Poison+1","Cloak And Dagger+1","Mind Blast+1","Distraction+1","Leg Sweep+1","Accuracy+1","Caltrops"],"relics":["Ring of the Snake","NeowsBlessing","MawBank","Orichalcum","Anchor","Ancient Tea Set","Dead Branch","Runic Dome","Toxic Egg 2","Dream Catcher","Lantern","Pandora\u0027s Box","Smiling Mask","Blood Vial","War Paint","Red Mask","Thread and Needle"],"potions_floor_usage":[16,50,50],"damage_taken":[{"damage":0,"enemies":"Cultist","floor":1,"turns":1},{"damage":0,"enemies":"Jaw Worm","floor":3,"turns":1},{"damage":0,"enemies":"Small Slimes","floor":4,"turns":1},{"damage":9,"enemies":"Exordium Wildlife","floor":5,"turns":6},{"damage":15,"enemies":"3 Sentries","floor":6,"turns":7},{"damage":18,"enemies":"Gremlin Nob","floor":10,"turns":5},{"damage":0,"enemies":"Red Slaver","floor":12,"turns":3},{"damage":25,"enemies":"Slime Boss","floor":16,"turns":13},{"damage":14,"enemies":"2 Thieves","floor":18,"turns":4},{"damage":1,"enemies":"3 Byrds","floor":21,"turns":3},{"damage":5,"enemies":"Book of Stabbing","floor":27,"turns":5},{"damage":0,"enemies":"Cultist and Chosen","floor":29,"turns":4},{"damage":40,"enemies":"Champ","floor":33,"turns":8},{"damage":0,"enemies":"Orb Walker","floor":35,"turns":2},{"damage":11,"enemies":"3 Darklings","floor":37,"turns":2},{"damage":0,"enemies":"Spire Growth","floor":38,"turns":3},{"damage":3,"enemies":"Giant Head","floor":40,"turns":4},{"damage":24,"enemies":"Reptomancer","floor":45,"turns":4},{"damage":14,"enemies":"2 Orb Walkers","floor":47,"turns":3},{"damage":0,"enemies":"4 Shapes","floor":48,"turns":3},{"damage":61,"enemies":"Time Eater","floor":50,"turns":9}],"seed_played":"-5584251614190484814","potions_obtained":[{"floor":3,"key":"Block Potion"},{"floor":4,"key":"EssenceOfSteel"},{"floor":6,"key":"PowerPotion"},{"floor":16,"key":"AttackPotion"}],"is_trial":false,"path_per_floor":["M","$","M","M","M","E","?","T","T","E","R","M","R","?","R","B",null,"M","?","$","M","?","R","?","?","T","E","R","M","R","$","R","B",null,"M","?","M","M","?","E","R","?","T","R","E","?","?","M","R","B"],"character_chosen":"THE_SILENT","items_purchased":["Noxious Fumes","Toxic Egg 2","Acrobatics+1","Catalyst+1"],"campfire_rested":3,"item_purchase_floors":[2,20,20,20],"current_hp_per_floor":[59,59,59,59,50,35,57,57,57,39,39,39,39,34,34,9,52,38,38,38,37,37,37,37,37,37,32,32,32,32,32,51,11,52,52,52,41,41,41,38,38,38,38,56,34,34,22,24,42,0],"gold":60,"neow_bonus":"THREE_ENEMY_KILL","is_prod":false,"is_daily":false,"chose_seed":false,"campfire_upgraded":7,"win_rate":0,"timestamp":1554510267,"path_taken":["M","$","M","?","?","E","?","?","T","E","R","M","R","?","R","BOSS","M","?","$","?","?","R","?","?","T","E","R","?","R","$","R","BOSS","M","?","M","M","?","E","R","?","T","R","E","?","?","M","R","BOSS"],"build_version":"2019-01-23","purchased_purges":2,"victory":false,"max_hp_per_floor":[66,66,66,66,66,66,66,66,66,66,66,66,66,66,66,66,66,66,66,66,66,66,66,66,66,66,66,66,66,66,66,66,66,66,66,66,66,66,66,66,66,63,63,63,63,63,63,63,63,63],"card_choices":[{"not_picked":["Deflect","Caltrops"],"picked":"Cloak And Dagger","floor":1},{"not_picked":["Cloak And Dagger","Expertise"],"picked":"Endless Agony","floor":3},{"not_picked":["Outmaneuver","Blade Dance","Bane"],"picked":"SKIP","floor":4},{"not_picked":["Eviscerate","Underhanded Strike"],"picked":"Dagger Spray","floor":5},{"not_picked":["Bane","Dagger Throw","Doppelganger"],"picked":"SKIP","floor":6},{"not_picked":["Blade Dance","Poisoned Stab"],"picked":"Backflip","floor":10},{"not_picked":["Dagger Throw","Sucker Punch"],"picked":"Adrenaline","floor":12},{"not_picked":["Phantasmal Killer","Wraith Form v2"],"picked":"Storm of Steel","floor":16},{"not_picked":["Quick Slash","Deflect","Masterful Stab"],"picked":"SKIP","floor":18},{"not_picked":["Slice+1","Riddle With Holes","Tactician+1"],"picked":"SKIP","floor":21},{"not_picked":["Dodge and Roll+1","Prepared+1"],"picked":"Deflect+1","floor":27},{"not_picked":["Sucker Punch","Quick Slash"],"picked":"Choke","floor":29},{"not_picked":["Flying Knee","Choke"],"picked":"Prepared+1","floor":32},{"not_picked":["Storm of Steel+1","Night Terror+1"],"picked":"Corpse Explosion+1","floor":33},{"not_picked":["Sucker Punch","Poisoned Stab"],"picked":"Deadly Poison+1","floor":35},{"not_picked":["Die Die Die","Flying Knee"],"picked":"Deadly Poison+1","floor":37},{"not_picked":["Heel Hook","Footwork"],"picked":"Cloak And Dagger+1","floor":38},{"not_picked":["Impatience+1","Enlightenment+1"],"picked":"Mind Blast","floor":39},{"not_picked":["Bane","Noxious Fumes"],"picked":"Distraction+1","floor":40},{"not_picked":["Deflect+1","Blade Dance+1"],"picked":"Leg Sweep+1","floor":44},{"not_picked":["Noxious Fumes","Reflex+1","Storm of Steel+1"],"picked":"SKIP","floor":45},{"not_picked":["Underhanded Strike","Blade Dance+1"],"picked":"Accuracy+1","floor":47},{"not_picked":["Dagger Spray","Prepared+1"],"picked":"Caltrops","floor":48}],"player_experience":538520,"relics_obtained":[{"floor":6,"key":"MawBank"},{"floor":8,"key":"Orichalcum"},{"floor":9,"key":"Anchor"},{"floor":10,"key":"Ancient Tea Set"},{"floor":26,"key":"Dream Catcher"},{"floor":27,"key":"Lantern"},{"floor":40,"key":"Smiling Mask"},{"floor":43,"key":"Blood Vial"},{"floor":45,"key":"War Paint"},{"floor":47,"key":"Thread and Needle"}],"event_choices":[{"damage_healed":22,"gold_gain":0,"player_choice":"Banana","damage_taken":0,"max_hp_gain":0,"max_hp_loss":0,"event_name":"Big Fish","floor":7,"gold_loss":0},{"damage_healed":0,"gold_gain":0,"player_choice":"Success","damage_taken":5,"relics_obtained":["Dead Branch"],"max_hp_gain":0,"max_hp_loss":0,"event_name":"Scrap Ooze","floor":14,"gold_loss":0},{"cards_removed":["Strike_G"],"damage_healed":0,"gold_gain":0,"player_choice":"Offered Basic","damage_taken":0,"max_hp_gain":0,"max_hp_loss":0,"event_name":"Bonfire Elementals","floor":19,"gold_loss":0},{"damage_healed":0,"gold_gain":0,"cards_transformed":["Strike_G","Strike_G"],"player_choice":"Became Test Subject","damage_taken":0,"max_hp_gain":0,"max_hp_loss":0,"event_name":"Drug Dealer","floor":22,"gold_loss":0,"cards_obtained":["Malaise","Adrenaline"]},{"damage_healed":0,"gold_gain":0,"player_choice":"Smashed Altar","damage_taken":0,"max_hp_gain":0,"max_hp_loss":0,"event_name":"Forgotten Altar","floor":24,"gold_loss":0,"cards_obtained":["Decay"]},{"damage_healed":0,"gold_gain":0,"player_choice":"Ignored","damage_taken":0,"max_hp_gain":0,"max_hp_loss":0,"event_name":"The Mausoleum","floor":25,"gold_loss":0},{"cards_removed":["Endless Agony"],"damage_healed":0,"gold_gain":0,"player_choice":"Removed Attack","damage_taken":0,"max_hp_gain":0,"max_hp_loss":0,"event_name":"Falling","floor":36,"gold_loss":0},{"damage_healed":0,"gold_gain":0,"player_choice":"Memory 1","damage_taken":0,"max_hp_gain":0,"max_hp_loss":0,"event_name":"SensoryStone","floor":39,"gold_loss":0},{"damage_healed":0,"gold_gain":0,"player_choice":"Max HP","damage_taken":0,"max_hp_gain":0,"max_hp_loss":3,"event_name":"Winding Halls","floor":42,"gold_loss":0},{"damage_healed":0,"gold_gain":0,"player_choice":"Paid","damage_taken":0,"relics_obtained":["Red Mask"],"max_hp_gain":0,"max_hp_loss":0,"event_name":"Tomb of Lord Red Mask","floor":46,"gold_loss":236},{"damage_healed":0,"gold_gain":0,"player_choice":"Fight","damage_taken":0,"max_hp_gain":0,"max_hp_loss":0,"event_name":"Mysterious Sphere","floor":47,"gold_loss":0}],"is_beta":false,"boss_relics":[{"not_picked":["Lizard Tail","Velvet Choker"],"picked":"Runic Dome"},{"not_picked":["White Beast Statue","Eternal Feather"],"picked":"Pandora\u0027s Box"}],"items_purged_floors":[20,31],"is_endless":false,"potions_floor_spawned":[3,4,6,16,21,33,35,37,48],"killed_by":"Time Eater","ascension_level":16}