{"gold_per_floor":[218,193,193,193,211,211,227,26,51,67,81,81,6,42,42,42],"floor_reached":16,"playtime":472,"items_purged":["Regret"],"score":100,"play_id":"f089524c-d939-4761-9150-cfff0694a727","local_time":"20190424082334","is_ascension_mode":false,"campfire_choices":[{"data":"Dualcast","floor":6,"key":"SMITH"},{"data":"Zap","floor":15,"key":"SMITH"}],"neow_cost":"NONE","seed_source_timestamp":232861964349943,"circlet_count":0,"master_deck":["Strike_B","Strike_B","Strike_B","Strike_B","Defend_B","Defend_B","Defend_B","Defend_B","Zap+1","Dualcast+1","Cold Snap","Cold Snap","Coolheaded","Lockon","Backflip","Distraction","Adrenaline"],"relics":["Cracked Core","Golden Idol","Pear","PrismaticShard","Anchor","Peace Pipe"],"potions_floor_usage":[16,16],"damage_taken":[{"damage":1,"enemies":"Cultist","floor":1,"turns":3},{"damage":0,"enemies":"2 Louse","floor":5,"turns":2},{"damage":3,"enemies":"Jaw Worm","floor":7,"turns":3},{"damage":16,"enemies":"Large Slime","floor":10,"turns":5},{"damage":10,"enemies":"Gremlin Gang","floor":11,"turns":4},{"damage":8,"enemies":"Lagavulin","floor":14,"turns":7},{"damage":32,"enemies":"Hexaghost","floor":16,"turns":11}],"seed_played":"-8711137723663565418","potions_obtained":[{"floor":7,"key":"GamblersBrew"},{"floor":11,"key":"Energy Potion"},{"floor":14,"key":"SneckoOil"}],"is_trial":false,"path_per_floor":["M","$","?","?","M","R","M","$","T","M","M","?","$","E","R","B"],"character_chosen":"DEFECT","items_purchased":["Cold Snap","PrismaticShard"],"campfire_rested":0,"item_purchase_floors":[2,8],"current_hp_per_floor":[74,74,56,66,66,66,63,63,63,47,37,37,37,29,29,0],"gold":42,"neow_bonus":"HUNDRED_GOLD","is_prod":false,"is_daily":false,"chose_seed":false,"campfire_upgraded":2,"win_rate":0,"timestamp":1556061814,"path_taken":["M","?","?","?","M","R","M","$","T","M","M","?","$","E","R","BOSS"],"build_version":"2019-01-23","purchased_purges":1,"victory":false,"max_hp_per_floor":[75,75,75,85,85,85,85,85,85,85,85,85,85,85,85,85],"card_choices":[{"not_picked":["Sweeping Beam","Loop"],"picked":"Cold Snap","floor":1},{"not_picked":["Tempest","Reinforced Body"],"picked":"Coolheaded","floor":5},{"not_picked":["Consume","Rip and Tear"],"picked":"Lockon","floor":7},{"not_picked":["Noxious Fumes","Slice"],"picked":"Backflip","floor":10},{"not_picked":["Flex","Endless Agony"],"picked":"Distraction","floor":11},{"not_picked":["Armaments","Streamline"],"picked":"Adrenaline","floor":14}],"player_experience":353913,"relics_obtained":[{"floor":9,"key":"Anchor"},{"floor":14,"key":"Peace Pipe"}],"event_choices":[{"damage_healed":0,"gold_gain":0,"player_choice":"Take Damage","damage_taken":18,"relics_obtained":["Golden Idol"],"max_hp_gain":0,"max_hp_loss":0,"event_name":"Golden Idol","floor":3,"gold_loss":0},{"damage_healed":0,"gold_gain":0,"player_choice":"Box","damage_taken":0,"relics_obtained":["Pear"],"max_hp_gain":0,"max_hp_loss":0,"event_name":"Big Fish","floor":4,"gold_loss":0,"cards_obtained":["Regret"]},{"damage_healed":0,"gold_gain":0,"player_choice":"Bought 0 Potions","damage_taken":0,"max_hp_gain":0,"max_hp_loss":0,"event_name":"The Woman in Blue","floor":12,"gold_loss":0}],"is_beta":false,"boss_relics":[],"items_purged_floors":[13],"is_endless":false,"potions_floor_spawned":[7,11,14],"killed_by":"Hexaghost","ascension_level":0}