{"gold_per_floor":[210,2,2,18,0,0,29,29,29,45,45,58,58,72,72,151,151,151],"floor_reached":18,"playtime":978,"items_purged":[],"score":315,"play_id":"999eeda0-c4f0-46a3-adfd-5dfab4f15148","local_time":"20190205102831","is_ascension_mode":true,"campfire_choices":[{"floor":6,"key":"REST"},{"data":"Bash","floor":8,"key":"SMITH"},{"data":"Heavy Blade","floor":11,"key":"SMITH"},{"floor":15,"key":"REST"}],"neow_cost":"NONE","seed_source_timestamp":2132328969969678,"circlet_count":0,"master_deck":["AscendersBane","Strike_R","Strike_R+1","Strike_R","Strike_R","Strike_R","Defend_R","Defend_R+1","Defend_R","Defend_R","Bash+1","Metallicize","Sword Boomerang","Heavy Blade+1","Headbutt","Limit Break","Impervious"],"relics":["Burning Blood","Brimstone","Ginger","Pantograph","Smiling Mask","Ectoplasm"],"potions_floor_usage":[7,16,16],"damage_taken":[{"damage":9,"enemies":"Jaw Worm","floor":1,"turns":5},{"damage":0,"enemies":"2 Louse","floor":4,"turns":2},{"damage":18,"enemies":"Gremlin Nob","floor":7,"turns":3},{"damage":0,"enemies":"Small Slimes","floor":10,"turns":2},{"damage":2,"enemies":"Blue Slaver","floor":12,"turns":3},{"damage":15,"enemies":"Red Slaver","floor":14,"turns":2},{"damage":18,"enemies":"The Guardian","floor":16,"turns":4},{"damage":75,"enemies":"3 Byrds","floor":18,"turns":4}],"seed_played":"1670258327321192261","potions_obtained":[{"floor":4,"key":"AttackPotion"},{"floor":7,"key":"Energy Potion"},{"floor":10,"key":"Dexterity Potion"}],"is_trial":false,"path_per_floor":["M","$","?","M","?","R","E","R","T","M","R","M","?","M","R","B",null,"M"],"character_chosen":"IRONCLAD","items_purchased":["Brimstone"],"campfire_rested":2,"item_purchase_floors":[2],"current_hp_per_floor":[65,65,50,56,56,75,63,63,63,69,69,73,66,57,75,63,72,0],"gold":151,"neow_bonus":"HUNDRED_GOLD","is_prod":false,"is_daily":false,"chose_seed":false,"campfire_upgraded":2,"win_rate":0,"timestamp":1549355311,"path_taken":["M","$","?","M","?","R","E","R","T","?","R","M","?","M","R","BOSS","M"],"build_version":"2019-01-23","purchased_purges":0,"victory":false,"max_hp_per_floor":[75,75,75,75,75,75,75,75,75,75,75,75,75,75,75,75,75,75],"card_choices":[{"not_picked":["Thunderclap","Twin Strike"],"picked":"Metallicize","floor":1},{"not_picked":["Fire Breathing","Anger"],"picked":"Sword Boomerang","floor":4},{"not_picked":["Thunderclap","Corruption"],"picked":"Heavy Blade","floor":7},{"not_picked":["Clash","Iron Wave"],"picked":"Headbutt","floor":10},{"not_picked":["Whirlwind","Ghostly Armor"],"picked":"Limit Break","floor":12},{"not_picked":["Clothesline","Dual Wield","Second Wind"],"picked":"SKIP","floor":14},{"not_picked":["Barricade","Bludgeon"],"picked":"Impervious","floor":16}],"player_experience":504170,"relics_obtained":[{"floor":7,"key":"Ginger"},{"floor":9,"key":"Pantograph"}],"event_choices":[{"damage_healed":0,"gold_gain":0,"player_choice":"Entered Light","damage_taken":15,"max_hp_gain":0,"max_hp_loss":0,"event_name":"Shining Light","floor":3,"gold_loss":0,"cards_upgraded":["Strike_R","Defend_R"]},{"damage_healed":0,"gold_gain":0,"player_choice":"Left Gold","damage_taken":0,"max_hp_gain":0,"max_hp_loss":0,"event_name":"World of Goop","floor":5,"gold_loss":18},{"damage_healed":0,"gold_gain":0,"player_choice":"Success","damage_taken":7,"relics_obtained":["Smiling Mask"],"max_hp_gain":0,"max_hp_loss":0,"event_name":"Scrap Ooze","floor":13,"gold_loss":0}],"is_beta":false,"boss_relics":[{"not_picked":["Eternal Feather","Tiny House"],"picked":"Ectoplasm"}],"items_purged_floors":[],"is_endless":false,"potions_floor_spawned":[4,7,10],"killed_by":"3 Byrds","ascension_level":14}