{"gold_per_floor":[111,24,24,24,40,74,74,74,74,74,93,93],"floor_reached":12,"playtime":360,"items_purged":[],"score":148,"play_id":"b0ad2409-4f64-4c3c-886a-c22ab76e93dd","local_time":"20190502193614","is_ascension_mode":true,"campfire_choices":[{"floor":7,"key":"REST"},{"floor":10,"key":"REST"}],"neow_cost":"NONE","seed_source_timestamp":509126618930658,"circlet_count":0,"master_deck":["AscendersBane","Defend_G","Defend_G+1","Defend_G","Defend_G","Defend_G+1","Strike_G","Strike_G","Strike_G","Strike_G","Strike_G","Survivor","Neutralize","Dagger Throw","Skewer","Cloak And Dagger","Dash","PiercingWail"],"relics":["Ring of the Snake","War Paint","Bag of Preparation","Blood Vial"],"potions_floor_usage":[12],"damage_taken":[{"damage":4,"enemies":"Jaw Worm","floor":1,"turns":5},{"damage":2,"enemies":"Small Slimes","floor":5,"turns":4},{"damage":45,"enemies":"Gremlin Nob","floor":6,"turns":5},{"damage":0,"enemies":"2 Louse","floor":11,"turns":3},{"damage":59,"enemies":"Gremlin Gang","floor":12,"turns":5}],"seed_played":"9160748446768727297","potions_obtained":[{"floor":6,"key":"FearPotion"}],"is_trial":false,"path_per_floor":["M","$","?","$","M","E","R","?","T","R","M","M"],"character_chosen":"THE_SILENT","items_purchased":["Skewer"],"campfire_rested":2,"item_purchase_floors":[2],"current_hp_per_floor":[55,55,50,50,48,3,22,22,22,41,43,0],"gold":93,"neow_bonus":"RANDOM_COMMON_RELIC","is_prod":false,"is_daily":false,"chose_seed":false,"campfire_upgraded":0,"win_rate":0,"timestamp":1556840174,"path_taken":["M","$","?","$","M","E","R","?","T","R","?","M"],"build_version":"2019-01-23","purchased_purges":0,"victory":false,"max_hp_per_floor":[66,66,66,66,66,66,66,66,66,66,66,66],"card_choices":[{"not_picked":["PiercingWail","Accuracy"],"picked":"Dagger Throw","floor":1},{"not_picked":["Calculated Gamble","Masterful Stab"],"picked":"Cloak And Dagger","floor":5},{"not_picked":["Accuracy","Outmaneuver"],"picked":"Dash","floor":6},{"not_picked":["Tactician","Doppelganger"],"picked":"PiercingWail","floor":11}],"player_experience":591125,"relics_obtained":[{"floor":6,"key":"Bag of Preparation"},{"floor":9,"key":"Blood Vial"}],"event_choices":[{"damage_healed":0,"gold_gain":0,"player_choice":"Fled","damage_taken":5,"max_hp_gain":0,"max_hp_loss":0,"event_name":"Scrap Ooze","floor":3,"gold_loss":0},{"damage_healed":0,"gold_gain":0,"player_choice":"Ignored","damage_taken":0,"max_hp_gain":0,"max_hp_loss":0,"event_name":"Shining Light","floor":8,"gold_loss":0}],"is_beta":false,"boss_relics":[],"items_purged_floors":[],"is_endless":false,"potions_floor_spawned":[6],"killed_by":"Gremlin Gang","ascension_level":19}