{"gold_per_floor":[10,22,22,38,15,15,42,42,42,42,73,22,42,42,42,42],"floor_reached":16,"playtime":584,"items_purged":[],"score":209,"play_id":"8da0140c-4683-4219-bb1b-f4fd7682ae26","local_time":"20190305092308","is_ascension_mode":true,"campfire_choices":[{"floor":6,"key":"REST"},{"data":"Twin Strike","floor":8,"key":"SMITH"},{"data":"Battle Trance","floor":10,"key":"SMITH"},{"data":"Shrug It Off","floor":15,"key":"SMITH"}],"neow_cost":"NO_GOLD","seed_source_timestamp":240836019575143,"circlet_count":0,"master_deck":["AscendersBane","Strike_R","Strike_R","Strike_R","Strike_R","Strike_R","Defend_R","Defend_R","Defend_R","Defend_R","Bash+1","Twin Strike+1","Pummel","Shrug It Off","Battle Trance+1","Corruption","Shrug It Off+1"],"relics":["Burning Blood","WingedGreaves","Ancient Tea Set","Lantern","Darkstone Periapt"],"potions_floor_usage":[5,7],"damage_taken":[{"damage":23,"enemies":"Jaw Worm","floor":1,"turns":7},{"damage":8,"enemies":"Cultist","floor":2,"turns":5},{"damage":10,"enemies":"Small Slimes","floor":4,"turns":3},{"damage":37,"enemies":"Exordium Thugs","floor":5,"turns":5},{"damage":3,"enemies":"Gremlin Nob","floor":7,"turns":3},{"damage":32,"enemies":"3 Sentries","floor":11,"turns":9},{"damage":3,"enemies":"Looter","floor":13,"turns":2},{"damage":23,"enemies":"Hexaghost","floor":16,"turns":10}],"seed_played":"-8807352478792145","potions_obtained":[{"floor":2,"key":"BloodPotion"},{"floor":4,"key":"SteroidPotion"},{"floor":7,"key":"Energy Potion"}],"is_trial":false,"path_per_floor":["M","M","?","M","M","R","E","R","T","R","E","$","M","?","R","B"],"character_chosen":"IRONCLAD","items_purchased":["Shrug It Off"],"campfire_rested":1,"item_purchase_floors":[12],"current_hp_per_floor":[51,49,49,45,21,43,46,46,46,46,20,20,23,23,23,0],"gold":42,"neow_bonus":"ONE_RARE_RELIC","is_prod":false,"is_daily":false,"chose_seed":false,"campfire_upgraded":3,"win_rate":0,"timestamp":1551795788,"path_taken":["M","M","?","?","M","R","E","R","T","R","E","?","?","?","R","BOSS"],"build_version":"2019-01-23","purchased_purges":0,"victory":false,"max_hp_per_floor":[75,75,75,75,75,75,75,75,75,75,75,75,75,75,75,75],"card_choices":[{"not_picked":["Body Slam","Feel No Pain"],"picked":"Twin Strike","floor":1},{"not_picked":["Perfected Strike","Second Wind"],"picked":"Pummel","floor":2},{"not_picked":["Flex","Dual Wield"],"picked":"Shrug It Off","floor":4},{"not_picked":["Armaments","Body Slam","Exhume"],"picked":"SKIP","floor":5},{"not_picked":["True Grit","Entrench"],"picked":"Battle Trance","floor":7},{"not_picked":["Rupture","Body Slam"],"picked":"Corruption","floor":11},{"not_picked":["Rage","Evolve","Warcry"],"picked":"SKIP","floor":13}],"player_experience":452176,"relics_obtained":[{"floor":7,"key":"Ancient Tea Set"},{"floor":9,"key":"Lantern"},{"floor":11,"key":"Darkstone Periapt"}],"event_choices":[{"damage_healed":0,"gold_gain":0,"player_choice":"Forge","damage_taken":0,"max_hp_gain":0,"max_hp_loss":0,"event_name":"Accursed Blacksmith","floor":3,"gold_loss":0,"cards_upgraded":["Bash"]},{"damage_healed":0,"gold_gain":0,"player_choice":"Ignored","damage_taken":0,"max_hp_gain":0,"max_hp_loss":0,"event_name":"Golden Idol","floor":14,"gold_loss":0}],"is_beta":false,"boss_relics":[],"items_purged_floors":[],"is_endless":false,"potions_floor_spawned":[2,4,7],"killed_by":"Hexaghost","ascension_level":18}