{"gold_per_floor":[112,123,123,134,134,209,209,248,275,308,308,341,364,364],"floor_reached":14,"playtime":370,"items_purged":[],"score":108,"play_id":"df573451-22d0-4d32-affb-cabe37e0f0c3","local_time":"20190420135113","is_ascension_mode":false,"campfire_choices":[{"data":"Zap","floor":7,"key":"SMITH"},{"data":"Glacier","floor":11,"key":"SMITH"}],"neow_cost":"NONE","seed_source_timestamp":314384899872490,"circlet_count":0,"master_deck":["Strike_B","Strike_B","Strike_B","Strike_B","Defend_B","Defend_B","Defend_B","Defend_B","Zap+1","Dualcast+1","Genetic Algorithm","Turbo","Coolheaded","Electrodynamics","Glacier+1","Machine Learning"],"relics":["Cracked Core","NeowsBlessing","Golden Idol","Lantern","Happy Flower","Centennial Puzzle","Art of War"],"potions_floor_usage":[8,14,14],"damage_taken":[{"damage":0,"enemies":"Jaw Worm","floor":1,"turns":1},{"damage":0,"enemies":"2 Louse","floor":2,"turns":1},{"damage":0,"enemies":"Cultist","floor":4,"turns":1},{"damage":12,"enemies":"Lagavulin","floor":8,"turns":6},{"damage":10,"enemies":"3 Sentries","floor":10,"turns":3},{"damage":6,"enemies":"Lagavulin","floor":12,"turns":7},{"damage":0,"enemies":"Red Slaver","floor":13,"turns":3},{"damage":30,"enemies":"Gremlin Nob","floor":14,"turns":5}],"seed_played":"8786941462405621788","potions_obtained":[{"floor":2,"key":"Poison Potion"},{"floor":4,"key":"Dexterity Potion"},{"floor":8,"key":"Strength Potion"},{"floor":12,"key":"Ancient Potion"}],"is_trial":false,"path_per_floor":["M","M","?","M","?","?","R","E","T","E","R","E","M","E"],"character_chosen":"DEFECT","items_purchased":[],"campfire_rested":0,"item_purchase_floors":[],"current_hp_per_floor":[75,75,75,75,57,46,46,34,34,24,24,18,18,0],"gold":364,"neow_bonus":"THREE_ENEMY_KILL","is_prod":false,"is_daily":false,"chose_seed":false,"campfire_upgraded":2,"win_rate":0,"timestamp":1555735873,"path_taken":["M","M","?","M","?","?","R","E","T","E","R","E","?","E"],"build_version":"2019-01-23","purchased_purges":0,"victory":false,"max_hp_per_floor":[75,75,75,75,75,75,75,75,75,75,75,75,75,75],"card_choices":[{"not_picked":["Coolheaded","Consume"],"picked":"Genetic Algorithm","floor":1},{"not_picked":["Reprogram","Capacitor"],"picked":"Turbo","floor":2},{"not_picked":["Reprogram","Turbo"],"picked":"Coolheaded","floor":4},{"not_picked":["Storm","Darkness"],"picked":"Electrodynamics","floor":8},{"not_picked":["Steam","Conserve Battery"],"picked":"Glacier","floor":10},{"not_picked":["Gash","Steam","Sweeping Beam"],"picked":"SKIP","floor":12},{"not_picked":["Redo","Sweeping Beam"],"picked":"Machine Learning","floor":13}],"player_experience":312642,"relics_obtained":[{"floor":8,"key":"Lantern"},{"floor":9,"key":"Happy Flower"},{"floor":10,"key":"Centennial Puzzle"},{"floor":12,"key":"Art of War"}],"event_choices":[{"damage_healed":0,"gold_gain":0,"player_choice":"Grow","damage_taken":0,"max_hp_gain":0,"max_hp_loss":0,"event_name":"Living Wall","floor":3,"gold_loss":0,"cards_upgraded":["Dualcast"]},{"damage_healed":0,"gold_gain":0,"player_choice":"Take Damage","damage_taken":18,"relics_obtained":["Golden Idol"],"max_hp_gain":0,"max_hp_loss":0,"event_name":"Golden Idol","floor":5,"gold_loss":0},{"damage_healed":0,"gold_gain":75,"player_choice":"Gather Gold","damage_taken":11,"max_hp_gain":0,"max_hp_loss":0,"event_name":"World of Goop","floor":6,"gold_loss":0}],"is_beta":false,"boss_relics":[],"items_purged_floors":[],"is_endless":false,"potions_floor_spawned":[2,4,8,12],"killed_by":"Gremlin Nob","ascension_level":0}