{"gold_per_floor":[217,217,178,178,178,178,201,221,221,254,219,219,260,278,278,407,407,431,452,152,176,97,132,132,132,132,132,147,147,147,107,107,206,206,224,274,284,209,220,220,220,233,256,256,256,256,270,287,287,287],"floor_reached":51,"playtime":1523,"items_purged":["Writhe"],"score":673,"play_id":"b109cb65-0b76-4db2-b74d-79008430b431","local_time":"20190513212804","is_ascension_mode":false,"campfire_choices":[{"data":"Underhanded Strike","floor":6,"key":"SMITH"},{"data":"Bouncing Flask","floor":12,"key":"SMITH"},{"data":"Riddle With Holes","floor":15,"key":"SMITH"},{"data":"Backstab","floor":24,"key":"SMITH"},{"floor":29,"key":"REST"},{"data":"Underhanded Strike","floor":32,"key":"SMITH"},{"data":"Wraith Form v2","floor":40,"key":"SMITH"},{"floor":46,"key":"RECALL"},{"floor":49,"key":"REST"}],"neow_cost":"NONE","seed_source_timestamp":10199414440400,"circlet_count":0,"master_deck":["Survivor+1","Neutralize+1","Underhanded Strike+1","Noxious Fumes+1","Bouncing Flask+1","Quick Slash+1","Bouncing Flask+1","Deadly Poison+1","Quick Slash+1","Deadly Poison+1","Prepared+1","Underhanded Strike+1","Leg Sweep+1","Unload+1","After Image+1","Finisher+1","Unload+1","Predator+1","PiercingWail+1","Heel Hook+1","Blur+1","Bouncing Flask+1","Backstab+1","Flying Knee+1","Wraith Form v2+1","Deadly Poison+1","PiercingWail+1"],"relics":["Ring of the Snake","Bloody Idol","Mercury Hourglass","Toxic Egg 2","Pocketwatch","Pandora\u0027s Box","Orichalcum","Bag of Marbles","Ginger","Matryoshka","Enchiridion","Anchor","Sozu","Incense Burner","Art of War","Happy Flower","Mark of the Bloom"],"potions_floor_usage":[8,18,33,33,33,36],"damage_taken":[{"damage":3,"enemies":"Jaw Worm","floor":1,"turns":3},{"damage":5,"enemies":"Small Slimes","floor":7,"turns":5},{"damage":4,"enemies":"2 Louse","floor":8,"turns":2},{"damage":18,"enemies":"Gremlin Nob","floor":10,"turns":4},{"damage":16,"enemies":"Lagavulin","floor":13,"turns":5},{"damage":4,"enemies":"Red Slaver","floor":14,"turns":3},{"damage":8,"enemies":"The Guardian","floor":16,"turns":6},{"damage":2,"enemies":"Spheric Guardian","floor":18,"turns":3},{"damage":0,"enemies":"Chosen","floor":19,"turns":4},{"damage":0,"enemies":"Snecko","floor":21,"turns":3},{"damage":21,"enemies":"Book of Stabbing","floor":23,"turns":8},{"damage":0,"enemies":"Snake Plant","floor":28,"turns":3},{"damage":23,"enemies":"Automaton","floor":33,"turns":9},{"damage":0,"enemies":"3 Shapes","floor":35,"turns":3},{"damage":21,"enemies":"2 Orb Walkers","floor":36,"turns":4},{"damage":0,"enemies":"Orb Walker","floor":37,"turns":3},{"damage":0,"enemies":"3 Darklings","floor":39,"turns":5},{"damage":0,"enemies":"Maw","floor":42,"turns":5},{"damage":0,"enemies":"Sphere and 2 Shapes","floor":47,"turns":3},{"damage":0,"enemies":"Spire Growth","floor":48,"turns":4},{"damage":35,"enemies":"Donu and Deca","floor":50,"turns":8}],"seed_played":"-4652662698632259657","potions_obtained":[{"floor":7,"key":"SteroidPotion"},{"floor":13,"key":"Explosive Potion"},{"floor":16,"key":"EssenceOfSteel"},{"floor":18,"key":"AttackPotion"},{"floor":19,"key":"Poison Potion"},{"floor":33,"key":"Swift Potion"}],"is_trial":false,"path_per_floor":["M","?","$","?","$","R","M","M","T","E","?","R","E","M","R","B",null,"M","M","$","M","$","E","R","?","T","?","M","R","?","?","R","B",null,"M","?","M","$","M","R","?","M","T","?","?","R","M","M","R","B",null],"character_chosen":"THE_SILENT","items_purchased":["Noxious Fumes","Orichalcum","Bag of Marbles","Bouncing Flask+1"],"campfire_rested":2,"item_purchase_floors":[3,20,20,22],"current_hp_per_floor":[67,67,67,50,50,50,45,41,41,23,40,40,24,20,20,12,70,68,68,68,68,68,47,47,47,47,31,36,57,57,57,57,39,70,70,54,59,59,64,64,64,69,70,70,70,70,70,70,70,35],"gold":287,"neow_bonus":"HUNDRED_GOLD","is_prod":false,"is_daily":false,"chose_seed":false,"campfire_upgraded":6,"win_rate":0,"timestamp":1557772084,"path_taken":["M","?","$","?","$","R","M","M","T","E","?","R","E","M","R","BOSS","M","M","$","M","$","E","R","?","T","?","?","R","?","?","R","BOSS","M","?","M","?","M","R","?","M","T","?","?","R","M","?","R","BOSS"],"build_version":"2019-01-23","purchased_purges":1,"victory":true,"max_hp_per_floor":[70,70,70,70,70,70,70,70,70,70,70,70,70,70,70,70,70,70,70,70,70,70,70,70,70,70,70,70,70,70,70,70,70,70,70,70,70,70,70,70,70,70,70,70,70,70,70,70,70,70],"card_choices":[{"not_picked":["Prepared","Dodge and Roll"],"picked":"Underhanded Strike","floor":1},{"not_picked":["Cloak And Dagger","Blade Dance"],"picked":"Bouncing Flask","floor":7},{"not_picked":["Bane","Deflect"],"picked":"Quick Slash","floor":8},{"not_picked":["Flying Knee","Bane"],"picked":"Bouncing Flask","floor":10},{"not_picked":["Finisher","Setup+1"],"picked":"Deadly Poison+1","floor":13},{"not_picked":["Terror+1","Flechettes"],"picked":"Riddle With Holes","floor":14},{"not_picked":["Cloak And Dagger+1","Caltrops"],"picked":"PiercingWail+1","floor":18},{"not_picked":["Dodge and Roll+1","Sucker Punch"],"picked":"Heel Hook+1","floor":19},{"not_picked":["Reflex+1","Dodge and Roll+1"],"picked":"Blur+1","floor":21},{"not_picked":["Poisoned Stab","Deadly Poison+1"],"picked":"Backstab","floor":23},{"not_picked":["Poisoned Stab","Prepared+1"],"picked":"Flying Knee+1","floor":28},{"not_picked":["Die Die Die","Unload"],"picked":"Wraith Form v2","floor":33},{"not_picked":["Deflect+1","Quick Slash","Underhanded Strike+1"],"picked":"SKIP","floor":35},{"not_picked":["Flying Knee+1","Quick Slash+1","Outmaneuver+1"],"picked":"SKIP","floor":37},{"not_picked":["Deadly Poison+1","Well Laid Plans+1","Slice+1"],"picked":"SKIP","floor":39},{"not_picked":["Deflect+1","Cloak And Dagger+1"],"picked":"Deadly Poison+1","floor":42},{"not_picked":["Well Laid Plans+1","Quick Slash","Tactician+1"],"picked":"SKIP","floor":47},{"not_picked":["Poisoned Stab","Concentrate+1"],"picked":"PiercingWail+1","floor":48}],"player_experience":315856,"relics_obtained":[{"floor":9,"key":"Mercury Hourglass"},{"floor":10,"key":"Toxic Egg 2"},{"floor":13,"key":"Pocketwatch"},{"floor":23,"key":"Ginger"},{"floor":26,"key":"Matryoshka"},{"floor":27,"key":"Enchiridion"},{"floor":36,"key":"Incense Burner"},{"floor":43,"key":"Art of War"},{"floor":43,"key":"Happy Flower"}],"event_choices":[{"damage_healed":0,"gold_gain":0,"player_choice":"Grow","damage_taken":0,"max_hp_gain":0,"max_hp_loss":0,"event_name":"Living Wall","floor":2,"gold_loss":0,"cards_upgraded":["Neutralize"]},{"damage_healed":0,"gold_gain":0,"player_choice":"Take Damage","damage_taken":17,"relics_obtained":["Golden Idol"],"max_hp_gain":0,"max_hp_loss":0,"event_name":"Golden Idol","floor":4,"gold_loss":0},{"damage_healed":17,"gold_gain":0,"player_choice":"Healed","damage_taken":0,"max_hp_gain":0,"max_hp_loss":0,"event_name":"The Cleric","floor":11,"gold_loss":35},{"damage_healed":0,"gold_gain":0,"player_choice":"Gave Idol","damage_taken":0,"relics_obtained":["Bloody Idol"],"max_hp_gain":0,"max_hp_loss":0,"event_name":"Forgotten Altar","floor":25,"relics_lost":["Golden Idol"],"gold_loss":0},{"damage_healed":0,"gold_gain":0,"player_choice":"Obtained Book","damage_taken":16,"max_hp_gain":0,"max_hp_loss":0,"event_name":"Cursed Tome","floor":27,"gold_loss":0},{"damage_healed":0,"gold_gain":0,"player_choice":"Opened","damage_taken":0,"relics_obtained":["Anchor"],"max_hp_gain":0,"max_hp_loss":0,"event_name":"The Mausoleum","floor":30,"gold_loss":0,"cards_obtained":["Writhe"]},{"damage_healed":0,"gold_gain":0,"player_choice":"Upgrade","damage_taken":0,"max_hp_gain":0,"max_hp_loss":0,"event_name":"Designer","floor":31,"gold_loss":40,"cards_upgraded":["Noxious Fumes"]},{"damage_healed":0,"gold_gain":0,"player_choice":"Fight","damage_taken":0,"max_hp_gain":0,"max_hp_loss":0,"event_name":"Mysterious Sphere","floor":36,"gold_loss":0},{"cards_removed":["Riddle With Holes"],"damage_healed":0,"gold_gain":0,"player_choice":"Removed Attack","damage_taken":0,"max_hp_gain":0,"max_hp_loss":0,"event_name":"Falling","floor":41,"gold_loss":0},{"damage_healed":0,"gold_gain":0,"player_choice":"Memory 1","damage_taken":0,"max_hp_gain":0,"max_hp_loss":0,"event_name":"SensoryStone","floor":44,"gold_loss":0},{"damage_healed":0,"gold_gain":0,"player_choice":"Upgrade","damage_taken":0,"relics_obtained":["Mark of the Bloom"],"max_hp_gain":0,"max_hp_loss":0,"event_name":"MindBloom","floor":45,"gold_loss":0,"cards_upgraded":["Survivor","Quick Slash","Quick Slash","Unload","After Image","Finisher","Unload","Predator"]}],"is_beta":false,"boss_relics":[{"not_picked":["Coffee Dripper","Astrolabe"],"picked":"Pandora\u0027s Box"},{"not_picked":["Ring of the Serpent","Cursed Key"],"picked":"Sozu"}],"items_purged_floors":[38],"is_endless":false,"potions_floor_spawned":[7,13,16,18,19,28,33,35,42,47],"ascension_level":0}