{"gold_per_floor":[116,129,145,160,179,179,214,214,214,7,27,60,79,89,89,89],"floor_reached":16,"playtime":652,"items_purged":[],"score":232,"play_id":"326dc3e2-c247-4f78-9f23-9980206f9dd4","local_time":"20190515195215","is_ascension_mode":true,"campfire_choices":[{"floor":6,"key":"REST"},{"data":"Combust","floor":8,"key":"SMITH"},{"data":"Armaments","floor":15,"key":"SMITH"}],"neow_cost":"NONE","seed_source_timestamp":801597939995443,"circlet_count":0,"master_deck":["AscendersBane","Strike_R","Strike_R","Strike_R","Strike_R","Strike_R","Defend_R","Defend_R","Defend_R","Defend_R","Bash","Combust+1","Shrug It Off","Anger","Spot Weakness","Immolate","Armaments+1","Burning Pact","Metallicize"],"relics":["Burning Blood","Strawberry","Blood Vial","The Courier","Boot"],"potions_floor_usage":[7,16,16],"damage_taken":[{"damage":1,"enemies":"Cultist","floor":1,"turns":3},{"damage":3,"enemies":"2 Louse","floor":2,"turns":2},{"damage":16,"enemies":"Jaw Worm","floor":3,"turns":5},{"damage":26,"enemies":"Large Slime","floor":4,"turns":6},{"damage":32,"enemies":"Gremlin Gang","floor":5,"turns":6},{"damage":23,"enemies":"Gremlin Nob","floor":7,"turns":4},{"damage":0,"enemies":"3 Louse","floor":11,"turns":1},{"damage":22,"enemies":"3 Sentries","floor":12,"turns":3},{"damage":13,"enemies":"Exordium Wildlife","floor":13,"turns":2},{"damage":3,"enemies":"Blue Slaver","floor":14,"turns":6},{"damage":32,"enemies":"The Guardian","floor":16,"turns":5}],"seed_played":"6170982153585112794","potions_obtained":[{"floor":1,"key":"Block Potion"},{"floor":3,"key":"PowerPotion"}],"is_trial":false,"path_per_floor":["M","M","M","M","M","R","E","R","T","$","M","E","M","M","R","B"],"character_chosen":"IRONCLAD","items_purchased":["Immolate","Armaments","Block Potion"],"campfire_rested":1,"item_purchase_floors":[10,10,10],"current_hp_per_floor":[80,82,72,52,26,50,33,33,33,33,41,27,22,27,27,0],"gold":89,"neow_bonus":"RANDOM_COMMON_RELIC","is_prod":false,"is_daily":false,"chose_seed":false,"campfire_upgraded":2,"win_rate":0,"timestamp":1557964335,"path_taken":["M","?","M","M","M","R","E","R","T","$","?","E","M","M","R","BOSS"],"build_version":"2019-01-23","purchased_purges":0,"victory":false,"max_hp_per_floor":[82,82,82,82,82,82,82,82,82,82,82,82,82,82,82,82],"card_choices":[{"not_picked":["Rupture","Flex"],"picked":"Combust","floor":1},{"not_picked":["Twin Strike","Havoc"],"picked":"Shrug It Off","floor":2},{"not_picked":["Ghostly Armor","Sword Boomerang"],"picked":"Anger","floor":3},{"not_picked":["Rupture","Dual Wield"],"picked":"Spot Weakness","floor":4},{"not_picked":["Cleave","Headbutt","Sentinel"],"picked":"SKIP","floor":5},{"not_picked":["Iron Wave","Combust","Infernal Blade"],"picked":"SKIP","floor":7},{"not_picked":["Entrench","Rupture","Armaments"],"picked":"SKIP","floor":11},{"not_picked":["Warcry","Pummel"],"picked":"Burning Pact","floor":12},{"not_picked":["Fire Breathing","Hemokinesis"],"picked":"Metallicize","floor":13},{"not_picked":["Pummel","Pommel Strike","Uppercut"],"picked":"SKIP","floor":14}],"player_experience":628443,"relics_obtained":[{"floor":7,"key":"Blood Vial"},{"floor":9,"key":"The Courier"},{"floor":12,"key":"Boot"}],"event_choices":[],"is_beta":false,"boss_relics":[],"items_purged_floors":[],"is_endless":false,"potions_floor_spawned":[1,3,4,11,13],"killed_by":"The Guardian","ascension_level":20}