{"gold_per_floor":[119,119,136,154,174,174,42,42,68,68,83,117,129,151,163,246,258,282,294,319,40,40],"floor_reached":22,"playtime":2065,"items_purged":["Strike_B","Creative AI"],"score":363,"play_id":"6aed6292-a77f-4d90-a407-12051510e1ed","local_time":"20190412192958","is_ascension_mode":true,"campfire_choices":[{"data":"Self Repair","floor":6,"key":"SMITH"},{"data":"Go for the Eyes","floor":10,"key":"SMITH"},{"data":"Streamline","floor":13,"key":"SMITH"},{"data":"Echo Form","floor":15,"key":"SMITH"}],"neow_cost":"NONE","seed_source_timestamp":164886235725795,"circlet_count":0,"master_deck":["AscendersBane","Defend_B","Defend_B","Defend_B","Zap","Dualcast","Self Repair+1","Go for the Eyes+1","Gash","Conserve Battery+1","Streamline+1","Echo Form+1","Scrape+1","Storm+1","Creative AI+1","Apotheosis"],"relics":["Runic Pyramid","Ancient Tea Set","MawBank","Astrolabe"],"potions_floor_usage":[5,11,12,16,22],"damage_taken":[{"damage":4,"enemies":"Small Slimes","floor":1,"turns":3},{"damage":4,"enemies":"Jaw Worm","floor":3,"turns":5},{"damage":2,"enemies":"2 Louse","floor":4,"turns":3},{"damage":1,"enemies":"Exordium Thugs","floor":5,"turns":4},{"damage":3,"enemies":"Looter","floor":11,"turns":3},{"damage":18,"enemies":"Lagavulin","floor":12,"turns":7},{"damage":1,"enemies":"Exordium Wildlife","floor":14,"turns":3},{"damage":34,"enemies":"Slime Boss","floor":16,"turns":10},{"damage":7,"enemies":"Chosen","floor":18,"turns":5},{"damage":39,"enemies":"Shell Parasite","floor":20,"turns":6},{"damage":29,"enemies":"Cultist and Chosen","floor":22,"turns":3}],"seed_played":"7412562623015232663","potions_obtained":[{"floor":1,"key":"GamblersBrew"},{"floor":3,"key":"Energy Potion"},{"floor":5,"key":"GamblersBrew"},{"floor":11,"key":"AttackPotion"},{"floor":20,"key":"EssenceOfSteel"}],"is_trial":false,"path_per_floor":["M","?","M","M","M","R","$","?","T","R","M","E","R","M","R","B",null,"M","?","M","$","M"],"character_chosen":"DEFECT","items_purchased":["Conserve Battery","Apotheosis"],"campfire_rested":0,"item_purchase_floors":[7,21],"current_hp_per_floor":[60,60,63,68,71,71,71,64,64,64,71,63,63,71,71,47,65,58,58,29,29,0],"gold":40,"neow_bonus":"BOSS_RELIC","is_prod":false,"is_daily":false,"chose_seed":false,"campfire_upgraded":4,"win_rate":0,"timestamp":1555086598,"path_taken":["M","?","M","M","M","R","$","?","T","R","M","E","R","M","R","BOSS","M","?","M","$","M"],"build_version":"2019-01-23","purchased_purges":2,"victory":false,"max_hp_per_floor":[71,71,71,71,71,71,71,71,71,71,71,71,71,71,71,71,71,71,71,71,71,71],"card_choices":[{"not_picked":["Redo","Lockon"],"picked":"Self Repair","floor":1},{"not_picked":["Stack","Sweeping Beam"],"picked":"Go for the Eyes","floor":3},{"not_picked":["Hologram","Scrape"],"picked":"Gash","floor":4},{"not_picked":["Consume","Tempest","Lockon"],"picked":"SKIP","floor":5},{"not_picked":["Double Energy","Redo","Go for the Eyes"],"picked":"SKIP","floor":11},{"not_picked":["Compile Driver","Conserve Battery"],"picked":"Streamline","floor":12},{"not_picked":["Conserve Battery","FTL"],"picked":"Echo Form","floor":14},{"not_picked":["Fission","Rainbow"],"picked":"Creative AI","floor":16},{"not_picked":["Cold Snap","Reprogram","Ball Lightning"],"picked":"SKIP","floor":18},{"not_picked":["Hologram","White Noise","Heatsinks"],"picked":"SKIP","floor":20}],"player_experience":808311,"relics_obtained":[{"floor":9,"key":"Ancient Tea Set"},{"floor":12,"key":"MawBank"}],"event_choices":[{"damage_healed":0,"gold_gain":0,"player_choice":"Ignored","damage_taken":0,"max_hp_gain":0,"max_hp_loss":0,"event_name":"Liars Game","floor":2,"gold_loss":0},{"cards_removed":["Strike_B"],"damage_healed":0,"gold_gain":0,"player_choice":"Card Removal","damage_taken":7,"max_hp_gain":0,"max_hp_loss":0,"event_name":"Golden Wing","floor":8,"gold_loss":0},{"damage_healed":0,"gold_gain":0,"player_choice":"Forge","damage_taken":0,"max_hp_gain":0,"max_hp_loss":0,"event_name":"Accursed Blacksmith","floor":19,"gold_loss":0,"cards_upgraded":["Conserve Battery"]}],"is_beta":false,"boss_relics":[{"not_picked":["Lizard Tail","Calling Bell"],"picked":"Astrolabe"}],"items_purged_floors":[7,21],"is_endless":false,"potions_floor_spawned":[1,3,5,11,20],"killed_by":"Cultist and Chosen","ascension_level":19}