{"gold_per_floor":[115,133,143,143,155,155,190,207,207,207,225,225,242,262,262,341,341,356,206,220,233,233,233],"floor_reached":23,"playtime":1528,"items_purged":["Strike_B"],"score":374,"play_id":"de6f791e-71a0-42c1-b907-19fe99fe0afd","local_time":"20190325190329","is_ascension_mode":true,"campfire_choices":[{"floor":6.0,"key":"REST"},{"floor":10,"key":"REST"},{"data":"1","floor":15,"key":"LIFT"}],"neow_cost":"PERCENT_DAMAGE","seed_source_timestamp":371961239534120,"circlet_count":0,"master_deck":["AscendersBane","Strike_B","Strike_B","Strike_B","Defend_B","Defend_B","Defend_B","Defend_B","Zap","Dualcast","Streamline","Leap","Conserve Battery","Seek","Ball Lightning","Reinforced Body","Ball Lightning","Conserve Battery","Static Discharge","Fission","Undo","Reinforced Body"],"special_seed":0,"relics":["Cracked Core","Girya","Blood Vial","Dodecahedron","Strawberry","Busted Crown","Gambling Chip"],"potions_floor_usage":[7,13,16,18],"damage_taken":[{"damage":4.0,"enemies":"Jaw Worm","floor":1.0,"turns":4.0},{"damage":6.0,"enemies":"Cultist","floor":2.0,"turns":3.0},{"damage":0.0,"enemies":"2 Louse","floor":3.0,"turns":2.0},{"damage":1.0,"enemies":"Blue Slaver","floor":5.0,"turns":4.0},{"damage":34,"enemies":"Gremlin Nob","floor":7,"turns":4},{"damage":0,"enemies":"2 Fungi Beasts","floor":8,"turns":3},{"damage":6,"enemies":"Large Slime","floor":11,"turns":5},{"damage":3,"enemies":"Exordium Wildlife","floor":13,"turns":3},{"damage":4,"enemies":"Blue Slaver","floor":14,"turns":4},{"damage":7,"enemies":"Hexaghost","floor":16,"turns":11},{"damage":3,"enemies":"Chosen","floor":18,"turns":4},{"damage":15,"enemies":"3 Byrds","floor":20,"turns":3},{"damage":28,"enemies":"Centurion and Healer","floor":21,"turns":11},{"damage":38,"enemies":"Book of Stabbing","floor":23,"turns":5}],"seed_played":"3914280905713988060","potions_obtained":[{"floor":1.0,"key":"Fire Potion"},{"floor":3.0,"key":"SkillPotion"},{"floor":7,"key":"Dexterity Potion"},{"floor":14,"key":"FairyPotion"},{"floor":16,"key":"SkillPotion"},{"floor":20,"key":"Strength Potion"}],"is_trial":false,"path_per_floor":["M","M","M","?","M","R","E","M","T","R","M","?","M","M","R","B",null,"M","$","M","M","T","E"],"character_chosen":"DEFECT","items_purchased":["Undo"],"campfire_rested":2,"item_purchase_floors":[19],"current_hp_per_floor":[42,36,36,36,35,56,22,24,24,45,41,48,47,45,45,40,69,68,68,55,29,29,0],"gold":233,"neow_bonus":"ONE_RARE_RELIC","is_prod":false,"is_daily":false,"chose_seed":false,"campfire_upgraded":0,"win_rate":0,"timestamp":1553533409,"path_taken":["M","M","M","?","M","R","E","M","T","R","M","?","?","M","R","BOSS","M","$","M","?","?","E"],"build_version":"2019-01-23","purchased_purges":1,"victory":false,"max_hp_per_floor":[71,71,71,71,71,71,71,71,71,71,71,78,78,78,78,78,78,78,78,78,78,78,78],"card_choices":[{"not_picked":["Recycle","Steam"],"picked":"Streamline","floor":1.0},{"not_picked":["Coolheaded","Defragment"],"picked":"Leap","floor":2.0},{"not_picked":["Fusion","Tempest"],"picked":"Conserve Battery","floor":3.0},{"not_picked":["Turbo","Recycle"],"picked":"Seek","floor":5.0},{"not_picked":["Redo","Go for the Eyes"],"picked":"Ball Lightning","floor":7},{"not_picked":["Lockon","Rebound"],"picked":"Reinforced Body","floor":8},{"not_picked":["Turbo","Genetic Algorithm"],"picked":"Ball Lightning","floor":11},{"not_picked":["Beam Cell","Lockon"],"picked":"Conserve Battery","floor":13},{"not_picked":["Steam","Gash"],"picked":"Static Discharge","floor":14},{"not_picked":["Meteor Strike","Seek"],"picked":"Fission","floor":16},{"not_picked":["Barrage"],"picked":"SKIP","floor":18},{"not_picked":["Redo"],"picked":"SKIP","floor":20},{"not_picked":[],"picked":"Reinforced Body","floor":21}],"player_experience":776419,"relics_obtained":[{"floor":7,"key":"Blood Vial"},{"floor":9,"key":"Dodecahedron"},{"floor":12,"key":"Strawberry"},{"floor":22,"key":"Gambling Chip"}],"event_choices":[{"damage_healed":0.0,"max_hp_gain":0.0,"max_hp_loss":0.0,"gold_gain":0.0,"event_name":"Shining Light","player_choice":"Ignored","floor":4.0,"gold_loss":0.0,"damage_taken":0.0},{"damage_healed":0,"gold_gain":0,"player_choice":"Relic","damage_taken":0,"max_hp_gain":0,"max_hp_loss":0,"event_name":"Wheel of Change","floor":12,"gold_loss":0}],"is_beta":false,"boss_relics":[{"not_picked":["Nuclear Battery","Tiny House"],"picked":"Busted Crown"}],"items_purged_floors":[19],"is_endless":false,"potions_floor_spawned":[1,3,7,14,16,20,21],"killed_by":"Book of Stabbing","ascension_level":18}