{"gold_per_floor":[117,128,128,8,23,23,54,54,54,19,31,59,69,86,86,187,187,201,201,189,203,223,223,223],"floor_reached":24,"playtime":2161,"items_purged":[],"score":210,"play_id":"0e6392b2-135b-4248-9476-2e29ea862a34","local_time":"20190510195220","is_ascension_mode":false,"campfire_choices":[{"data":"Armaments","floor":6,"key":"SMITH"},{"data":"True Grit","floor":8,"key":"SMITH"},{"data":"Flame Barrier","floor":15,"key":"SMITH"},{"data":"Flame Barrier","floor":23,"key":"SMITH"}],"neow_cost":"NONE","seed_source_timestamp":340647732246341,"circlet_count":0,"master_deck":["Strike_R","Strike_R","Strike_R","Strike_R","Strike_R","Defend_R","Defend_R","Defend_R","Defend_R","Bash","Armaments+1","Rage","Metallicize","Panacea","True Grit+1","Flame Barrier+1","Uppercut","Metallicize","Berserk","Flame Barrier+1","Dual Wield","Disarm+1"],"relics":["Black Blood","NeowsBlessing","Bag of Marbles","Ancient Tea Set"],"potions_floor_usage":[21,24],"damage_taken":[{"damage":0,"enemies":"Small Slimes","floor":1,"turns":1},{"damage":0,"enemies":"Cultist","floor":2,"turns":1},{"damage":0,"enemies":"Jaw Worm","floor":5,"turns":1},{"damage":3,"enemies":"Lagavulin","floor":7,"turns":11},{"damage":0,"enemies":"Gremlin Gang","floor":11,"turns":8},{"damage":22,"enemies":"Gremlin Nob","floor":12,"turns":5},{"damage":3,"enemies":"Exordium Wildlife","floor":13,"turns":5},{"damage":1,"enemies":"Blue Slaver","floor":14,"turns":5},{"damage":30,"enemies":"The Guardian","floor":16,"turns":20},{"damage":9,"enemies":"Shell Parasite","floor":18,"turns":13},{"damage":4,"enemies":"2 Thieves","floor":20,"turns":5},{"damage":15,"enemies":"Centurion and Healer","floor":21,"turns":16},{"damage":8,"enemies":"Snecko","floor":22,"turns":10},{"damage":82,"enemies":"Gremlin Leader","floor":24,"turns":12}],"seed_played":"-9090112070988320855","potions_obtained":[{"floor":5,"key":"Dexterity Potion"},{"floor":12,"key":"Weak Potion"},{"floor":13,"key":"AttackPotion"},{"floor":14,"key":"Block Potion"},{"floor":22,"key":"Fire Potion"}],"is_trial":false,"path_per_floor":["M","M","?","$","M","R","E","R","T","$","M","E","M","M","R","B",null,"M","?","M","M","M","R","E"],"character_chosen":"IRONCLAD","items_purchased":["Metallicize","Panacea","Flame Barrier"],"campfire_rested":0,"item_purchase_floors":[4,4,10],"current_hp_per_floor":[80,80,80,80,80,80,80,80,80,80,80,64,67,72,72,48,80,80,80,80,75,77,77,0],"gold":223,"neow_bonus":"THREE_ENEMY_KILL","is_prod":false,"is_daily":false,"chose_seed":false,"campfire_upgraded":4,"win_rate":0,"timestamp":1557510740,"path_taken":["M","M","?","$","?","R","E","R","T","?","M","E","M","M","R","BOSS","M","?","M","M","?","R","E"],"build_version":"2019-01-23","purchased_purges":0,"victory":false,"max_hp_per_floor":[80,80,80,80,80,80,80,80,80,80,80,80,80,80,80,80,80,80,80,80,80,80,80,80],"card_choices":[{"not_picked":["Cleave","Body Slam"],"picked":"Armaments","floor":1},{"not_picked":["Entrench","Wild Strike"],"picked":"Rage","floor":2},{"not_picked":["Sentinel","Power Through"],"picked":"True Grit","floor":5},{"not_picked":["Armaments","Thunderclap","True Grit"],"picked":"SKIP","floor":7},{"not_picked":["Havoc","Intimidate"],"picked":"Uppercut","floor":11},{"not_picked":["Sword Boomerang","Havoc","Sever Soul"],"picked":"SKIP","floor":12},{"not_picked":["Perfected Strike","Fiend Fire"],"picked":"Metallicize","floor":13},{"not_picked":["Clothesline","Thunderclap","Uppercut"],"picked":"SKIP","floor":14},{"not_picked":["Immolate","Offering"],"picked":"Berserk","floor":16},{"not_picked":["Ghostly Armor","Body Slam+1"],"picked":"Flame Barrier","floor":18},{"not_picked":["True Grit","Spot Weakness"],"picked":"Dual Wield","floor":20},{"not_picked":["Armaments+1","Burning Pact","Iron Wave"],"picked":"SKIP","floor":21},{"not_picked":["Flex","Sword Boomerang"],"picked":"Disarm+1","floor":22}],"player_experience":244639,"relics_obtained":[{"floor":7,"key":"Bag of Marbles"},{"floor":12,"key":"Ancient Tea Set"}],"event_choices":[{"damage_healed":0,"gold_gain":0,"player_choice":"0 cards matched","damage_taken":0,"max_hp_gain":0,"max_hp_loss":0,"event_name":"Match and Keep!","floor":3,"gold_loss":0,"cards_obtained":[]},{"damage_healed":0,"gold_gain":0,"player_choice":"Bought 0 Potions","damage_taken":0,"max_hp_gain":0,"max_hp_loss":0,"event_name":"The Woman in Blue","floor":19,"gold_loss":0}],"is_beta":false,"boss_relics":[{"not_picked":["Pandora\u0027s Box","Calling Bell"],"picked":"Black Blood"}],"items_purged_floors":[],"is_endless":false,"potions_floor_spawned":[5,12,13,14,20,22],"killed_by":"Gremlin Leader","ascension_level":0}