{"gold_per_floor":[116,116,128,128,143,174,174,207,207,224,224,77,77,91,91,194,194,208,220,25,41,41,74,74,91,91,51,151,165,0,12,12,12],"floor_reached":33,"playtime":2751,"items_purged":["Pain"],"score":452,"play_id":"caf8d3eb-00b3-4e1a-88e9-0a08127a6ae8","local_time":"20190121122625","is_ascension_mode":true,"campfire_choices":[{"floor":7,"key":"REST"},{"floor":11,"key":"REST"},{"data":"Pommel Strike","floor":13,"key":"SMITH"},{"data":"Bash","floor":15,"key":"SMITH"},{"floor":24,"key":"REST"},{"floor":32,"key":"REST"}],"neow_cost":"NONE","seed_source_timestamp":841582418564440,"circlet_count":0,"master_deck":["Strike_R","Strike_R","Strike_R","Strike_R","Strike_R","Defend_R","Defend_R","Defend_R","Defend_R","Bash+1","Feed+1","Thunderclap","Infernal Blade","Cleave","Flame Barrier","Headbutt","Pommel Strike+1","Armaments","Double Tap","Shockwave","Burning Pact","Spot Weakness","Flame Barrier","Battle Trance","Ghostly Armor","Shrug It Off+1"],"special_seed":0,"relics":["Burning Blood","WarpedTongs","Strawberry","Calipers","Pear","Mark of Pain","ClockworkSouvenir","Darkstone Periapt"],"potions_floor_usage":[8,16,22,29,33],"damage_taken":[{"damage":6.0,"enemies":"2 Louse","floor":1.0,"turns":5.0},{"damage":0,"enemies":"Cultist","floor":3,"turns":4},{"damage":3,"enemies":"Jaw Worm","floor":5,"turns":3},{"damage":35,"enemies":"3 Sentries","floor":6,"turns":7},{"damage":27,"enemies":"Gremlin Nob","floor":8,"turns":4},{"damage":12,"enemies":"Exordium Thugs","floor":10,"turns":4},{"damage":2,"enemies":"Red Slaver","floor":14,"turns":3},{"damage":40,"enemies":"The Guardian","floor":16,"turns":12},{"damage":0,"enemies":"Chosen","floor":18,"turns":3},{"damage":12,"enemies":"3 Byrds","floor":19,"turns":5},{"damage":59,"enemies":"Centurion and Healer","floor":21,"turns":8},{"damage":0,"enemies":"Colosseum Slavers","floor":22,"turns":1},{"damage":57,"enemies":"Book of Stabbing","floor":23,"turns":7},{"damage":18,"enemies":"Snake Plant","floor":25,"turns":4},{"damage":0,"enemies":"Chosen and Byrds","floor":29,"turns":4},{"damage":9,"enemies":"Centurion and Healer","floor":31,"turns":6},{"damage":101,"enemies":"Collector","floor":33,"turns":10}],"seed_played":"1481143275528979046","potions_obtained":[{"floor":3,"key":"Strength Potion"},{"floor":6,"key":"SmokeBomb"},{"floor":10,"key":"Strength Potion"},{"floor":19,"key":"Dexterity Potion"},{"floor":25,"key":"AttackPotion"}],"is_trial":false,"path_per_floor":["M","?","M","?","M","E","R","E","T","M","R","$","R","M","R","B",null,"M","M","$","M","?","E","R","M","T","$","?","M","?","M","R","B"],"character_chosen":"IRONCLAD","items_purchased":["Pommel Strike","Armaments","ClockworkSouvenir","Battle Trance"],"campfire_rested":4,"item_purchase_floors":[12,12,20,27],"current_hp_per_floor":[75,75,81,81,87,69,98,81,91,89,116,116,116,116,116,82,108,114,112,112,63,69,18,55,47,47,47,47,57,57,54,93,0],"gold":12,"neow_bonus":"ONE_RANDOM_RARE_CARD","is_prod":false,"is_daily":false,"chose_seed":false,"campfire_upgraded":2,"win_rate":0,"timestamp":1548066385,"path_taken":["M","?","M","?","?","E","R","E","T","?","R","$","R","M","R","BOSS","M","M","$","M","?","E","R","M","T","$","?","?","?","M","R","BOSS"],"build_version":"2019-01-17v2","purchased_purges":1,"victory":false,"max_hp_per_floor":[83,83,83,83,87,98,98,102,112,116,116,116,116,116,116,116,116,116,120,120,124,124,124,124,128,128,128,128,132,132,132,132,132],"card_choices":[{"not_picked":["Perfected Strike","Clash"],"picked":"Thunderclap","floor":1.0},{"not_picked":["Armaments","Entrench"],"picked":"Infernal Blade","floor":3},{"not_picked":["Thunderclap","Rupture"],"picked":"Cleave","floor":5},{"not_picked":["Twin Strike","Power Through"],"picked":"Flame Barrier","floor":6},{"not_picked":["Heavy Blade","Corruption","Dark Embrace"],"picked":"SKIP","floor":8},{"not_picked":["Warcry","True Grit"],"picked":"Headbutt","floor":10},{"not_picked":["Twin Strike","True Grit","Fiend Fire"],"picked":"SKIP","floor":14},{"not_picked":["Bludgeon","Fiend Fire"],"picked":"Double Tap","floor":16},{"not_picked":["Headbutt","True Grit"],"picked":"Shockwave","floor":18},{"not_picked":["True Grit","Hemokinesis","Thunderclap"],"picked":"SKIP","floor":19},{"not_picked":["Anger","Blood for Blood"],"picked":"Burning Pact","floor":21},{"not_picked":["Entrench","Carnage"],"picked":"Spot Weakness","floor":23},{"not_picked":["Warcry","Reaper"],"picked":"Flame Barrier","floor":25},{"not_picked":["Rage","Cleave+1"],"picked":"Ghostly Armor","floor":29},{"not_picked":["Wild Strike","Thunderclap"],"picked":"Shrug It Off+1","floor":31}],"player_experience":328040,"relics_obtained":[{"floor":6,"key":"Strawberry"},{"floor":8,"key":"Calipers"},{"floor":9,"key":"Pear"},{"floor":23,"key":"Darkstone Periapt"}],"event_choices":[{"damage_healed":0,"gold_gain":0,"player_choice":"Grow","damage_taken":0,"max_hp_gain":0,"max_hp_loss":0,"event_name":"Living Wall","floor":2,"gold_loss":0,"cards_upgraded":["Feed"]},{"damage_healed":0,"gold_gain":0,"player_choice":"Rummage","damage_taken":0,"relics_obtained":["WarpedTongs"],"max_hp_gain":0,"max_hp_loss":0,"event_name":"Accursed Blacksmith","floor":4,"gold_loss":0,"cards_obtained":["Pain"]},{"damage_healed":0,"gold_gain":0,"player_choice":"Fight","damage_taken":0,"max_hp_gain":0,"max_hp_loss":0,"event_name":"Colosseum","floor":22,"gold_loss":0},{"damage_healed":0,"gold_gain":0,"player_choice":"Fled From Nobs","damage_taken":0,"max_hp_gain":0,"max_hp_loss":0,"event_name":"Colosseum","floor":22,"gold_loss":0},{"damage_healed":0,"gold_gain":100,"player_choice":"Pray","damage_taken":0,"max_hp_gain":0,"max_hp_loss":0,"event_name":"Golden Shrine","floor":28,"gold_loss":0},{"damage_healed":0,"gold_gain":0,"player_choice":"Paid Fearfully","damage_taken":0,"max_hp_gain":0,"max_hp_loss":0,"event_name":"Masked Bandits","floor":30,"gold_loss":165}],"is_beta":false,"boss_relics":[{"not_picked":["Orrery","Eternal Feather"],"picked":"Mark of Pain"}],"items_purged_floors":[12],"is_endless":false,"potions_floor_spawned":[3,6,10,19,22,25],"killed_by":"Collector","ascension_level":9}