{"gold_per_floor":[117,42,62,62,74,108,58,58,81,96,96,109,124,142,142,238,238,253,270,296,314,314,314,121,137,137,4,4,4,20,39,39,140,140,153,171,23,23,23,40,40,52,52,52,62,82,382,401,401,401],"floor_reached":50,"playtime":3760,"items_purged":["Normality","Injury"],"score":568,"play_id":"6458ad80-5b5c-4d5d-bf88-5397bb234546","local_time":"20190120025420","is_ascension_mode":true,"campfire_choices":[{"floor":8,"key":"REST"},{"floor":11,"key":"REST"},{"floor":15,"key":"REST"},{"floor":23,"key":"REST"},{"floor":28,"key":"REST"},{"floor":32,"key":"REST"},{"floor":41,"key":"REST"},{"floor":44,"key":"REST"},{"floor":49,"key":"REST"}],"neow_cost":"NONE","seed_source_timestamp":719868795418356,"circlet_count":0,"master_deck":["Strike_B","Strike_B","Strike_B","Strike_B","Defend_B","Defend_B","Defend_B","Defend_B","Zap","Dualcast","Ball Lightning","Genetic Algorithm","Static Discharge","Storm","Chaos","Doom and Gloom","Chill","Creative AI","Storm","Undo","Beam Cell+1","BootSequence+1","Loop","Coolheaded","Recycle+1","Self Repair","Redo","Leap","Conserve Battery","Electrodynamics","Meteor Strike","Heatsinks","Madness","Madness","Double Energy"],"relics":["Calling Bell","Boot","Matryoshka","Unceasing Top","DataDisk","Oddly Smooth Stone","Fusion Hammer","Red Mask","Singing Bowl","Gremlin Horn","Busted Crown","Pantograph"],"potions_floor_usage":[6,16,20,20,22,40,42,50,50,50],"damage_taken":[{"damage":2,"enemies":"2 Louse","floor":1,"turns":3},{"damage":11,"enemies":"Jaw Worm","floor":3,"turns":4},{"damage":0,"enemies":"Small Slimes","floor":5,"turns":3},{"damage":27,"enemies":"Gremlin Nob","floor":6,"turns":4},{"damage":24,"enemies":"Exordium Wildlife","floor":10,"turns":4},{"damage":15,"enemies":"Red Slaver","floor":12,"turns":3},{"damage":10,"enemies":"3 Louse","floor":13,"turns":3},{"damage":4,"enemies":"Blue Slaver","floor":14,"turns":3},{"damage":56,"enemies":"The Guardian","floor":16,"turns":9},{"damage":6,"enemies":"Spheric Guardian","floor":18,"turns":5},{"damage":21,"enemies":"Shell Parasite","floor":19,"turns":4},{"damage":22,"enemies":"Masked Bandits","floor":20,"turns":3},{"damage":22,"enemies":"3 Cultists","floor":21,"turns":5},{"damage":6,"enemies":"Colosseum Slavers","floor":22,"turns":5},{"damage":11,"enemies":"Centurion and Healer","floor":25,"turns":7},{"damage":4,"enemies":"Snecko","floor":30,"turns":4},{"damage":8,"enemies":"Sentry and Sphere","floor":31,"turns":5},{"damage":18,"enemies":"Champ","floor":33,"turns":9},{"damage":4,"enemies":"3 Darklings","floor":35,"turns":3},{"damage":11,"enemies":"3 Shapes","floor":36,"turns":4},{"damage":12,"enemies":"Jaw Worm Horde","floor":40,"turns":4},{"damage":26,"enemies":"Spire Growth","floor":42,"turns":5},{"damage":13,"enemies":"Maw","floor":45,"turns":7},{"damage":0,"enemies":"4 Shapes","floor":46,"turns":3},{"damage":4,"enemies":"Jaw Worm Horde","floor":48,"turns":3},{"damage":98,"enemies":"Awakened One","floor":50,"turns":8}],"seed_played":"3173896058417415699","potions_obtained":[{"floor":3,"key":"EssenceOfSteel"},{"floor":12,"key":"SteroidPotion"},{"floor":14,"key":"SkillPotion"},{"floor":18,"key":"Fire Potion"},{"floor":19,"key":"Poison Potion"},{"floor":31,"key":"Explosive Potion"},{"floor":36,"key":"EssenceOfSteel"},{"floor":45,"key":"Fire Potion"},{"floor":46,"key":"FocusPotion"},{"floor":48,"key":"Swift Potion"}],"is_trial":false,"path_per_floor":["M","$","M","?","M","E","?","R","T","M","R","M","M","M","R","B",null,"M","M","?","M","?","R","$","M","T","$","R","$","M","M","R","B",null,"M","M","$","?","$","M","R","M","T","R","M","M","?","M","R","B"],"character_chosen":"DEFECT","items_purchased":["Loop","Coolheaded","Self Repair","Redo","Leap","Meteor Strike","Heatsinks"],"campfire_rested":9,"item_purchase_floors":[24,24,27,27,27,37,37],"current_hp_per_floor":[73,73,62,67,67,40,40,64,64,40,64,49,39,35,59,3,80,74,53,31,9,3,27,27,16,16,16,40,40,43,44,68,57,82,80,78,78,67,67,57,83,66,66,90,86,94,94,90,94,0],"gold":401,"neow_bonus":"BOSS_RELIC","is_prod":false,"is_daily":false,"chose_seed":false,"campfire_upgraded":0,"win_rate":0,"timestamp":1547945660,"path_taken":["M","$","M","?","M","E","?","R","T","M","R","?","M","M","R","BOSS","M","M","?","M","?","R","$","M","T","?","R","$","?","M","R","BOSS","M","M","$","?","$","M","R","M","T","R","M","M","?","M","R","BOSS"],"build_version":"2019-01-17v2","purchased_purges":2,"victory":false,"max_hp_per_floor":[75,75,75,80,80,80,80,80,80,80,80,80,80,80,80,80,80,80,80,80,80,80,80,80,80,80,80,80,80,80,82,82,82,82,84,86,86,86,86,88,88,90,90,90,92,94,94,94,94,94],"card_choices":[{"not_picked":["Cold Snap","Steam"],"picked":"Ball Lightning","floor":1},{"not_picked":["Hologram","Beam Cell"],"picked":"Genetic Algorithm","floor":3},{"not_picked":["Leap","Hologram"],"picked":"Static Discharge","floor":5},{"not_picked":["Scrape","Gash","FTL"],"picked":"SKIP","floor":6},{"not_picked":["Hologram","Ball Lightning"],"picked":"Storm","floor":10},{"not_picked":["Leap","Beam Cell"],"picked":"Chaos","floor":12},{"not_picked":["Go for the Eyes","Sweeping Beam"],"picked":"Doom and Gloom","floor":13},{"not_picked":["Beam Cell","Machine Learning"],"picked":"Chill","floor":14},{"not_picked":["Machine Learning","Rainbow"],"picked":"Creative AI","floor":16},{"not_picked":["Coolheaded","Darkness"],"picked":"Storm","floor":18},{"not_picked":["Chaos","Rebound+1"],"picked":"Undo","floor":19},{"not_picked":["Turbo","Gash"],"picked":"Beam Cell+1","floor":20},{"not_picked":["Steam","Fission"],"picked":"BootSequence+1","floor":21},{"not_picked":["Genetic Algorithm","Gash"],"picked":"Recycle+1","floor":25},{"not_picked":["Rebound","FTL"],"picked":"Conserve Battery","floor":30},{"not_picked":["Undo","Rip and Tear","Auto Shields"],"picked":"Singing Bowl","floor":31},{"not_picked":["Core Surge","Creative AI"],"picked":"Electrodynamics","floor":33},{"not_picked":["Redo"],"picked":"Singing Bowl","floor":35},{"not_picked":["Go for the Eyes+1"],"picked":"Singing Bowl","floor":36},{"not_picked":["Cold Snap"],"picked":"Singing Bowl","floor":40},{"not_picked":["Rebound+1"],"picked":"Singing Bowl","floor":42},{"not_picked":["Doom and Gloom"],"picked":"Singing Bowl","floor":45},{"not_picked":["Steam+1"],"picked":"Singing Bowl","floor":46},{"not_picked":[],"picked":"Double Energy","floor":48}],"player_experience":307992,"relics_obtained":[{"floor":0,"key":"Boot"},{"floor":0,"key":"Matryoshka"},{"floor":0,"key":"Unceasing Top"},{"floor":6,"key":"DataDisk"},{"floor":9,"key":"Oddly Smooth Stone"},{"floor":20,"key":"Red Mask"},{"floor":26,"key":"Singing Bowl"},{"floor":26,"key":"Gremlin Horn"},{"floor":43,"key":"Pantograph"}],"event_choices":[{"damage_healed":0,"gold_gain":0,"player_choice":"Donut","damage_taken":0,"max_hp_gain":5,"max_hp_loss":0,"event_name":"Big Fish","floor":4,"gold_loss":0},{"cards_removed":["Normality"],"damage_healed":0,"gold_gain":0,"player_choice":"Card Removal","damage_taken":0,"max_hp_gain":0,"max_hp_loss":0,"event_name":"The Cleric","floor":7,"gold_loss":50},{"damage_healed":0,"gold_gain":0,"player_choice":"Fought Bandits","damage_taken":0,"max_hp_gain":0,"max_hp_loss":0,"event_name":"Masked Bandits","floor":20,"gold_loss":0},{"damage_healed":0,"gold_gain":0,"player_choice":"Fight","damage_taken":0,"max_hp_gain":0,"max_hp_loss":0,"event_name":"Colosseum","floor":22,"gold_loss":0},{"damage_healed":0,"gold_gain":0,"player_choice":"Fled From Nobs","damage_taken":0,"max_hp_gain":0,"max_hp_loss":0,"event_name":"Colosseum","floor":22,"gold_loss":0},{"damage_healed":0,"gold_gain":0,"player_choice":"Embrace Madness","damage_taken":11,"max_hp_gain":0,"max_hp_loss":0,"event_name":"Winding Halls","floor":38,"gold_loss":0,"cards_obtained":["Madness","Madness"]},{"damage_healed":0,"gold_gain":300,"player_choice":"Gold","damage_taken":0,"max_hp_gain":0,"max_hp_loss":0,"event_name":"Wheel of Change","floor":47,"gold_loss":0}],"is_beta":false,"boss_relics":[{"not_picked":["Coffee Dripper","Ectoplasm"],"picked":"Fusion Hammer"},{"not_picked":["Velvet Choker","Black Star"],"picked":"Busted Crown"}],"items_purged_floors":[2,24],"is_endless":false,"potions_floor_spawned":[3,12,14,18,19,22,31,36,45,46,48],"killed_by":"Awakened One","ascension_level":3}