{"gold_per_floor":[110,127,137,33,33,33,33,68,368,386,418,418],"floor_reached":12,"playtime":691,"items_purged":["Defend_B"],"score":167,"play_id":"641d9661-327c-447c-9092-3786aa5c89b5","local_time":"20190326224833","is_ascension_mode":true,"campfire_choices":[{"data":"Glacier","floor":6.0,"key":"SMITH"}],"neow_cost":"NONE","seed_source_timestamp":472711996741718,"circlet_count":0,"master_deck":["AscendersBane","Strike_B","Strike_B","Strike_B","Strike_B","Defend_B","Defend_B","Zap","Dualcast","Conserve Battery","Glacier+1","Conserve Battery","Ball Lightning"],"special_seed":0,"relics":["White Beast Statue","Singing Bowl","Gambling Chip","Old Coin","Question Card"],"potions_floor_usage":[10,11,11],"damage_taken":[{"damage":7.0,"enemies":"Cultist","floor":1.0,"turns":4.0},{"damage":0.0,"enemies":"2 Louse","floor":2.0,"turns":2.0},{"damage":6.0,"enemies":"Small Slimes","floor":3.0,"turns":5.0},{"damage":38.0,"enemies":"3 Sentries","floor":8.0,"turns":15.0},{"damage":3,"enemies":"Exordium Wildlife","floor":10,"turns":5},{"damage":13,"enemies":"Lagavulin","floor":11,"turns":12},{"damage":16,"enemies":"Gremlin Gang","floor":12,"turns":1}],"seed_played":"-8728692558299271702","potions_obtained":[{"floor":1.0,"key":"Dexterity Potion"},{"floor":2.0,"key":"Regen Potion"},{"floor":3.0,"key":"EssenceOfSteel"},{"floor":8,"key":"Dexterity Potion"},{"floor":10,"key":"Weak Potion"},{"floor":11,"key":"GamblersBrew"}],"is_trial":false,"path_per_floor":["M","M","M","$","T","R","?","E","T","M","E","M"],"character_chosen":"DEFECT","items_purchased":["Conserve Battery"],"campfire_rested":0,"item_purchase_floors":[4],"current_hp_per_floor":[57,57,65,65,65,65,65,29,29,28,15,0],"gold":418,"neow_bonus":"BOSS_RELIC","is_prod":false,"is_daily":false,"chose_seed":false,"campfire_upgraded":1,"win_rate":0,"timestamp":1553633313,"path_taken":["M","M","M","$","?","R","?","E","T","?","E","M"],"build_version":"2019-01-23","purchased_purges":1,"victory":false,"max_hp_per_floor":[71,71,71,71,71,71,71,73,73,75,75,75],"card_choices":[{"not_picked":["Gash","Ball Lightning"],"picked":"Conserve Battery","floor":1.0},{"not_picked":["Beam Cell","Recycle","Compile Driver"],"picked":"SKIP","floor":2.0},{"not_picked":["Cold Snap","Go for the Eyes"],"picked":"Glacier","floor":3.0},{"not_picked":["Leap","Scrape","Glacier"],"picked":"Singing Bowl","floor":8},{"not_picked":["Hello World","Steam","Reboot"],"picked":"Singing Bowl","floor":10},{"not_picked":["Skim","Beam Cell"],"picked":"Ball Lightning","floor":11}],"player_experience":781607,"relics_obtained":[{"floor":5.0,"key":"Singing Bowl"},{"floor":8,"key":"Gambling Chip"},{"floor":9,"key":"Old Coin"},{"floor":11,"key":"Question Card"}],"event_choices":[{"cards_removed":["Defend_B"],"damage_healed":0.0,"max_hp_gain":0.0,"max_hp_loss":0.0,"gold_gain":0.0,"event_name":"Purifier","player_choice":"Purged","floor":7.0,"gold_loss":0.0,"damage_taken":0.0}],"is_beta":false,"boss_relics":[],"items_purged_floors":[4],"is_endless":false,"potions_floor_spawned":[1,2,3,8,10,11],"killed_by":"Gremlin Gang","ascension_level":18}