{"gold_per_floor":[113,113,38,54,66,66,66,66,91,91,106,140,154,188,188,188],"floor_reached":16,"playtime":461,"items_purged":["Pain"],"score":127,"play_id":"a151796b-5c06-4d07-b8ff-f045119de613","local_time":"20190422195749","is_ascension_mode":true,"campfire_choices":[{"data":"Backflip","floor":6,"key":"SMITH"},{"data":"Infinite Blades","floor":8,"key":"SMITH"},{"floor":15,"key":"REST"}],"neow_cost":"NONE","seed_source_timestamp":101727869771589,"circlet_count":0,"master_deck":["Defend_G","Defend_G+1","Defend_G+1","Defend_G","Defend_G","Strike_G","Strike_G","Strike_G","Strike_G","Strike_G","Survivor","Neutralize","Flying Knee","Infinite Blades+1","Backflip+1","Regret","Phantasmal Killer","Footwork","Backflip","Backstab"],"relics":["Ring of the Snake","NeowsBlessing","WarpedTongs","Matryoshka","War Paint","Lantern","Bottled Flame","Ancient Tea Set"],"potions_floor_usage":[14,14],"damage_taken":[{"damage":0,"enemies":"Small Slimes","floor":1,"turns":1},{"damage":0,"enemies":"Cultist","floor":4,"turns":1},{"damage":0,"enemies":"Jaw Worm","floor":5,"turns":1},{"damage":0,"enemies":"3 Louse","floor":11,"turns":3},{"damage":29,"enemies":"3 Sentries","floor":12,"turns":7},{"damage":2,"enemies":"Red Slaver","floor":13,"turns":3},{"damage":18,"enemies":"Gremlin Nob","floor":14,"turns":5},{"damage":32,"enemies":"The Guardian","floor":16,"turns":10}],"seed_played":"-1464422063329892083","potions_obtained":[{"floor":12,"key":"Ancient Potion"},{"floor":13,"key":"GhostInAJar"},{"floor":14,"key":"Swift Potion"}],"is_trial":false,"path_per_floor":["M","?","$","M","M","R","?","R","T","?","M","E","M","E","R","B"],"character_chosen":"THE_SILENT","items_purchased":[],"campfire_rested":1,"item_purchase_floors":[],"current_hp_per_floor":[70,70,70,70,70,70,70,70,70,63,63,34,32,14,35,3],"gold":188,"neow_bonus":"THREE_ENEMY_KILL","is_prod":false,"is_daily":false,"chose_seed":false,"campfire_upgraded":2,"win_rate":0,"timestamp":1555930669,"path_taken":["M","?","$","?","M","R","?","R","T","?","?","E","M","E","R","BOSS"],"build_version":"2019-01-23","purchased_purges":1,"victory":false,"max_hp_per_floor":[70,70,70,70,70,70,70,70,70,70,70,70,70,70,70,70],"card_choices":[{"not_picked":["Bane","Underhanded Strike"],"picked":"Flying Knee","floor":1},{"not_picked":["Acrobatics","Slice"],"picked":"Infinite Blades","floor":4},{"not_picked":["Accuracy","Quick Slash"],"picked":"Backflip","floor":5},{"not_picked":["Terror","PiercingWail"],"picked":"Phantasmal Killer","floor":11},{"not_picked":["Infinite Blades","Dagger Throw"],"picked":"Footwork","floor":12},{"not_picked":["Prepared","Outmaneuver"],"picked":"Backflip","floor":13},{"not_picked":["Acrobatics","Flechettes"],"picked":"Backstab","floor":14}],"player_experience":340239,"relics_obtained":[{"floor":9,"key":"War Paint"},{"floor":9,"key":"Lantern"},{"floor":12,"key":"Bottled Flame"},{"floor":14,"key":"Ancient Tea Set"}],"event_choices":[{"damage_healed":0,"gold_gain":0,"player_choice":"Rummage","damage_taken":0,"relics_obtained":["WarpedTongs"],"max_hp_gain":0,"max_hp_loss":0,"event_name":"Accursed Blacksmith","floor":2,"gold_loss":0,"cards_obtained":["Pain"]},{"damage_healed":0,"gold_gain":0,"player_choice":"Box","damage_taken":0,"relics_obtained":["Matryoshka"],"max_hp_gain":0,"max_hp_loss":0,"event_name":"Big Fish","floor":7,"gold_loss":0,"cards_obtained":["Regret"]},{"damage_healed":0,"gold_gain":0,"player_choice":"Damaged","damage_taken":7,"max_hp_gain":0,"max_hp_loss":0,"event_name":"Wheel of Change","floor":10,"gold_loss":0}],"is_beta":false,"boss_relics":[],"items_purged_floors":[3],"is_endless":false,"potions_floor_spawned":[12,13,14],"killed_by":"The Guardian","ascension_level":3}