{"gold_per_floor":[118,129,54,30,45,70,70,95,95,45,45,45,45,55,55,154,154,168,16,31,31,31,64,64,80,80,105,29,29,29,46,46,142,142,155,155,165,265,265,278,278,296,319,319,3,32,43,54,54,54],"floor_reached":51,"playtime":5047,"items_purged":["Strike_G","Strike_G","Writhe"],"score":841,"play_id":"b209edca-ada1-4f50-9a60-4d64911b59d7","local_time":"20190131154030","is_ascension_mode":true,"campfire_choices":[{"floor":7.0,"key":"REST"},{"data":"Crippling Poison","floor":11.0,"key":"SMITH"},{"floor":15.0,"key":"REST"},{"floor":24.0,"key":"REST"},{"floor":29.0,"key":"REST"},{"data":"Leg Sweep","floor":32.0,"key":"SMITH"},{"floor":41.0,"key":"REST"},{"floor":44,"key":"REST"},{"floor":49,"key":"REST"}],"neow_cost":"NONE","seed_source_timestamp":1714892666310974,"circlet_count":0,"master_deck":["Defend_G","Defend_G","Survivor","Neutralize","Skewer","Leg Sweep+1","Crippling Poison+1","Neutralize+1","Sucker Punch+1","Poisoned Stab+1","Envenom","Riddle With Holes+1","Cloak And Dagger+1","Dagger Spray+1","Underhanded Strike+1","Malaise","Choke+1","Choke+1","Eviscerate+1","Underhanded Strike+1","Outmaneuver","Caltrops","Malaise","Mayhem","Predator+1","Crippling Poison+1","Eviscerate+1"],"special_seed":0,"relics":["Snecko Eye","Sundial","Molten Egg 2","Bottled Lightning","Astrolabe","Dream Catcher","Kunai","Lantern","WristBlade","Shovel","Chemical X","Bag of Preparation"],"potions_floor_usage":[46,48,50,50],"damage_taken":[{"damage":1.0,"enemies":"Small Slimes","floor":1.0,"turns":4.0},{"damage":0.0,"enemies":"2 Louse","floor":2.0,"turns":2.0},{"damage":1.0,"enemies":"Cultist","floor":5.0,"turns":3.0},{"damage":26.0,"enemies":"Gremlin Nob","floor":6.0,"turns":6.0},{"damage":22.0,"enemies":"3 Sentries","floor":8.0,"turns":10.0},{"damage":0.0,"enemies":"3 Louse","floor":14.0,"turns":2.0},{"damage":33.0,"enemies":"Slime Boss","floor":16.0,"turns":14.0},{"damage":0.0,"enemies":"3 Byrds","floor":18.0,"turns":3.0},{"damage":6.0,"enemies":"2 Thieves","floor":20.0,"turns":3.0},{"damage":47.0,"enemies":"Book of Stabbing","floor":23.0,"turns":7.0},{"damage":2.0,"enemies":"Shelled Parasite and Fungi","floor":25.0,"turns":4.0},{"damage":1.0,"enemies":"Gremlin Leader","floor":27.0,"turns":4.0},{"damage":0.0,"enemies":"Snecko","floor":31.0,"turns":4.0},{"damage":58.0,"enemies":"Automaton","floor":33.0,"turns":9.0},{"damage":14.0,"enemies":"3 Darklings","floor":35.0,"turns":4.0},{"damage":12.0,"enemies":"Orb Walker","floor":37.0,"turns":2.0},{"damage":6.0,"enemies":"Mind Bloom Boss Battle","floor":38.0,"turns":6.0},{"damage":21.0,"enemies":"Jaw Worm Horde","floor":40.0,"turns":3.0},{"damage":4.0,"enemies":"4 Shapes","floor":42.0,"turns":6.0},{"damage":27,"enemies":"Reptomancer","floor":46,"turns":5},{"damage":0,"enemies":"Sphere and 2 Shapes","floor":47,"turns":5},{"damage":0,"enemies":"Jaw Worm Horde","floor":48,"turns":4},{"damage":44,"enemies":"Time Eater","floor":50,"turns":8}],"seed_played":"6965729737877426203","potions_obtained":[{"floor":2.0,"key":"Block Potion"},{"floor":8.0,"key":"Fire Potion"},{"floor":14.0,"key":"SpeedPotion"},{"floor":16.0,"key":"Poison Potion"},{"floor":18.0,"key":"Poison Potion"},{"floor":33.0,"key":"Ancient Potion"},{"floor":35.0,"key":"Regen Potion"},{"floor":38.0,"key":"SpeedPotion"},{"floor":40.0,"key":"Poison Potion"},{"floor":46,"key":"Weak Potion"}],"is_trial":false,"path_per_floor":["M","M","$","?","M","E","R","E","T","?","R","?","$","M","R","B",null,"M","$","M","$","?","E","R","M","T","E","$","R","?","M","R","B",null,"M","?","M","?","?","M","R","M","T","R","$","E","M","M","R","B",null],"character_chosen":"THE_SILENT","items_purchased":["Dagger Spray+1","Eviscerate+1","Chemical X"],"campfire_rested":7,"item_purchase_floors":[19,28,45],"current_hp_per_floor":[69,69,69,69,68,42,63,41,41,41,41,41,41,41,62,29,60,60,60,54,54,70,23,44,42,42,41,41,62,62,62,62,4,54,40,40,33,27,45,24,45,41,41,62,62,35,35,35,56,12],"gold":54,"neow_bonus":"BOSS_RELIC","is_prod":false,"is_daily":false,"chose_seed":false,"campfire_upgraded":2,"win_rate":0,"timestamp":1548942030,"path_taken":["M","M","$","?","M","E","R","E","T","?","R","?","$","?","R","BOSS","M","$","M","$","?","E","R","M","T","E","?","R","?","M","R","BOSS","M","?","M","?","?","?","R","M","T","R","$","E","M","M","R","BOSS"],"build_version":"2019-01-23","purchased_purges":3,"victory":true,"max_hp_per_floor":[70,70,70,70,70,70,70,70,70,70,70,70,70,70,70,70,70,70,70,70,70,70,70,70,70,70,70,70,70,70,70,70,70,70,70,70,70,70,70,70,70,70,70,70,70,70,70,70,70,70],"card_choices":[{"not_picked":["Dagger Throw","Endless Agony"],"picked":"Skewer","floor":1.0},{"not_picked":["Infinite Blades","Bane"],"picked":"Leg Sweep","floor":2.0},{"not_picked":["PiercingWail","Underhanded Strike","Setup"],"picked":"SKIP","floor":5.0},{"not_picked":["Prepared","Dodge and Roll","PiercingWail"],"picked":"SKIP","floor":6.0},{"not_picked":["Infinite Blades","Calculated Gamble"],"picked":"Crippling Poison","floor":8.0},{"not_picked":["Prepared","Sucker Punch+1"],"picked":"Poisoned Stab+1","floor":14.0},{"not_picked":["Malaise","Night Terror"],"picked":"Envenom","floor":16.0},{"not_picked":["Quick Slash+1","Underhanded Strike+1","Deflect"],"picked":"SKIP","floor":18.0},{"not_picked":["Dagger Throw+1","Tactician+1"],"picked":"Underhanded Strike+1","floor":20.0},{"not_picked":["Poisoned Stab+1","Noxious Fumes"],"picked":"Malaise","floor":23.0},{"not_picked":["Sucker Punch+1","Poisoned Stab+1"],"picked":"Choke+1","floor":24.0},{"not_picked":["Dagger Spray+1","Acrobatics"],"picked":"Choke+1","floor":25.0},{"not_picked":["Blade Dance","Flechettes+1","Leg Sweep"],"picked":"SKIP","floor":27.0},{"not_picked":["Setup+1","Quick Slash+1"],"picked":"Underhanded Strike+1","floor":29.0},{"not_picked":["Cloak And Dagger","Heel Hook+1","Poisoned Stab+1"],"picked":"SKIP","floor":31.0},{"not_picked":["Glass Knife+1","Venomology"],"picked":"Malaise","floor":33.0},{"not_picked":["Tactician","PiercingWail+1","Sucker Punch+1"],"picked":"SKIP","floor":35.0},{"not_picked":["Secret Technique","Impatience"],"picked":"Mayhem","floor":36.0},{"not_picked":["Reflex","Bane+1","Finisher+1"],"picked":"SKIP","floor":37.0},{"not_picked":["Cloak And Dagger+1","Accuracy+1","Underhanded Strike+1"],"picked":"SKIP","floor":40.0},{"not_picked":["Bane+1","Flying Knee+1"],"picked":"Predator+1","floor":41.0},{"not_picked":["Underhanded Strike+1","Slice+1","PiercingWail+1"],"picked":"SKIP","floor":42.0},{"not_picked":["Deflect+1","Terror+1"],"picked":"Crippling Poison+1","floor":44},{"not_picked":["Caltrops+1","Dodge and Roll","After Image"],"picked":"SKIP","floor":46},{"not_picked":["Dagger Throw+1","Dodge and Roll","Poisoned Stab+1"],"picked":"SKIP","floor":47},{"not_picked":["Poisoned Stab+1","Backstab+1"],"picked":"Eviscerate+1","floor":48}],"player_experience":480132,"relics_obtained":[{"floor":6.0,"key":"Sundial"},{"floor":8.0,"key":"Molten Egg 2"},{"floor":9.0,"key":"Bottled Lightning"},{"floor":23.0,"key":"Dream Catcher"},{"floor":26.0,"key":"Kunai"},{"floor":27.0,"key":"Lantern"},{"floor":38.0,"key":"Shovel"},{"floor":46,"key":"Bag of Preparation"}],"event_choices":[{"damage_healed":0.0,"max_hp_gain":0.0,"max_hp_loss":0.0,"gold_gain":0.0,"event_name":"World of Goop","player_choice":"Left Gold","floor":4.0,"gold_loss":24.0,"damage_taken":0.0},{"cards_removed":["Defend_G"],"damage_healed":0.0,"max_hp_gain":0.0,"max_hp_loss":0.0,"gold_gain":0.0,"event_name":"The Cleric","player_choice":"Card Removal","floor":10.0,"gold_loss":50.0,"damage_taken":0.0},{"damage_healed":0.0,"max_hp_gain":0.0,"max_hp_loss":0.0,"gold_gain":0.0,"event_name":"Match and Keep!","player_choice":"2 cards matched","floor":12.0,"gold_loss":0.0,"damage_taken":0.0,"cards_obtained":["Neutralize","Sucker Punch"]},{"cards_removed":["Finisher"],"damage_healed":16.0,"max_hp_gain":0.0,"max_hp_loss":0.0,"gold_gain":0.0,"event_name":"Bonfire Elementals","player_choice":"Offered Uncommon","floor":22.0,"gold_loss":0.0,"damage_taken":0.0},{"damage_healed":0.0,"max_hp_gain":0.0,"max_hp_loss":0.0,"gold_gain":0.0,"cards_transformed":["Strike_G","Defend_G"],"event_name":"Drug Dealer","player_choice":"Became Test Subject","floor":30.0,"gold_loss":0.0,"damage_taken":0.0,"cards_obtained":["Outmaneuver","Caltrops"]},{"damage_healed":0.0,"max_hp_gain":0.0,"max_hp_loss":0.0,"gold_gain":0.0,"event_name":"SensoryStone","player_choice":"Memory 1","floor":36.0,"gold_loss":0.0,"damage_taken":0.0},{"damage_healed":0.0,"max_hp_gain":0.0,"max_hp_loss":0.0,"gold_gain":0.0,"event_name":"MindBloom","player_choice":"Fight","floor":38.0,"gold_loss":0.0,"damage_taken":0.0},{"damage_healed":18.0,"max_hp_gain":0.0,"max_hp_loss":0.0,"gold_gain":0.0,"event_name":"Winding Halls","player_choice":"Writhe","floor":39.0,"gold_loss":0.0,"damage_taken":0.0,"cards_obtained":["Writhe"]}],"is_beta":false,"boss_relics":[{"not_picked":["Calling Bell","White Beast Statue"],"picked":"Astrolabe"},{"not_picked":["Coffee Dripper","Velvet Choker"],"picked":"WristBlade"}],"items_purged_floors":[3,19,45],"is_endless":false,"potions_floor_spawned":[2,8,14,16,18,33,35,38,40,46],"ascension_level":5}