{"gold_per_floor":[118,41,60,10,28,56,56,70,70,104,104,29,54,69,69,171,171,186,186,7,7,7,7,25,25,95,111,111,111],"floor_reached":29,"playtime":2057,"items_purged":["Strike_R"],"score":378,"play_id":"d88f104b-b54e-4170-830e-4d744b20169d","local_time":"20190121113242","is_ascension_mode":true,"campfire_choices":[{"floor":7.0,"key":"REST"},{"data":"Bash","floor":11.0,"key":"SMITH"},{"floor":15.0,"key":"REST"},{"floor":25,"key":"RECALL"}],"neow_cost":"NONE","seed_source_timestamp":838939954810227,"circlet_count":0,"master_deck":["Strike_R","Strike_R","Strike_R","Defend_R","Defend_R","Defend_R","Bash+1","Bludgeon","Ghostly Armor","Power Through","Whirlwind","Flex","Evolve","Headbutt","Uppercut","Limit Break","Intimidate","Ghostly Armor","Cleave","Flame Barrier","Spot Weakness"],"special_seed":0,"relics":["Burning Blood","Mercury Hourglass","Meat on the Bone","Bottled Flame","Art of War","Fusion Hammer","Blood Vial"],"potions_floor_usage":[23],"damage_taken":[{"damage":9.0,"enemies":"Jaw Worm","floor":1.0,"turns":4.0},{"damage":6.0,"enemies":"2 Louse","floor":3.0,"turns":3.0},{"damage":0.0,"enemies":"Cultist","floor":5.0,"turns":3.0},{"damage":35.0,"enemies":"3 Sentries","floor":6.0,"turns":12.0},{"damage":0.0,"enemies":"Large Slime","floor":8.0,"turns":4.0},{"damage":23.0,"enemies":"Lagavulin","floor":10.0,"turns":8.0},{"damage":15.0,"enemies":"3 Sentries","floor":13.0,"turns":6.0},{"damage":0.0,"enemies":"Gremlin Gang","floor":14.0,"turns":3.0},{"damage":37.0,"enemies":"The Guardian","floor":16.0,"turns":10.0},{"damage":4.0,"enemies":"3 Byrds","floor":18.0,"turns":5.0},{"damage":0,"enemies":"Slavers","floor":23,"turns":1},{"damage":8,"enemies":"Spheric Guardian","floor":24,"turns":4},{"damage":45,"enemies":"Shelled Parasite and Fungi","floor":27,"turns":7},{"damage":69,"enemies":"Gremlin Leader","floor":29,"turns":6}],"seed_played":"5115025137564619384","potions_obtained":[{"floor":3.0,"key":"SmokeBomb"},{"floor":6.0,"key":"Fruit Juice"},{"floor":8.0,"key":"Regen Potion"},{"floor":10.0,"key":"SkillPotion"}],"is_trial":false,"path_per_floor":["M","$","M","?","M","E","R","M","T","E","R","$","E","M","R","B",null,"M","?","$","$","?","E","M","R","T","M","?","E"],"character_chosen":"IRONCLAD","items_purchased":["Power Through","Ghostly Armor","Blood Vial"],"campfire_rested":2,"item_purchase_floors":[2,20,20],"current_hp_per_floor":[69,69,69,69,75,46,70,81,81,64,64,64,55,61,85,68,81,83,83,83,83,75,83,83,83,83,58,58,0],"gold":111,"neow_bonus":"ONE_RANDOM_RARE_CARD","is_prod":false,"is_daily":false,"chose_seed":false,"campfire_upgraded":1,"win_rate":0,"timestamp":1548063162,"path_taken":["M","$","M","?","M","E","R","M","T","E","R","$","E","M","R","BOSS","M","?","?","$","?","E","?","R","T","M","?","E"],"build_version":"2019-01-17v2","purchased_purges":1,"victory":false,"max_hp_per_floor":[80,80,80,80,80,80,80,85,85,85,85,85,85,85,85,85,85,85,85,85,85,85,85,85,85,85,85,85,85],"card_choices":[{"not_picked":["Havoc","Whirlwind"],"picked":"Ghostly Armor","floor":1.0},{"not_picked":["Infernal Blade","Armaments"],"picked":"Whirlwind","floor":3.0},{"not_picked":["Body Slam","Warcry","Clash"],"picked":"SKIP","floor":5.0},{"not_picked":["Wild Strike","Heavy Blade"],"picked":"Flex","floor":6.0},{"not_picked":["Exhume","Reckless Charge"],"picked":"Evolve","floor":8.0},{"not_picked":["Bloodletting","Body Slam","Hemokinesis"],"picked":"SKIP","floor":10.0},{"not_picked":["Twin Strike","Clothesline"],"picked":"Headbutt","floor":13.0},{"not_picked":["Whirlwind","Flex"],"picked":"Uppercut","floor":14.0},{"not_picked":["Dark Embrace","Barricade"],"picked":"Limit Break","floor":16.0},{"not_picked":["Iron Wave","Disarm"],"picked":"Intimidate","floor":18.0},{"not_picked":["Whirlwind","Disarm"],"picked":"Cleave","floor":24},{"not_picked":["Havoc+1","True Grit"],"picked":"Flame Barrier","floor":27}],"player_experience":325575,"relics_obtained":[{"floor":6.0,"key":"Mercury Hourglass"},{"floor":9.0,"key":"Meat on the Bone"},{"floor":10.0,"key":"Bottled Flame"},{"floor":13.0,"key":"Art of War"}],"event_choices":[{"cards_removed":["Defend_R"],"damage_healed":0.0,"max_hp_gain":0.0,"max_hp_loss":0.0,"gold_gain":0.0,"event_name":"The Cleric","player_choice":"Card Removal","floor":4.0,"gold_loss":50.0,"damage_taken":0.0},{"cards_removed":["Strike_R"],"damage_healed":0.0,"max_hp_gain":0.0,"max_hp_loss":0.0,"gold_gain":0.0,"event_name":"Bonfire Elementals","player_choice":"Offered Basic","floor":19.0,"gold_loss":0.0,"damage_taken":0.0},{"damage_healed":0,"gold_gain":0,"player_choice":"","damage_taken":8,"max_hp_gain":0,"max_hp_loss":0,"event_name":"Knowing Skull","floor":22,"potions_obtained":[],"gold_loss":0,"cards_obtained":[]},{"damage_healed":0,"gold_gain":0,"player_choice":"Read","damage_taken":0,"max_hp_gain":0,"max_hp_loss":0,"event_name":"The Library","floor":28,"gold_loss":0,"cards_obtained":["Spot Weakness"]}],"is_beta":false,"boss_relics":[{"not_picked":["Runic Cube","White Beast Statue"],"picked":"Fusion Hammer"}],"items_purged_floors":[12],"is_endless":false,"potions_floor_spawned":[3,6,8,10,23],"killed_by":"Gremlin Leader","ascension_level":9}