{"gold_per_floor":[115,190,190,204,216,216,241,206,232,249,249,261,276,345,345,345],"floor_reached":16,"playtime":1287,"items_purged":[],"score":163,"play_id":"219881f5-9977-4297-a5e1-51283e650956","local_time":"20190127092618","is_ascension_mode":true,"campfire_choices":[{"floor":6,"key":"REST"},{"floor":15,"key":"REST"}],"neow_cost":"NONE","seed_source_timestamp":1350643267923514,"circlet_count":0,"master_deck":["AscendersBane","Strike_R+1","Strike_R","Strike_R+1","Strike_R","Strike_R","Defend_R","Defend_R","Defend_R","Defend_R","Bash","True Grit+1","Power Through","Flex","True Grit","Cleave","Shockwave"],"special_seed":0,"relics":["Black Star","Strawberry","Potion Belt","Whetstone","Mercury Hourglass"],"potions_floor_usage":[16,16,16],"damage_taken":[{"damage":4.0,"enemies":"Jaw Worm","floor":1.0,"turns":4.0},{"damage":15,"enemies":"Cultist","floor":4,"turns":5},{"damage":7,"enemies":"2 Louse","floor":5,"turns":4},{"damage":42,"enemies":"3 Sentries","floor":7,"turns":16},{"damage":3,"enemies":"Large Slime","floor":10,"turns":10},{"damage":13,"enemies":"Looter","floor":12,"turns":4},{"damage":13,"enemies":"Lots of Slimes","floor":13,"turns":4},{"damage":117,"enemies":"Hexaghost","floor":16,"turns":18}],"seed_played":"2057377120217660135","potions_obtained":[{"floor":4,"key":"Weak Potion"},{"floor":7,"key":"Regen Potion"},{"floor":12,"key":"Regen Potion"}],"is_trial":false,"path_per_floor":["M","?","?","M","M","R","E","?","T","M","?","M","M","T","R","B"],"character_chosen":"IRONCLAD","items_purchased":[],"campfire_rested":2,"item_purchase_floors":[],"current_hp_per_floor":[68,57,57,42,35,59,24,45,45,42,71,58,45,45,71,0],"gold":345,"neow_bonus":"BOSS_RELIC","is_prod":false,"is_daily":false,"chose_seed":false,"campfire_upgraded":0,"win_rate":0,"timestamp":1548573978,"path_taken":["M","?","?","M","?","R","E","?","T","M","?","M","M","?","R","BOSS"],"build_version":"2019-01-23","purchased_purges":0,"victory":false,"max_hp_per_floor":[80,80,80,80,80,80,87,87,87,87,87,87,87,87,87,87],"card_choices":[{"not_picked":["Armaments","Bloodletting"],"picked":"True Grit","floor":1.0},{"not_picked":["Dropkick","Cleave"],"picked":"Power Through","floor":4},{"not_picked":["Wild Strike","Sword Boomerang"],"picked":"Flex","floor":5},{"not_picked":["Feel No Pain","Hemokinesis"],"picked":"True Grit","floor":7},{"not_picked":["Combust","Dual Wield"],"picked":"Cleave","floor":10},{"not_picked":["Spot Weakness","Perfected Strike"],"picked":"Shockwave","floor":12},{"not_picked":["Thunderclap","Burning Pact","Armaments"],"picked":"SKIP","floor":13}],"player_experience":399015,"relics_obtained":[{"floor":7,"key":"Strawberry"},{"floor":7,"key":"Potion Belt"},{"floor":9,"key":"Whetstone"},{"floor":14,"key":"Mercury Hourglass"}],"event_choices":[{"damage_healed":0.0,"max_hp_gain":0.0,"max_hp_loss":0.0,"gold_gain":75.0,"event_name":"World of Goop","player_choice":"Gather Gold","floor":2.0,"gold_loss":0.0,"damage_taken":11.0},{"damage_healed":0,"gold_gain":0,"player_choice":"Forge","damage_taken":0,"max_hp_gain":0,"max_hp_loss":0,"event_name":"Accursed Blacksmith","floor":3,"gold_loss":0,"cards_upgraded":["True Grit"]},{"damage_healed":21,"gold_gain":0,"player_choice":"Healed","damage_taken":0,"max_hp_gain":0,"max_hp_loss":0,"event_name":"The Cleric","floor":8,"gold_loss":35},{"damage_healed":29,"gold_gain":0,"player_choice":"Banana","damage_taken":0,"max_hp_gain":0,"max_hp_loss":0,"event_name":"Big Fish","floor":11,"gold_loss":0}],"is_beta":false,"boss_relics":[],"items_purged_floors":[],"is_endless":false,"potions_floor_spawned":[4,7,12],"killed_by":"Hexaghost","ascension_level":12}