{"gold_per_floor":[112,125,75,93,18,44,44,58,58,77,77,103,103,119,119,219,219,238,257,257,284,284,314,325,325,325,325,325,375,9,34,34,129,129,147,147,167,179,5,33,33,60,86,86,308,85,85,96,96,96,96,96,47,47],"floor_reached":54,"playtime":7028,"items_purged":["Defend_R"],"score":1025,"play_id":"28e57f4b-655a-4ce7-8817-e5932cd694ca","local_time":"20190117161211","is_ascension_mode":true,"campfire_choices":[{"data":"Dual Wield","floor":7,"key":"SMITH"},{"floor":13,"key":"REST"},{"floor":15,"key":"REST"},{"floor":25,"key":"REST"},{"floor":28,"key":"REST"},{"floor":32,"key":"REST"},{"floor":41,"key":"REST"},{"floor":44,"key":"REST"},{"floor":47,"key":"REST"},{"floor":49,"key":"RECALL"},{"floor":52,"key":"REST"}],"neow_cost":"NONE","seed_source_timestamp":505272441911563,"circlet_count":0,"master_deck":["Bash","Anger","Power Through","Evolve","Dual Wield+1","Sword Boomerang","Cleave","Twin Strike+1","Headbutt+1","Ghostly Armor","Offering","Anger+1","True Grit","Uppercut+1","Uppercut+1","Bludgeon+1","Havoc+1","Intimidate","Fire Breathing+1","Immolate+1","Rage","Inflame","Second Wind","Cleave+1","Dropkick+1","Iron Wave+1","Armaments","Wild Strike+1","Uppercut+1","Impervious","Rage","Pommel Strike+1","Fire Breathing+1","Burning Pact+1","Armaments+1","Dropkick+1","Pommel Strike+1","Spot Weakness","Anger+1","Enlightenment","Rage+1","Flame Barrier"],"relics":["Burning Blood","NeowsBlessing","Question Card","Molten Egg 2","Prayer Wheel","Pandora\u0027s Box","Incense Burner","Red Mask","Bottled Flame","Bag of Preparation","Nilry\u0027s Codex","MawBank","Turnip","Kunai","Mark of Pain","Red Skull","FossilizedHelix","Pen Nib","Juzu Bracelet"],"potions_floor_usage":[8,12,12,16,21,24,40,50,50,50],"damage_taken":[{"damage":0,"enemies":"Cultist","floor":1,"turns":1},{"damage":0,"enemies":"Small Slimes","floor":2,"turns":1},{"damage":0,"enemies":"Jaw Worm","floor":4,"turns":1},{"damage":10,"enemies":"3 Sentries","floor":6,"turns":10},{"damage":10,"enemies":"Exordium Wildlife","floor":8,"turns":4},{"damage":16,"enemies":"Blue Slaver","floor":10,"turns":4},{"damage":29,"enemies":"Lagavulin","floor":12,"turns":6},{"damage":3,"enemies":"Large Slime","floor":14,"turns":4},{"damage":35,"enemies":"The Guardian","floor":16,"turns":10},{"damage":27,"enemies":"2 Thieves","floor":18,"turns":4},{"damage":0,"enemies":"3 Byrds","floor":19,"turns":4},{"damage":21,"enemies":"Masked Bandits","floor":21,"turns":4},{"damage":15,"enemies":"Colosseum Slavers","floor":22,"turns":2},{"damage":6,"enemies":"Gremlin Leader","floor":23,"turns":6},{"damage":3,"enemies":"Snecko","floor":24,"turns":3},{"damage":6,"enemies":"Book of Stabbing","floor":31,"turns":5},{"damage":74,"enemies":"Champ","floor":33,"turns":11},{"damage":0,"enemies":"Orb Walker","floor":35,"turns":2},{"damage":2,"enemies":"3 Shapes","floor":37,"turns":3},{"damage":11,"enemies":"Sphere and 2 Shapes","floor":38,"turns":3},{"damage":23,"enemies":"Nemesis","floor":40,"turns":7},{"damage":50,"enemies":"Reptomancer","floor":42,"turns":7},{"damage":2,"enemies":"Jaw Worm Horde","floor":48,"turns":3},{"damage":69,"enemies":"Awakened One","floor":50,"turns":14},{"damage":90,"enemies":"Shield and Spear","floor":54,"turns":6}],"seed_played":"5578085437635858322","potions_obtained":[{"floor":1,"key":"SpeedPotion"},{"floor":2,"key":"EssenceOfSteel"},{"floor":10,"key":"Swift Potion"},{"floor":12,"key":"Dexterity Potion"},{"floor":19,"key":"AttackPotion"},{"floor":23,"key":"SteroidPotion"},{"floor":33,"key":"Explosive Potion"},{"floor":37,"key":"Strength Potion"},{"floor":38,"key":"FearPotion"}],"is_trial":false,"path_per_floor":["M","M","?","M","$","E","R","M","T","M","T","E","R","M","R","B",null,"M","M","?","?","?","E","M","R","T","?","R","T","$","E","R","B",null,"M","?","M","M","$","E","R","E","T","R","?","$","R","M","R","B",null,"R","$","E"],"character_chosen":"IRONCLAD","items_purchased":["Armaments","Turnip","Wild Strike+1","Pommel Strike+1","Red Skull","Enlightenment","Ancient Potion","PowerPotion","SpeedPotion"],"campfire_rested":9,"item_purchase_floors":[30,30,30,39,39,46,46,46,53],"current_hp_per_floor":[78,80,80,80,80,76,76,72,72,62,62,39,63,66,80,51,73,52,58,58,43,34,34,37,61,61,45,69,69,69,69,80,12,63,69,69,73,68,68,51,75,31,31,55,55,55,79,80,80,17,64,80,80,0],"gold":47,"neow_bonus":"THREE_ENEMY_KILL","is_prod":false,"is_daily":false,"chose_seed":false,"campfire_upgraded":1,"win_rate":0,"timestamp":1547734331,"path_taken":["M","?","?","M","?","E","R","M","T","M","?","E","R","M","R","BOSS","M","M","?","?","?","E","?","R","T","?","R","?","$","E","R","BOSS","M","?","?","M","$","E","R","E","T","R","?","$","R","M","R","BOSS","R","$","E"],"build_version":"2019-01-10","purchased_purges":1,"victory":false,"max_hp_per_floor":[80,80,80,80,80,80,80,80,80,80,80,80,80,80,80,80,80,80,80,80,80,80,80,80,80,80,80,80,80,80,80,80,80,80,80,80,80,80,80,80,80,80,80,80,80,80,80,80,80,80,80,80,80,80],"card_choices":[{"not_picked":["Combust","Thunderclap"],"picked":"Anger","floor":1},{"not_picked":["Armaments","Rupture"],"picked":"Power Through","floor":2},{"not_picked":["Pommel Strike","Dual Wield"],"picked":"Evolve","floor":4},{"not_picked":["Corruption","Reckless Charge"],"picked":"Dual Wield","floor":6},{"not_picked":["Uppercut","Searing Blow","Havoc"],"picked":"Sword Boomerang","floor":8},{"not_picked":["Whirlwind","Havoc","Pummel"],"picked":"Cleave","floor":10},{"not_picked":["Sentinel","Flex","Barricade"],"picked":"Twin Strike+1","floor":12},{"not_picked":["Armaments","Havoc","Twin Strike+1"],"picked":"Headbutt+1","floor":14},{"not_picked":["Clothesline+1","Sever Soul+1","Metallicize"],"picked":"Ghostly Armor","floor":14},{"not_picked":["Fiend Fire+1","Dark Embrace","Impervious"],"picked":"Offering","floor":16},{"not_picked":["Sword Boomerang+1","Armaments","Shrug It Off"],"picked":"Fire Breathing+1","floor":18},{"not_picked":["Clothesline+1","Flex+1","Wild Strike+1"],"picked":"Immolate+1","floor":18},{"not_picked":["Iron Wave+1","Twin Strike+1","Clothesline+1"],"picked":"Rage","floor":19},{"not_picked":["Combust","Iron Wave+1","Perfected Strike+1"],"picked":"Inflame","floor":19},{"not_picked":["Metallicize","Feel No Pain","Body Slam+1"],"picked":"Second Wind","floor":21},{"not_picked":["Heavy Blade+1","Entrench","Wild Strike+1"],"picked":"Cleave+1","floor":23},{"not_picked":["Havoc","Burning Pact","Demon Form"],"picked":"Dropkick+1","floor":24},{"not_picked":["Thunderclap+1","Perfected Strike+1","Feed+1"],"picked":"Iron Wave+1","floor":24},{"not_picked":["Fiend Fire+1","Hemokinesis+1","Burning Pact"],"picked":"Uppercut+1","floor":31},{"not_picked":["Double Tap","Exhume","Immolate+1"],"picked":"Impervious","floor":33},{"not_picked":["Corruption","Sword Boomerang+1","Clothesline+1"],"picked":"Rage","floor":35},{"not_picked":["Sword Boomerang+1","Pummel+1","Corruption"],"picked":"Pommel Strike+1","floor":35},{"not_picked":["Uppercut+1","Shockwave","Twin Strike+1"],"picked":"Fire Breathing+1","floor":37},{"not_picked":["Seeing Red","Combust","Flex"],"picked":"Burning Pact+1","floor":37},{"not_picked":["Sword Boomerang+1","Juggernaut","Searing Blow+1"],"picked":"Armaments+1","floor":38},{"not_picked":["Searing Blow+1","Spot Weakness","Evolve"],"picked":"Dropkick+1","floor":38},{"not_picked":["Rupture","Brutality","Corruption+1"],"picked":"Spot Weakness","floor":40},{"not_picked":["Clash+1","Rupture","Fire Breathing+1"],"picked":"Anger+1","floor":42},{"not_picked":["Metallicize+1","Wild Strike+1","Anger+1"],"picked":"Rage+1","floor":48},{"not_picked":["Pommel Strike+1","Wild Strike+1","Disarm+1"],"picked":"Flame Barrier","floor":48}],"player_experience":291135,"relics_obtained":[{"floor":6,"key":"Question Card"},{"floor":11,"key":"Molten Egg 2"},{"floor":12,"key":"Prayer Wheel"},{"floor":21,"key":"Red Mask"},{"floor":23,"key":"Bottled Flame"},{"floor":26,"key":"Bag of Preparation"},{"floor":27,"key":"Nilry\u0027s Codex"},{"floor":29,"key":"MawBank"},{"floor":31,"key":"Kunai"},{"floor":40,"key":"FossilizedHelix"},{"floor":42,"key":"Pen Nib"},{"floor":43,"key":"Juzu Bracelet"}],"event_choices":[{"cards_removed":["Strike_R"],"damage_healed":0,"gold_gain":0,"player_choice":"Card Removal","damage_taken":0,"max_hp_gain":0,"max_hp_loss":0,"event_name":"The Cleric","floor":3,"gold_loss":50},{"damage_healed":0,"gold_gain":0,"player_choice":"Opened","damage_taken":0,"relics_obtained":["Incense Burner"],"max_hp_gain":0,"max_hp_loss":0,"event_name":"The Mausoleum","floor":20,"gold_loss":0},{"damage_healed":0,"gold_gain":0,"player_choice":"Fought Bandits","damage_taken":0,"max_hp_gain":0,"max_hp_loss":0,"event_name":"Masked Bandits","floor":21,"gold_loss":0},{"damage_healed":0,"gold_gain":0,"player_choice":"Fight","damage_taken":0,"max_hp_gain":0,"max_hp_loss":0,"event_name":"Colosseum","floor":22,"gold_loss":0},{"damage_healed":0,"gold_gain":0,"player_choice":"Fled From Nobs","damage_taken":0,"max_hp_gain":0,"max_hp_loss":0,"event_name":"Colosseum","floor":22,"gold_loss":0},{"damage_healed":0,"gold_gain":0,"player_choice":"Obtained Book","damage_taken":16,"max_hp_gain":0,"max_hp_loss":0,"event_name":"Cursed Tome","floor":27,"gold_loss":0},{"damage_healed":0,"gold_gain":0,"player_choice":"Upgraded","damage_taken":0,"max_hp_gain":0,"max_hp_loss":0,"event_name":"Upgrade Shrine","floor":36,"gold_loss":0,"cards_upgraded":["Havoc"]},{"damage_healed":0,"gold_gain":222,"player_choice":"Wore Mask","damage_taken":0,"max_hp_gain":0,"max_hp_loss":0,"event_name":"Tomb of Lord Red Mask","floor":45,"gold_loss":0}],"is_beta":false,"boss_relics":[{"not_picked":["Empty Cage","Snecko Eye"],"picked":"Pandora\u0027s Box"},{"not_picked":["Runic Cube","Lizard Tail"],"picked":"Mark of Pain"}],"items_purged_floors":[5],"is_endless":false,"potions_floor_spawned":[1,2,10,12,19,22,23,33,37,38],"killed_by":"Shield and Spear","ascension_level":7}