{"gold_per_floor":[114,114,128,8,8,8,35,35,117,151,151,179,9,9,9,110,110,122,135,535,363,363,391,391,417,442,455,489,489,520,520,520,625,625,644,657,278,288,288,288,316,316,369,369,382,410,422,509,521,533,545,557,149,179,179],"floor_reached":56,"playtime":3578,"items_purged":["Strike_B","Strike_B","Strike_B"],"score":1444,"play_id":"5734a9e7-832c-4142-be89-5c36278053ec","local_time":"20190314182919","is_ascension_mode":true,"campfire_choices":[{"data":"Doom and Gloom","floor":6,"key":"SMITH"},{"data":"Dualcast","floor":8,"key":"SMITH"},{"data":"Coolheaded","floor":11,"key":"SMITH"},{"data":"Hologram","floor":15,"key":"SMITH"},{"data":"Consume","floor":24,"key":"SMITH"},{"floor":29,"key":"REST"},{"data":"Glacier","floor":32,"key":"SMITH"},{"data":"Seek","floor":40,"key":"SMITH"},{"data":"Self Repair","floor":42,"key":"SMITH"},{"data":"Secret Technique","floor":44,"key":"SMITH"},{"floor":49,"key":"RECALL"},{"data":"Echo Form","floor":52,"key":"SMITH"}],"neow_cost":"NONE","seed_source_timestamp":122108135905473,"circlet_count":0,"master_deck":["Strike_B","Defend_B","Defend_B","Defend_B","Defend_B","Zap+1","Dualcast+1","Doom and Gloom+1","Conserve Battery","Sweeping Beam","Auto Shields","Coolheaded+1","Hologram+1","Rainbow","Sweeping Beam+1","Glacier+1","Self Repair+1","Consume+1","Barrage+1","Echo Form+1","Double Energy+1","Hologram+1","Capacitor+1","Seek+1","Recycle+1","BootSequence+1","Glacier","Secret Technique+1","Flash of Steel+1","Barrage+1","Hologram","Barrage+1"],"relics":["Cracked Core","NeowsBlessing","Symbiotic Virus","Pear","Emotion Chip","Orichalcum","Bag of Preparation","Molten Egg 2","Inserter","Old Coin","Mummified Hand","DataDisk","Regal Pillow","Dream Catcher","Peace Pipe","Centennial Puzzle","Black Star","Mango","Bag of Marbles","Pocketwatch","Vajra","MawBank","Bottled Tornado","Dodecahedron","Pantograph"],"potions_floor_usage":[20,28,28,55,55,55],"damage_taken":[{"damage":0,"enemies":"Small Slimes","floor":1,"turns":1},{"damage":0,"enemies":"Cultist","floor":3,"turns":1},{"damage":0,"enemies":"Gremlin Nob","floor":7,"turns":1},{"damage":4,"enemies":"3 Sentries","floor":10,"turns":4},{"damage":21,"enemies":"Gremlin Nob","floor":12,"turns":4},{"damage":25,"enemies":"The Guardian","floor":16,"turns":11},{"damage":21,"enemies":"2 Thieves","floor":18,"turns":5},{"damage":0,"enemies":"Chosen","floor":19,"turns":3},{"damage":10,"enemies":"Colosseum Slavers","floor":20,"turns":5},{"damage":24,"enemies":"Colosseum Nobs","floor":20,"turns":4},{"damage":8,"enemies":"Book of Stabbing","floor":23,"turns":6},{"damage":18,"enemies":"Gremlin Leader","floor":25,"turns":7},{"damage":3,"enemies":"Sentry and Sphere","floor":27,"turns":7},{"damage":17,"enemies":"Slavers","floor":28,"turns":4},{"damage":8,"enemies":"Book of Stabbing","floor":30,"turns":5},{"damage":15,"enemies":"Collector","floor":33,"turns":9},{"damage":0,"enemies":"Orb Walker","floor":35,"turns":4},{"damage":24,"enemies":"3 Darklings","floor":36,"turns":8},{"damage":0,"enemies":"Transient","floor":38,"turns":5},{"damage":1,"enemies":"Giant Head","floor":41,"turns":16},{"damage":10,"enemies":"Sphere and 2 Shapes","floor":45,"turns":8},{"damage":2,"enemies":"Reptomancer","floor":46,"turns":5},{"damage":15,"enemies":"Donu and Deca","floor":50,"turns":14},{"damage":6,"enemies":"Shield and Spear","floor":54,"turns":6},{"damage":37,"enemies":"The Heart","floor":55,"turns":9}],"seed_played":"-7902687248843361833","potions_obtained":[{"floor":3,"key":"Weak Potion"},{"floor":7,"key":"Swift Potion"},{"floor":16,"key":"LiquidBronze"},{"floor":20,"key":"Strength Potion"},{"floor":33,"key":"Block Potion"},{"floor":35,"key":"SneckoOil"},{"floor":45,"key":"Dexterity Potion"},{"floor":54,"key":"PowerPotion"}],"is_trial":false,"path_per_floor":["M","?","M","$","?","R","E","R","T","E","R","E","$","?","R","B",null,"M","M","?","$","?","E","R","E","T","M","E","R","E","?","R","B",null,"M","M","$","M","?","R","E","R","T","R","M","E","$","?","R","B",null,"R","$","E","B",null],"character_chosen":"DEFECT","items_purchased":["Sweeping Beam","Bag of Preparation","Hologram","Consume","Glacier","Mango","Bottled Tornado","Barrage+1"],"campfire_rested":1,"item_purchase_floors":[4,13,13,21,37,37,53,53],"current_hp_per_floor":[75,75,75,75,80,80,80,80,90,86,86,65,65,53,53,28,90,69,69,35,35,65,57,57,39,39,43,26,68,67,67,67,66,90,90,80,94,94,84,84,97,97,97,97,104,102,102,92,92,97,104,104,104,104,77],"gold":179,"neow_bonus":"THREE_ENEMY_KILL","is_prod":false,"is_daily":false,"chose_seed":false,"campfire_upgraded":10,"win_rate":0,"timestamp":1552602559,"path_taken":["M","?","?","$","?","R","E","R","T","E","R","E","?","?","R","BOSS","M","M","?","$","?","E","R","E","T","M","E","R","E","?","R","BOSS","M","M","$","M","?","R","E","R","T","R","M","E","?","?","R","BOSS","R","$","E","BOSS"],"build_version":"2019-01-23","purchased_purges":3,"victory":true,"max_hp_per_floor":[75,75,75,75,80,80,80,80,90,90,90,90,90,90,90,90,90,90,90,90,90,90,90,90,90,90,90,90,90,90,90,90,90,90,90,90,104,104,104,104,104,104,104,104,104,104,104,104,104,104,104,104,104,104,104],"card_choices":[{"not_picked":["Go for the Eyes","Lockon"],"picked":"Doom and Gloom","floor":1},{"not_picked":["Coolheaded","Reprogram"],"picked":"Conserve Battery","floor":3},{"not_picked":["Darkness","Consume"],"picked":"Auto Shields","floor":7},{"not_picked":["Stack","Auto Shields"],"picked":"Coolheaded","floor":10},{"not_picked":["Doom and Gloom","Streamline","Steam"],"picked":"SKIP","floor":12},{"not_picked":["All For One+1","Meteor Strike+1"],"picked":"Rainbow","floor":16},{"not_picked":["Rip and Tear+1","Go for the Eyes+1"],"picked":"Sweeping Beam+1","floor":18},{"not_picked":["Hologram+1","Cold Snap+1"],"picked":"Glacier","floor":19},{"not_picked":["Undo","Compile Driver+1"],"picked":"Self Repair","floor":20},{"not_picked":["Darkness","Redo"],"picked":"Barrage+1","floor":23},{"not_picked":["Storm","Chill+1"],"picked":"Echo Form","floor":25},{"not_picked":["Stack+1","Beam Cell+1","Sweeping Beam+1"],"picked":"SKIP","floor":27},{"not_picked":["Streamline+1","FTL+1"],"picked":"Double Energy","floor":28},{"not_picked":["Ball Lightning+1","Reinforced Body"],"picked":"Hologram+1","floor":29},{"not_picked":["Steam","Gash+1"],"picked":"Capacitor+1","floor":30},{"not_picked":["All For One+1","Fission"],"picked":"Seek","floor":33},{"not_picked":["Stack","Rip and Tear+1"],"picked":"Recycle+1","floor":35},{"not_picked":["Leap+1","Compile Driver+1"],"picked":"BootSequence+1","floor":36},{"not_picked":["Steam","Leap+1","Beam Cell+1"],"picked":"SKIP","floor":38},{"not_picked":["Mind Blast+1","Mayhem"],"picked":"Secret Technique","floor":39},{"not_picked":["Good Instincts","Dramatic Entrance+1"],"picked":"Flash of Steel+1","floor":39},{"not_picked":["Glacier+1","FTL+1"],"picked":"Barrage+1","floor":41},{"not_picked":["Rebound+1","Conserve Battery+1","Cold Snap+1"],"picked":"SKIP","floor":45},{"not_picked":["Gash+1","Capacitor"],"picked":"Hologram","floor":46},{"not_picked":["Reprogram+1","Force Field","Chaos"],"picked":"SKIP","floor":54}],"player_experience":490781,"relics_obtained":[{"floor":7,"key":"Symbiotic Virus"},{"floor":9,"key":"Pear"},{"floor":10,"key":"Emotion Chip"},{"floor":12,"key":"Orichalcum"},{"floor":20,"key":"Old Coin"},{"floor":20,"key":"Mummified Hand"},{"floor":23,"key":"DataDisk"},{"floor":25,"key":"Regal Pillow"},{"floor":26,"key":"Dream Catcher"},{"floor":28,"key":"Peace Pipe"},{"floor":30,"key":"Centennial Puzzle"},{"floor":41,"key":"Bag of Marbles"},{"floor":41,"key":"Pocketwatch"},{"floor":46,"key":"Vajra"},{"floor":46,"key":"MawBank"},{"floor":54,"key":"Dodecahedron"},{"floor":54,"key":"Pantograph"}],"event_choices":[{"damage_healed":0,"gold_gain":0,"player_choice":"Forge","damage_taken":0,"max_hp_gain":0,"max_hp_loss":0,"event_name":"Accursed Blacksmith","floor":2,"gold_loss":0,"cards_upgraded":["Zap"]},{"damage_healed":0,"gold_gain":0,"player_choice":"Donut","damage_taken":0,"max_hp_gain":5,"max_hp_loss":0,"event_name":"Big Fish","floor":5,"gold_loss":0},{"damage_healed":0,"gold_gain":0,"player_choice":"Success","damage_taken":12,"relics_obtained":["Molten Egg 2"],"max_hp_gain":0,"max_hp_loss":0,"event_name":"Scrap Ooze","floor":14,"gold_loss":0},{"damage_healed":0,"gold_gain":0,"player_choice":"Fight","damage_taken":0,"max_hp_gain":0,"max_hp_loss":0,"event_name":"Colosseum","floor":20,"gold_loss":0},{"damage_healed":0,"gold_gain":0,"player_choice":"Fought Nobs","damage_taken":0,"max_hp_gain":0,"max_hp_loss":0,"event_name":"Colosseum","floor":20,"gold_loss":0},{"damage_healed":30,"gold_gain":0,"player_choice":"Heal","damage_taken":0,"max_hp_gain":0,"max_hp_loss":0,"event_name":"The Library","floor":22,"gold_loss":0},{"damage_healed":0,"gold_gain":0,"player_choice":"Upgraded","damage_taken":0,"max_hp_gain":0,"max_hp_loss":0,"event_name":"Upgrade Shrine","floor":31,"gold_loss":0,"cards_upgraded":["Double Energy"]},{"damage_healed":0,"gold_gain":0,"player_choice":"Memory 3","damage_taken":10,"max_hp_gain":0,"max_hp_loss":0,"event_name":"SensoryStone","floor":39,"gold_loss":0},{"damage_healed":0,"gold_gain":75,"player_choice":"Touch","damage_taken":10,"max_hp_gain":0,"max_hp_loss":0,"event_name":"FaceTrader","floor":48,"gold_loss":0}],"is_beta":false,"boss_relics":[{"not_picked":["Cursed Key","Runic Dome"],"picked":"Inserter"},{"not_picked":["FrozenCore","Pandora\u0027s Box"],"picked":"Black Star"}],"items_purged_floors":[4,21,53],"is_endless":false,"potions_floor_spawned":[3,7,16,19,20,20,33,35,45,54],"ascension_level":1}