{"gold_per_floor":[115,133,56,67,17,17,46,56,56,56,71,46,46,46,46,147,147,162,190,202,202],"floor_reached":21,"playtime":1601,"items_purged":[],"score":240,"play_id":"94e72087-6b1c-4716-93f0-fd8c2752d52e","local_time":"20190517185257","is_ascension_mode":true,"campfire_choices":[{"data":"Neutralize","floor":6,"key":"SMITH"},{"data":"Setup","floor":10,"key":"SMITH"},{"data":"Catalyst","floor":13,"key":"SMITH"},{"data":"Noxious Fumes","floor":15,"key":"SMITH"}],"neow_cost":"NONE","seed_source_timestamp":102840912402181,"circlet_count":0,"master_deck":["Defend_G+1","Defend_G+1","Defend_G","Defend_G","Defend_G","Strike_G","Strike_G","Strike_G","Survivor","Neutralize+1","Wraith Form v2","Well Laid Plans","Noxious Fumes+1","Noxious Fumes","Blur","Setup+1","Catalyst+1","Dodge and Roll","Bullet Time","Noxious Fumes","Dodge and Roll"],"relics":["Ring of the Snake","Sundial","Ornamental Fan","WristBlade","Red Mask"],"potions_floor_usage":[21],"damage_taken":[{"damage":1,"enemies":"Cultist","floor":1,"turns":5},{"damage":0,"enemies":"2 Louse","floor":2,"turns":3},{"damage":6,"enemies":"Jaw Worm","floor":4,"turns":5},{"damage":1,"enemies":"Lagavulin","floor":7,"turns":8},{"damage":0,"enemies":"Blue Slaver","floor":8,"turns":6},{"damage":0,"enemies":"Large Slime","floor":11,"turns":9},{"damage":0,"enemies":"Hexaghost","floor":16,"turns":8},{"damage":8,"enemies":"Shell Parasite","floor":18,"turns":6},{"damage":49,"enemies":"Masked Bandits","floor":19,"turns":6},{"damage":8,"enemies":"Spheric Guardian","floor":20,"turns":5},{"damage":11,"enemies":"3 Cultists","floor":21,"turns":4}],"seed_played":"3042713137523860337","potions_obtained":[{"floor":1,"key":"GhostInAJar"},{"floor":7,"key":"GamblersBrew"},{"floor":8,"key":"Ancient Potion"}],"is_trial":false,"path_per_floor":["M","M","$","M","?","R","E","M","T","R","M","$","R","?","R","B",null,"M","?","M","M"],"character_chosen":"THE_SILENT","items_purchased":["Noxious Fumes","Dodge and Roll"],"campfire_rested":0,"item_purchase_floors":[3,12],"current_hp_per_floor":[69,69,69,63,63,63,62,62,62,62,62,62,62,48,48,48,70,62,13,5,0],"gold":202,"neow_bonus":"TRANSFORM_CARD","is_prod":false,"is_daily":false,"chose_seed":false,"campfire_upgraded":4,"win_rate":0,"timestamp":1558111977,"path_taken":["M","M","$","M","?","R","E","M","T","R","M","$","R","?","R","BOSS","M","?","M","M"],"build_version":"2019-01-23","purchased_purges":0,"victory":false,"max_hp_per_floor":[70,70,70,70,70,70,70,70,70,70,70,70,70,70,70,70,70,70,70,70,70],"card_choices":[{"not_picked":["Distraction","Slice"],"picked":"Well Laid Plans","floor":1},{"not_picked":["Eviscerate","Prepared","Dagger Throw"],"picked":"SKIP","floor":2},{"not_picked":["Cloak And Dagger","Bane"],"picked":"Noxious Fumes","floor":4},{"not_picked":["Crippling Poison","Underhanded Strike"],"picked":"Blur","floor":7},{"not_picked":["Quick Slash","Dagger Throw"],"picked":"Setup","floor":8},{"not_picked":["Concentrate","Underhanded Strike"],"picked":"Catalyst","floor":11},{"not_picked":["Doppelganger","Tools of the Trade"],"picked":"Bullet Time","floor":16},{"not_picked":["Flying Knee","Poisoned Stab"],"picked":"Noxious Fumes","floor":18},{"not_picked":["Cloak And Dagger","All Out Attack+1"],"picked":"Dodge and Roll","floor":19},{"not_picked":["Distraction","Crippling Poison","Dagger Throw+1"],"picked":"SKIP","floor":20}],"player_experience":314544,"relics_obtained":[{"floor":7,"key":"Sundial"},{"floor":9,"key":"Ornamental Fan"},{"floor":19,"key":"Red Mask"}],"event_choices":[{"cards_removed":["Strike_G"],"damage_healed":0,"gold_gain":0,"player_choice":"Card Removal","damage_taken":0,"max_hp_gain":0,"max_hp_loss":0,"event_name":"The Cleric","floor":5,"gold_loss":50},{"damage_healed":0,"gold_gain":0,"player_choice":"Entered Light","damage_taken":14,"max_hp_gain":0,"max_hp_loss":0,"event_name":"Shining Light","floor":14,"gold_loss":0,"cards_upgraded":["Defend_G","Defend_G"]},{"damage_healed":0,"gold_gain":0,"player_choice":"Fought Bandits","damage_taken":0,"max_hp_gain":0,"max_hp_loss":0,"event_name":"Masked Bandits","floor":19,"gold_loss":0}],"is_beta":false,"boss_relics":[{"not_picked":["Runic Dome","Runic Pyramid"],"picked":"WristBlade"}],"items_purged_floors":[],"is_endless":false,"potions_floor_spawned":[1,7,8],"killed_by":"3 Cultists","ascension_level":1}