{"gold_per_floor":[114,35,46,61,61,96,96,130,155,155,155,173,186,196,196,301,301,315,331,10,24,24,352,352,377,377,393,393,411,423,111,111,215,215,227,83,103,117,127,127,161,161,161,180,180,205,223,123,123,123],"floor_reached":50,"playtime":2114,"items_purged":["Strike_R","Shrug It Off"],"score":610,"play_id":"ab4e75b9-19b2-4b56-92c8-dc5daaa26861","local_time":"20181117114632","is_ascension_mode":true,"campfire_choices":[{"floor":7,"key":"REST"},{"floor":11,"key":"REST"},{"data":"Whirlwind","floor":15,"key":"SMITH"},{"floor":24,"key":"REST"},{"floor":28,"key":"REST"},{"data":"Demon Form","floor":32,"key":"SMITH"},{"data":"Limit Break","floor":40,"key":"SMITH"},{"data":"Limit Break","floor":42,"key":"SMITH"},{"floor":45,"key":"REST"},{"floor":49,"key":"REST"}],"neow_cost":"NONE","seed_source_timestamp":150598056568904,"circlet_count":0,"master_deck":["Strike_R","Strike_R","Strike_R","Defend_R+1","Defend_R","Defend_R","Defend_R","Bash+1","Spot Weakness","Reckless Charge","Rampage","Whirlwind+1","Shrug It Off+1","Uppercut+1","Twin Strike","Rampage","Demon Form+1","Iron Wave","Sword Boomerang","Limit Break+1","Pummel","Heavy Blade","Havoc+1","Warcry+1","Clothesline+1","Limit Break+1","Disarm"],"relics":["Burning Blood","NeowsBlessing","Bag of Marbles","War Paint","Happy Flower","Letter Opener","Philosopher\u0027s Stone","Bottled Tornado","Old Coin","Centennial Puzzle","Molten Egg 2","Lee\u0027s Waffle","Busted Crown","Whetstone","Blood Vial","Bag of Preparation","Orichalcum"],"potions_floor_usage":[16,16,16,25,29,50],"damage_taken":[{"damage":0,"enemies":"Cultist","floor":1,"turns":1},{"damage":0,"enemies":"Small Slimes","floor":3,"turns":1},{"damage":0,"enemies":"Jaw Worm","floor":4,"turns":1},{"damage":72,"enemies":"Lagavulin","floor":6,"turns":9},{"damage":29,"enemies":"3 Sentries","floor":8,"turns":6},{"damage":8,"enemies":"Lots of Slimes","floor":12,"turns":3},{"damage":5,"enemies":"Red Slaver","floor":13,"turns":3},{"damage":8,"enemies":"Large Slime","floor":14,"turns":4},{"damage":32,"enemies":"Slime Boss","floor":16,"turns":9},{"damage":33,"enemies":"Shell Parasite","floor":18,"turns":5},{"damage":0,"enemies":"Spheric Guardian","floor":19,"turns":3},{"damage":13,"enemies":"Centurion and Healer","floor":21,"turns":4},{"damage":40,"enemies":"Gremlin Leader","floor":23,"turns":5},{"damage":30,"enemies":"Book of Stabbing","floor":25,"turns":3},{"damage":11,"enemies":"Sentry and Sphere","floor":27,"turns":3},{"damage":13,"enemies":"Snecko","floor":29,"turns":3},{"damage":12,"enemies":"Cultist and Chosen","floor":30,"turns":3},{"damage":17,"enemies":"Champ","floor":33,"turns":6},{"damage":16,"enemies":"Orb Walker","floor":35,"turns":2},{"damage":8,"enemies":"3 Darklings","floor":37,"turns":3},{"damage":19,"enemies":"4 Shapes","floor":38,"turns":5},{"damage":16,"enemies":"Maw","floor":39,"turns":4},{"damage":9,"enemies":"Giant Head","floor":41,"turns":4},{"damage":19,"enemies":"Jaw Worm Horde","floor":44,"turns":3},{"damage":32,"enemies":"Reptomancer","floor":46,"turns":3},{"damage":52,"enemies":"Writhing Mass","floor":47,"turns":4},{"damage":60,"enemies":"Donu and Deca","floor":50,"turns":4}],"seed_played":"1450563183211339199","potions_obtained":[{"floor":1,"key":"EssenceOfSteel"},{"floor":6,"key":"Block Potion"},{"floor":12,"key":"AttackPotion"},{"floor":16,"key":"Strength Potion"},{"floor":25,"key":"PowerPotion"},{"floor":29,"key":"SpeedPotion"},{"floor":30,"key":"FairyPotion"},{"floor":33,"key":"Swift Potion"},{"floor":37,"key":"FairyPotion"}],"is_trial":false,"path_per_floor":["M","$","M","M","?","E","R","E","T","?","R","M","M","M","R","B",null,"M","M","$","M","?","E","R","E","T","M","R","M","M","$","R","B",null,"M","$","M","M","M","R","E","R","T","M","R","E","M","$","R","B"],"character_chosen":"IRONCLAD","items_purchased":["Reckless Charge","Limit Break","Bottled Tornado","Lee\u0027s Waffle","Shrug It Off","Whetstone"],"campfire_rested":6,"item_purchase_floors":[2,20,20,31,31,36],"current_hp_per_floor":[80,80,80,80,80,14,38,15,15,15,39,37,38,36,36,10,80,53,59,59,52,52,18,42,18,18,13,37,30,24,87,87,76,87,77,77,75,62,52,52,49,49,49,38,64,40,14,14,40,0],"gold":123,"neow_bonus":"THREE_ENEMY_KILL","is_prod":false,"is_daily":false,"chose_seed":false,"campfire_upgraded":4,"win_rate":0,"timestamp":1542473192,"path_taken":["M","$","M","?","?","E","R","E","T","?","R","M","M","M","R","BOSS","M","M","?","?","?","E","R","E","T","M","R","?","M","$","R","BOSS","M","$","M","M","M","R","E","R","T","M","R","E","M","$","R","BOSS"],"build_version":"2018-11-15","purchased_purges":2,"victory":false,"max_hp_per_floor":[80,80,80,80,80,80,80,80,80,80,80,80,80,80,80,80,80,80,80,80,80,80,80,80,80,80,80,80,80,80,87,87,87,87,87,87,87,87,87,87,87,87,87,87,87,87,87,87,87,87],"card_choices":[{"not_picked":["Havoc","Cleave"],"picked":"Spot Weakness","floor":1},{"not_picked":["Warcry","Rupture"],"picked":"Rampage","floor":3},{"not_picked":["Heavy Blade","Body Slam"],"picked":"Whirlwind","floor":4},{"not_picked":["Anger","Seeing Red"],"picked":"Shrug It Off","floor":6},{"not_picked":["Juggernaut","Heavy Blade"],"picked":"Uppercut","floor":8},{"not_picked":["True Grit","Perfected Strike"],"picked":"Twin Strike","floor":12},{"not_picked":["Sever Soul","Perfected Strike","Flex"],"picked":"SKIP","floor":13},{"not_picked":["Reaper","Iron Wave"],"picked":"Rampage","floor":14},{"not_picked":["Double Tap","Bludgeon"],"picked":"Demon Form","floor":16},{"not_picked":["Headbutt+1","Clash"],"picked":"Iron Wave","floor":18},{"not_picked":["Warcry+1","Havoc"],"picked":"Sword Boomerang","floor":19},{"not_picked":["Carnage+1","Bloodletting","Sentinel+1"],"picked":"SKIP","floor":21},{"not_picked":["Seeing Red+1","Heavy Blade"],"picked":"Pummel","floor":23},{"not_picked":["Uppercut+1","Feed"],"picked":"Heavy Blade","floor":25},{"not_picked":["Clash+1","Combust+1"],"picked":"Havoc+1","floor":27},{"not_picked":["Feel No Pain+1","Anger+1"],"picked":"Warcry+1","floor":29},{"not_picked":["Burning Pact+1","Dropkick+1"],"picked":"Clothesline+1","floor":30},{"not_picked":["Demon Form","Fiend Fire+1"],"picked":"Limit Break","floor":33},{"not_picked":["Intimidate"],"picked":"SKIP","floor":35},{"not_picked":["Power Through"],"picked":"SKIP","floor":37},{"not_picked":["Dropkick+1"],"picked":"SKIP","floor":38},{"not_picked":["True Grit+1"],"picked":"SKIP","floor":39},{"not_picked":["Infernal Blade"],"picked":"SKIP","floor":41},{"not_picked":[],"picked":"Disarm","floor":44},{"not_picked":["Sentinel+1"],"picked":"SKIP","floor":46},{"not_picked":["Dual Wield"],"picked":"SKIP","floor":47}],"player_experience":159014,"relics_obtained":[{"floor":6,"key":"Bag of Marbles"},{"floor":8,"key":"War Paint"},{"floor":9,"key":"Happy Flower"},{"floor":10,"key":"Letter Opener"},{"floor":23,"key":"Old Coin"},{"floor":25,"key":"Centennial Puzzle"},{"floor":26,"key":"Molten Egg 2"},{"floor":41,"key":"Blood Vial"},{"floor":43,"key":"Bag of Preparation"},{"floor":46,"key":"Orichalcum"}],"event_choices":[{"damage_healed":0,"gold_gain":0,"player_choice":"Leave","damage_taken":0,"max_hp_gain":0,"max_hp_loss":0,"event_name":"The Cleric","floor":5,"gold_loss":0},{"damage_healed":0,"gold_gain":0,"player_choice":"Relic","damage_taken":0,"max_hp_gain":0,"max_hp_loss":0,"event_name":"Wheel of Change","floor":10,"gold_loss":0},{"cards_removed":["Strike_R"],"damage_healed":0,"gold_gain":0,"player_choice":"Purged","damage_taken":0,"max_hp_gain":0,"max_hp_loss":0,"event_name":"Purifier","floor":22,"gold_loss":0}],"is_beta":false,"boss_relics":[{"not_picked":["Runic Dome","Ectoplasm"],"picked":"Philosopher\u0027s Stone"},{"not_picked":["Sozu","Coffee Dripper"],"picked":"Busted Crown"}],"items_purged_floors":[31,48],"is_endless":false,"potions_floor_spawned":[1,6,12,16,25,29,30,33,37,39,41,44],"killed_by":"Donu and Deca","ascension_level":1}