{"gold_per_floor":[116,45,6,6,17,47,47,62,92,120,131,131,147,165,165,270,270,283,302,11,22,42,67,166,66,66,66,97,121,133,165,177,289,301,326,338,365,396,408,420,466,478,542,24,51,51,69,21,21,21],"floor_reached":51,"playtime":5467,"items_purged":["Anger+1","Strike_R"],"score":1050,"play_id":"736af6fb-c085-428c-86cd-80ac7555b522","local_time":"20190122015947","is_ascension_mode":true,"campfire_choices":[{"floor":7.0,"key":"REST"},{"floor":12.0,"key":"REST"},{"floor":15.0,"key":"REST"},{"floor":27.0,"key":"REST"},{"floor":30.0,"key":"REST"},{"data":"Flame Barrier","floor":32.0,"key":"SMITH"},{"floor":40,"key":"REST"},{"floor":42,"key":"REST"},{"floor":46,"key":"REST"},{"floor":49,"key":"REST"}],"neow_cost":"NONE","seed_source_timestamp":0,"circlet_count":0,"master_deck":["Strike_R","Strike_R","Strike_R","Defend_R","Defend_R","Defend_R","Defend_R","Bash","Sword Boomerang","Ghostly Armor","Ghostly Armor","Cleave","Flex","Heavy Blade","Seeing Red","Shrug It Off","Clothesline+1","Barricade","Blood for Blood+1","Heavy Blade+1","Ghostly Armor","Flame Barrier+1","Reaper+1","Clothesline+1","Bludgeon+1","Clothesline+1","The Bomb","Fiend Fire+1","Seeing Red"],"special_seed":0,"relics":["Burning Blood","Matryoshka","Tiny Chest","Molten Egg 2","Dead Branch","Snecko Eye","Omamori","Vajra","Lantern","Nunchaku","MawBank","Cursed Key","Bronze Scales","Oddly Smooth Stone","Lee\u0027s Waffle","Paper Frog","Shovel"],"potions_floor_usage":[50,50],"damage_taken":[{"damage":6.0,"enemies":"Cultist","floor":1.0,"turns":4.0},{"damage":9.0,"enemies":"2 Louse","floor":5.0,"turns":4.0},{"damage":21.0,"enemies":"Gremlin Nob","floor":6.0,"turns":4.0},{"damage":2.0,"enemies":"Jaw Worm","floor":8.0,"turns":3.0},{"damage":65.0,"enemies":"3 Sentries","floor":10.0,"turns":18.0},{"damage":0.0,"enemies":"2 Fungi Beasts","floor":11.0,"turns":4.0},{"damage":0.0,"enemies":"Exordium Wildlife","floor":13.0,"turns":3.0},{"damage":0.0,"enemies":"Blue Slaver","floor":14.0,"turns":3.0},{"damage":32.0,"enemies":"Hexaghost","floor":16.0,"turns":12.0},{"damage":15.0,"enemies":"Spheric Guardian","floor":18.0,"turns":4.0},{"damage":13.0,"enemies":"Shell Parasite","floor":19.0,"turns":7.0},{"damage":19.0,"enemies":"Sentry and Sphere","floor":21.0,"turns":4.0},{"damage":9.0,"enemies":"Snake Plant","floor":22.0,"turns":5.0},{"damage":24.0,"enemies":"Slavers","floor":23.0,"turns":5.0},{"damage":41.0,"enemies":"Gremlin Leader","floor":28.0,"turns":9.0},{"damage":6.0,"enemies":"Chosen and Byrds","floor":29.0,"turns":7.0},{"damage":0.0,"enemies":"Snecko","floor":31.0,"turns":5.0},{"damage":37.0,"enemies":"Champ","floor":33.0,"turns":11.0},{"damage":0.0,"enemies":"Orb Walker","floor":35.0,"turns":2.0},{"damage":8.0,"enemies":"3 Darklings","floor":37.0,"turns":6.0},{"damage":51,"enemies":"Transient","floor":38,"turns":5},{"damage":30,"enemies":"Nemesis","floor":41,"turns":5},{"damage":52,"enemies":"Reptomancer","floor":45,"turns":6},{"damage":3,"enemies":"4 Shapes","floor":47,"turns":3},{"damage":82,"enemies":"Awakened One","floor":50,"turns":12}],"seed_played":"8146022303507226577","potions_obtained":[{"floor":1.0,"key":"SpeedPotion"},{"floor":5.0,"key":"AttackPotion"},{"floor":13.0,"key":"SkillPotion"},{"floor":16.0,"key":"AttackPotion"},{"floor":19.0,"key":"SteroidPotion"},{"floor":23.0,"key":"Weak Potion"},{"floor":31.0,"key":"Dexterity Potion"},{"floor":35.0,"key":"Block Potion"},{"floor":45,"key":"SkillPotion"}],"is_trial":false,"path_per_floor":["M","$","?","$","M","E","R","M","T","E","M","R","M","M","R","B",null,"M","M","$","M","M","E","?","$","T","R","E","M","R","M","R","B",null,"M","?","M","M","?","R","E","R","T","$","E","R","M","$","R","B",null],"character_chosen":"IRONCLAD","items_purchased":["Ghostly Armor","Ghostly Armor","Omamori","Lee\u0027s Waffle","Paper Frog","Seeing Red","SteroidPotion"],"campfire_rested":9,"item_purchase_floors":[2,20,20,44,44,44,48],"current_hp_per_floor":[72,72,72,72,69,54,78,80,80,21,27,51,57,63,80,54,74,65,58,58,45,42,24,24,24,24,48,30,38,62,74,74,49,72,78,78,80,35,35,59,35,59,59,87,48,74,77,77,87,21],"gold":21,"neow_bonus":"TRANSFORM_CARD","is_prod":false,"is_daily":false,"chose_seed":false,"campfire_upgraded":1,"win_rate":0,"timestamp":1548115187,"path_taken":["M","?","?","$","M","E","R","?","T","E","M","R","M","M","R","BOSS","M","M","$","M","M","E","?","$","T","R","E","M","R","M","R","BOSS","M","?","M","M","?","R","E","R","T","$","E","R","M","?","R","BOSS"],"build_version":"2019-01-17v2","purchased_purges":2,"victory":true,"max_hp_per_floor":[80,80,80,80,80,80,80,80,80,80,80,80,80,80,80,80,80,80,80,80,80,80,80,80,80,80,80,80,80,80,80,80,80,80,80,80,80,80,80,80,80,80,80,87,87,87,87,87,87,87],"card_choices":[{"not_picked":["Sword Boomerang","Twin Strike"],"picked":"Ghostly Armor","floor":1.0},{"not_picked":["True Grit","Carnage"],"picked":"Cleave","floor":5.0},{"not_picked":["Twin Strike","Anger"],"picked":"Flex","floor":6.0},{"not_picked":["Bludgeon","Warcry"],"picked":"Heavy Blade","floor":8.0},{"not_picked":["Combust","Heavy Blade+1"],"picked":"Seeing Red","floor":10.0},{"not_picked":["Warcry","Armaments"],"picked":"Anger+1","floor":11.0},{"not_picked":["Pommel Strike+1","Perfected Strike+1"],"picked":"Shrug It Off","floor":13.0},{"not_picked":["Cleave+1","Body Slam+1"],"picked":"Clothesline+1","floor":14.0},{"not_picked":["Brutality","Juggernaut"],"picked":"Barricade","floor":16.0},{"not_picked":["Warcry","Anger+1"],"picked":"Blood for Blood+1","floor":18.0},{"not_picked":["Sword Boomerang+1","Body Slam+1"],"picked":"Heavy Blade+1","floor":19.0},{"not_picked":["Body Slam+1","Armaments"],"picked":"Flame Barrier","floor":21.0},{"not_picked":["Inflame","Disarm","Thunderclap+1"],"picked":"SKIP","floor":22.0},{"not_picked":["Feel No Pain","Dual Wield"],"picked":"Reaper+1","floor":23.0},{"not_picked":["Thunderclap+1","Iron Wave+1","Sever Soul+1"],"picked":"SKIP","floor":28.0},{"not_picked":["Perfected Strike+1","Reckless Charge+1"],"picked":"Clothesline+1","floor":29.0},{"not_picked":["Anger+1","Shrug It Off","Rupture"],"picked":"SKIP","floor":31.0},{"not_picked":["Offering","Exhume"],"picked":"Bludgeon+1","floor":33.0},{"not_picked":["Havoc","Sword Boomerang+1"],"picked":"Clothesline+1","floor":35.0},{"not_picked":["Forethought","Jack Of All Trades"],"picked":"The Bomb","floor":36.0},{"not_picked":["Wild Strike+1","Second Wind+1","Reckless Charge+1"],"picked":"SKIP","floor":37.0},{"not_picked":["Perfected Strike+1","Sentinel","Dropkick+1"],"picked":"SKIP","floor":38},{"not_picked":["Battle Trance","Iron Wave+1"],"picked":"Fiend Fire+1","floor":41},{"not_picked":["Whirlwind+1","Twin Strike+1","Disarm+1"],"picked":"SKIP","floor":45},{"not_picked":["Armaments+1","Iron Wave+1","Rupture"],"picked":"SKIP","floor":47}],"player_experience":334552,"relics_obtained":[{"floor":6.0,"key":"Matryoshka"},{"floor":9.0,"key":"Tiny Chest"},{"floor":9.0,"key":"Molten Egg 2"},{"floor":10.0,"key":"Dead Branch"},{"floor":23.0,"key":"Vajra"},{"floor":26.0,"key":"Lantern"},{"floor":26.0,"key":"Nunchaku"},{"floor":28.0,"key":"MawBank"},{"floor":41,"key":"Bronze Scales"},{"floor":43,"key":"Oddly Smooth Stone"},{"floor":45,"key":"Shovel"}],"event_choices":[{"damage_healed":0.0,"max_hp_gain":0.0,"max_hp_loss":0.0,"gold_gain":0.0,"event_name":"World of Goop","player_choice":"Left Gold","floor":3.0,"gold_loss":39.0,"damage_taken":0.0},{"damage_healed":0.0,"max_hp_gain":0.0,"max_hp_loss":0.0,"gold_gain":99.0,"event_name":"Nest","player_choice":"Stole From Cult","floor":24.0,"gold_loss":0.0,"damage_taken":0.0},{"damage_healed":0.0,"max_hp_gain":0.0,"max_hp_loss":0.0,"gold_gain":0.0,"event_name":"SensoryStone","player_choice":"Memory 1","floor":36.0,"gold_loss":0.0,"damage_taken":0.0},{"damage_healed":0,"gold_gain":0,"player_choice":"Ignored","damage_taken":0,"max_hp_gain":0,"max_hp_loss":0,"event_name":"Tomb of Lord Red Mask","floor":39,"gold_loss":0}],"is_beta":false,"boss_relics":[{"not_picked":["Empty Cage","Black Blood"],"picked":"Snecko Eye"},{"not_picked":["Orrery","Velvet Choker"],"picked":"Cursed Key"}],"items_purged_floors":[20,25],"is_endless":false,"potions_floor_spawned":[1,5,13,16,19,23,31,35,45],"ascension_level":9}