{"gold_per_floor":[118,138,83,94,110,110,58,87,112,145,145,180,244,244,256,367,379,405,417,439,470,502,514,555,482,494,506,534,562,151,251,251,355,355,374,1373,1373,1383,1393,1393,197,197,197,212,212,224,29,47,47,47],"floor_reached":51,"playtime":1676,"items_purged":["Decay","Normality"],"score":962,"play_id":"d14ff119-abd5-4331-ac9d-3811c1282d47","local_time":"20190414131020","is_ascension_mode":false,"campfire_choices":[{"data":"Bash","floor":6.0,"key":"SMITH"},{"data":"Anger","floor":11.0,"key":"SMITH"},{"floor":15.0,"key":"REST"},{"data":"Armaments","floor":23.0,"key":"SMITH"},{"floor":32.0,"key":"REST"},{"floor":40.0,"key":"REST"},{"data":"1","floor":42.0,"key":"LIFT"},{"data":"2","floor":45.0,"key":"LIFT"},{"data":"3","floor":49,"key":"LIFT"}],"neow_cost":"NONE","seed_source_timestamp":2258859646453,"circlet_count":0,"master_deck":["Strike_R","Strike_R","Strike_R","Strike_R","Strike_R","Defend_R","Defend_R","Defend_R","Defend_R","Bash+1","Twin Strike","Cleave","Clothesline","Anger+1","Perfected Strike+1","Flex+1","Armaments+1","Normality","True Grit+1"],"special_seed":0,"relics":["Burning Blood","Boot","Bag of Preparation","Bronze Scales","Ancient Tea Set","Paper Frog","Pantograph","MawBank","Sozu","Frozen Egg 2","Potion Belt","The Courier","Bag of Marbles","Turnip","FossilizedHelix","Blue Candle","Velvet Choker","Singing Bowl","Self Forming Clay","Pear","TheAbacus","Orichalcum","Girya","Molten Egg 2","Shuriken"],"potions_floor_usage":[50],"damage_taken":[{"damage":2.0,"enemies":"2 Louse","floor":1.0,"turns":3.0},{"damage":1.0,"enemies":"Cultist","floor":2.0,"turns":3.0},{"damage":13.0,"enemies":"Jaw Worm","floor":4.0,"turns":3.0},{"damage":4.0,"enemies":"Looter","floor":5.0,"turns":3.0},{"damage":35.0,"enemies":"3 Sentries","floor":8.0,"turns":8.0},{"damage":16.0,"enemies":"Lagavulin","floor":10.0,"turns":5.0},{"damage":21.0,"enemies":"3 Sentries","floor":12.0,"turns":6.0},{"damage":0.0,"enemies":"Slime Boss","floor":16.0,"turns":5.0},{"damage":9.0,"enemies":"Shell Parasite","floor":18.0,"turns":4.0},{"damage":1.0,"enemies":"3 Byrds","floor":20.0,"turns":3.0},{"damage":25.0,"enemies":"Sentry and Sphere","floor":21.0,"turns":4.0},{"damage":16.0,"enemies":"3 Cultists","floor":22.0,"turns":4.0},{"damage":16.0,"enemies":"Slavers","floor":24.0,"turns":4.0},{"damage":2.0,"enemies":"Snake Plant","floor":28.0,"turns":2.0},{"damage":11.0,"enemies":"Snecko","floor":29.0,"turns":3.0},{"damage":8.0,"enemies":"Colosseum Slavers","floor":31.0,"turns":3.0},{"damage":7.0,"enemies":"Colosseum Nobs","floor":31.0,"turns":3.0},{"damage":68.0,"enemies":"Champ","floor":33.0,"turns":12.0},{"damage":0.0,"enemies":"Orb Walker","floor":35.0,"turns":1.0},{"damage":43.0,"enemies":"3 Darklings","floor":38.0,"turns":5.0},{"damage":20.0,"enemies":"Transient","floor":39.0,"turns":5.0},{"damage":5.0,"enemies":"4 Shapes","floor":44.0,"turns":5.0},{"damage":17.0,"enemies":"Maw","floor":46.0,"turns":5.0},{"damage":0,"enemies":"Transient","floor":48,"turns":5},{"damage":70,"enemies":"Awakened One","floor":50,"turns":14}],"seed_played":"-159754830773681794","potions_obtained":[{"floor":4.0,"key":"Energy Potion"},{"floor":5.0,"key":"Strength Potion"},{"floor":12.0,"key":"Swift Potion"},{"floor":16.0,"key":"SpeedPotion"}],"is_trial":false,"path_per_floor":["M","M","?","M","M","R","$","E","T","E","R","E","?","T","R","B",null,"M","?","M","M","M","R","E","?","T","?","M","M","$","?","R","B",null,"M","?","?","M","M","R","$","R","T","M","R","M","$","M","R","B",null],"character_chosen":"IRONCLAD","items_purchased":["Anger","Bag of Marbles","Turnip","Singing Bowl","Self Forming Clay","Pear","TheAbacus","Orichalcum","Girya","Shuriken"],"campfire_rested":3,"item_purchase_floors":[7,30,30,41,41,41,41,41,41,47],"current_hp_per_floor":[80,80,80,73,75,75,75,46,46,36,36,21,21,21,45,76,80,77,77,80,61,51,51,41,41,41,41,45,40,40,37,61,18,80,80,80,76,39,25,47,57,57,57,60,60,51,51,59,59,20],"gold":47,"neow_bonus":"RANDOM_COMMON_RELIC","is_prod":false,"is_daily":false,"chose_seed":false,"campfire_upgraded":3,"win_rate":0,"timestamp":1555261820,"path_taken":["M","M","?","M","?","R","$","E","T","E","R","E","?","?","R","BOSS","M","?","M","M","?","R","E","?","T","?","M","M","$","?","R","BOSS","M","?","?","?","M","R","$","R","T","M","R","M","$","M","R","BOSS"],"build_version":"2019-01-23","purchased_purges":2,"victory":true,"max_hp_per_floor":[80,80,80,80,80,80,80,80,80,80,80,80,80,80,80,80,80,80,80,80,80,80,80,80,80,80,80,80,80,80,80,80,80,80,80,80,76,76,76,76,86,86,86,88,88,90,90,92,92,92],"card_choices":[{"not_picked":["Seeing Red","Clash"],"picked":"Twin Strike","floor":1.0},{"not_picked":["Sword Boomerang","Perfected Strike"],"picked":"Cleave","floor":2.0},{"not_picked":["Warcry","Cleave"],"picked":"Clothesline","floor":4.0},{"not_picked":["Immolate","Power Through","Thunderclap"],"picked":"SKIP","floor":5.0},{"not_picked":["Fire Breathing","Combust","Thunderclap"],"picked":"SKIP","floor":8.0},{"not_picked":["Disarm","Double Tap","Cleave"],"picked":"SKIP","floor":10.0},{"not_picked":["Fiend Fire","Shockwave","Havoc"],"picked":"SKIP","floor":12.0},{"not_picked":["Twin Strike","Thunderclap","Fire Breathing"],"picked":"SKIP","floor":18.0},{"not_picked":["Searing Blow","Wild Strike"],"picked":"Perfected Strike+1","floor":20.0},{"not_picked":["Anger","Clash+1"],"picked":"Flex+1","floor":21.0},{"not_picked":["Body Slam+1","Cleave"],"picked":"Armaments","floor":22.0},{"not_picked":["Demon Form","Armaments+1","Reckless Charge"],"picked":"SKIP","floor":24.0},{"not_picked":["Wild Strike","Headbutt","Flex+1"],"picked":"SKIP","floor":28.0},{"not_picked":["Clothesline+1","Heavy Blade","Warcry"],"picked":"SKIP","floor":29.0},{"not_picked":["Burning Pact+1","Shockwave+1","Armaments+1"],"picked":"SKIP","floor":35.0},{"not_picked":["Seeing Red+1","Rupture+1"],"picked":"True Grit+1","floor":38.0},{"not_picked":["Wild Strike","True Grit","Infernal Blade+1"],"picked":"SKIP","floor":39.0},{"not_picked":["Thunderclap+1","Pummel+1","Iron Wave+1"],"picked":"Singing Bowl","floor":44.0},{"not_picked":["Wild Strike+1","True Grit+1","Second Wind"],"picked":"Singing Bowl","floor":46.0},{"not_picked":["Iron Wave+1","Bloodletting+1","Feel No Pain+1"],"picked":"Singing Bowl","floor":48}],"player_experience":571512,"relics_obtained":[{"floor":8.0,"key":"Bronze Scales"},{"floor":9.0,"key":"Ancient Tea Set"},{"floor":10.0,"key":"Paper Frog"},{"floor":12.0,"key":"Pantograph"},{"floor":14.0,"key":"MawBank"},{"floor":24.0,"key":"Frozen Egg 2"},{"floor":26.0,"key":"The Courier"},{"floor":31.0,"key":"FossilizedHelix"},{"floor":31.0,"key":"Blue Candle"},{"floor":43.0,"key":"Molten Egg 2"}],"event_choices":[{"damage_healed":0.0,"max_hp_gain":0.0,"max_hp_loss":0.0,"gold_gain":0.0,"event_name":"WeMeetAgain","player_choice":"Paid Gold","floor":3.0,"gold_loss":55.0,"damage_taken":0.0,"relics_obtained":["Bag of Preparation"]},{"damage_healed":0.0,"max_hp_gain":0.0,"max_hp_loss":0.0,"gold_gain":64.0,"event_name":"Golden Wing","player_choice":"Gained Gold","floor":13.0,"gold_loss":0.0,"damage_taken":0.0},{"damage_healed":0.0,"max_hp_gain":0.0,"max_hp_loss":0.0,"gold_gain":0.0,"event_name":"Lab","player_choice":"Got Potions","floor":19.0,"gold_loss":0.0,"damage_taken":0.0},{"damage_healed":0.0,"max_hp_gain":0.0,"max_hp_loss":0.0,"gold_gain":0.0,"event_name":"Addict","player_choice":"Obtained Relic","floor":25.0,"gold_loss":85.0,"damage_taken":0.0,"relics_obtained":["Potion Belt"]},{"damage_healed":0.0,"max_hp_gain":0.0,"max_hp_loss":0.0,"gold_gain":0.0,"event_name":"Forgotten Altar","player_choice":"Smashed Altar","floor":27.0,"gold_loss":0.0,"damage_taken":0.0,"cards_obtained":["Decay"]},{"damage_healed":0.0,"max_hp_gain":0.0,"max_hp_loss":0.0,"gold_gain":0.0,"event_name":"Colosseum","player_choice":"Fight","floor":31.0,"gold_loss":0.0,"damage_taken":0.0},{"damage_healed":0.0,"max_hp_gain":0.0,"max_hp_loss":0.0,"gold_gain":0.0,"event_name":"Colosseum","player_choice":"Fought Nobs","floor":31.0,"gold_loss":0.0,"damage_taken":0.0},{"damage_healed":0.0,"max_hp_gain":0.0,"max_hp_loss":0.0,"gold_gain":999.0,"event_name":"MindBloom","player_choice":"Gold","floor":36.0,"gold_loss":0.0,"damage_taken":0.0,"cards_obtained":["Normality","Normality"]},{"damage_healed":0.0,"max_hp_gain":0.0,"max_hp_loss":4.0,"gold_gain":0.0,"event_name":"Winding Halls","player_choice":"Max HP","floor":37.0,"gold_loss":0.0,"damage_taken":0.0}],"is_beta":false,"boss_relics":[{"not_picked":["White Beast Statue","Orrery"],"picked":"Sozu"},{"not_picked":["Snecko Eye","Coffee Dripper"],"picked":"Velvet Choker"}],"items_purged_floors":[30,41],"is_endless":false,"potions_floor_spawned":[4,5,12,16,18,21,24,29,31,35,39,44,46],"ascension_level":0}