{"gold_per_floor":[117,117,165,177,177,177,196,227,251,50,50,50,84,98,98,229,229,249,273,373,394,17,17,58,72,72,72,103,18,18,43,43,43],"floor_reached":33,"playtime":3527,"items_purged":["Defend_R","Defend_R"],"score":293,"play_id":"24481c71-ef88-4b77-82a9-1eaacba9ab2d","local_time":"20180702230444","is_ascension_mode":false,"campfire_choices":[{"data":"Rage","floor":6,"key":"SMITH"},{"floor":12,"key":"REST"},{"floor":15,"key":"REST"},{"data":"Rage","floor":23,"key":"SMITH"},{"floor":32,"key":"REST"}],"neow_cost":"","seed_source_timestamp":1641564812180001,"circlet_count":0,"master_deck":["Strike_R","Strike_R","Strike_R","Strike_R","Defend_R","Defend_R","Bash","Dropkick","Rage+1","Flex","Inflame","Rage+1","Cleave","Armaments","Cleave","Berserk","Bloodletting","Clothesline","Rage+1","Blood for Blood","Carnage+1","Cleave","Shockwave","Body Slam+1","RitualDagger","Heavy Blade+1"],"relics":["Burning Blood","Juzu Bracelet","Golden Idol","Lantern","Happy Flower","Bag of Preparation","Sozu","Meat on the Bone","Orichalcum","Red Skull","Bronze Scales","Letter Opener"],"potions_floor_usage":[13,18],"damage_taken":[{"damage":5,"enemies":"Small Slimes","floor":1,"turns":4},{"damage":1,"enemies":"Jaw Worm","floor":4,"turns":4},{"damage":5,"enemies":"Cultist","floor":7,"turns":4},{"damage":56,"enemies":"Gremlin Nob","floor":8,"turns":6},{"damage":6,"enemies":"3 Sentries","floor":13,"turns":7},{"damage":0,"enemies":"Looter","floor":14,"turns":3},{"damage":49,"enemies":"The Guardian","floor":16,"turns":10},{"damage":0,"enemies":"2 Thieves","floor":18,"turns":3},{"damage":36,"enemies":"Chosen","floor":19,"turns":5},{"damage":3,"enemies":"Snake Plant","floor":21,"turns":4},{"damage":10,"enemies":"Slavers","floor":24,"turns":4},{"damage":15,"enemies":"Slaver and Parasite","floor":25,"turns":6},{"damage":19,"enemies":"Book of Stabbing","floor":28,"turns":5},{"damage":19,"enemies":"Sentry and Sphere","floor":31,"turns":4},{"damage":65,"enemies":"Champ","floor":33,"turns":11}],"seed_played":"-4374313600126505765","potions_obtained":[{"floor":7,"key":"Strength Potion"},{"floor":8,"key":"LiquidBronze"},{"floor":14,"key":"Block Potion"}],"is_trial":false,"path_per_floor":["M","?","T","M","?","R","M","E","T","$","?","R","E","M","R","B",null,"M","M","?","M","$","R","E","M","T","?","E","?","?","M","R"],"character_chosen":"IRONCLAD","items_purchased":["Rage","Cleave","Meat on the Bone","Blood for Blood"],"campfire_rested":3,"item_purchase_floors":[10,10,22,22],"current_hp_per_floor":[80,80,80,80,74,74,74,24,24,24,24,46,46,52,74,31,74,74,44,44,47,47,47,55,46,46,46,45,45,39,38,60,0],"gold":43,"neow_bonus":"","is_prod":false,"is_daily":false,"chose_seed":false,"campfire_upgraded":2,"win_rate":0.0,"timestamp":1530587084,"path_taken":["M","?","?","M","?","R","M","E","T","?","?","R","E","M","R","BOSS","M","M","?","M","$","R","E","M","T","?","E","?","?","M","R","BOSS"],"build_version":"2018-06-28","purchased_purges":2,"victory":false,"max_hp_per_floor":[80,80,80,80,74,74,74,74,74,74,74,74,74,74,74,74,74,74,74,74,74,74,74,74,74,74,74,74,74,74,74,74,74],"card_choices":[{"not_picked":["Shrug It Off","Entrench"],"picked":"Dropkick","floor":1},{"not_picked":["Warcry","Perfected Strike"],"picked":"Rage","floor":4},{"not_picked":["True Grit","Ghostly Armor"],"picked":"Flex","floor":7},{"not_picked":["Whirlwind","Limit Break"],"picked":"Inflame","floor":8},{"not_picked":["Power Through","Flex"],"picked":"Armaments","floor":13},{"not_picked":["Flex","Shrug It Off"],"picked":"Cleave","floor":14},{"not_picked":["Dark Embrace","Limit Break"],"picked":"Berserk","floor":16},{"not_picked":["True Grit","Sword Boomerang"],"picked":"Bloodletting","floor":18},{"not_picked":["Burning Pact","Armaments+1"],"picked":"Clothesline","floor":19},{"not_picked":["Flex","Headbutt"],"picked":"Rage","floor":21},{"not_picked":["Power Through","Berserk"],"picked":"Carnage+1","floor":24},{"not_picked":["Anger","Disarm"],"picked":"Cleave","floor":25},{"not_picked":["Clothesline","Anger"],"picked":"Body Slam+1","floor":28},{"not_picked":["Anger","Body Slam"],"picked":"Heavy Blade+1","floor":31}],"player_experience":11851,"relics_obtained":[{"floor":3,"key":"Juzu Bracelet"},{"floor":8,"key":"Lantern"},{"floor":9,"key":"Happy Flower"},{"floor":13,"key":"Bag of Preparation"},{"floor":24,"key":"Orichalcum"},{"floor":26,"key":"Red Skull"},{"floor":28,"key":"Bronze Scales"}],"event_choices":[{"event_name":"Living Wall","player_choice":"Forget","floor":2,"damage_taken":0},{"event_name":"Golden Idol","player_choice":"Lose Max HP","floor":5,"damage_taken":0},{"event_name":"Upgrade Shrine","player_choice":"Upgraded","floor":11,"damage_taken":0},{"event_name":"Golden Shrine","player_choice":"Pray","floor":20,"damage_taken":0},{"event_name":"The Library","player_choice":"Read","floor":27,"damage_taken":0},{"event_name":"Addict","player_choice":"Obtained Relic","floor":29,"damage_taken":0},{"event_name":"Nest","player_choice":"Joined the Cult","floor":30,"damage_taken":0}],"boss_relics":[{"not_picked":["Orrery","Snecko Eye"],"picked":"Sozu"}],"items_purged_floors":[10,22],"is_endless":false,"potions_floor_spawned":[7,8,14,19,25],"killed_by":"Champ","ascension_level":0}