{"gold_per_floor":[118,118,143,15,40,40,80,95,118,134,134,134,155,171,171,291,291,314,330,255,276,296,296],"floor_reached":23,"playtime":944,"items_purged":["Strike_R"],"score":327,"play_id":"78a9be51-ad03-41d8-8f14-7c1bef6146b6","local_time":"20190501214002","is_ascension_mode":true,"campfire_choices":[{"data":"Armaments","floor":6,"key":"SMITH"},{"data":"Armaments","floor":11,"key":"SMITH"},{"data":"Havoc","floor":15,"key":"SMITH"}],"neow_cost":"NONE","seed_source_timestamp":0,"circlet_count":0,"master_deck":["Strike_R","Strike_R","Strike_R","Defend_R","Defend_R","Defend_R","Defend_R","Bash","Burning Pact","Uppercut","Armaments+1","Armaments+1","Havoc+1","Immolate","Dropkick","Cleave+1","Cleave"],"special_seed":0,"relics":["Philosopher\u0027s Stone","Golden Idol","Orichalcum","Blood Vial","Sozu"],"potions_floor_usage":[14,16,16],"damage_taken":[{"damage":0,"enemies":"Jaw Worm","floor":1,"turns":3},{"damage":0,"enemies":"2 Louse","floor":3,"turns":2},{"damage":0,"enemies":"Cultist","floor":5,"turns":3},{"damage":11,"enemies":"Gremlin Nob","floor":7,"turns":3},{"damage":0,"enemies":"2 Fungi Beasts","floor":8,"turns":3},{"damage":6,"enemies":"3 Louse","floor":10,"turns":5},{"damage":8,"enemies":"Red Slaver","floor":13,"turns":4},{"damage":3,"enemies":"Lots of Slimes","floor":14,"turns":5},{"damage":29,"enemies":"Hexaghost","floor":16,"turns":12},{"damage":9,"enemies":"Chosen","floor":18,"turns":4},{"damage":19,"enemies":"2 Thieves","floor":19,"turns":4},{"damage":12,"enemies":"Snake Plant","floor":21,"turns":4},{"damage":18,"enemies":"Shelled Parasite and Fungi","floor":22,"turns":2},{"damage":27,"enemies":"Slavers","floor":23,"turns":2}],"seed_played":"3460354086734423226","potions_obtained":[{"floor":7,"key":"GamblersBrew"},{"floor":8,"key":"SkillPotion"},{"floor":13,"key":"FearPotion"},{"floor":14,"key":"FearPotion"}],"is_trial":false,"path_per_floor":["M","?","M","$","M","R","E","M","T","M","R","?","M","M","R","B",null,"M","M","?","M","M","E"],"character_chosen":"IRONCLAD","items_purchased":["Armaments"],"campfire_rested":0,"item_purchase_floors":[4],"current_hp_per_floor":[80,74,74,74,74,74,63,63,63,59,59,59,53,52,52,25,74,65,48,48,38,22,0],"gold":296,"neow_bonus":"BOSS_RELIC","is_prod":false,"is_daily":false,"chose_seed":false,"campfire_upgraded":3,"win_rate":0,"timestamp":1556761202,"path_taken":["M","?","M","$","M","R","E","M","T","M","R","?","M","?","R","BOSS","M","M","?","M","M","E"],"build_version":"2019-01-23","purchased_purges":1,"victory":false,"max_hp_per_floor":[80,74,74,74,74,74,74,74,74,74,74,74,74,74,74,74,74,74,74,74,74,74,74],"card_choices":[{"not_picked":["Clothesline","Cleave"],"picked":"Burning Pact","floor":1},{"not_picked":["Entrench","Shrug It Off"],"picked":"Uppercut","floor":3},{"not_picked":["Shrug It Off","Bloodletting","Sword Boomerang"],"picked":"SKIP","floor":5},{"not_picked":["Shockwave","Entrench","Shrug It Off"],"picked":"SKIP","floor":7},{"not_picked":["Combust","Rampage"],"picked":"Armaments","floor":8},{"not_picked":["Rupture","Sword Boomerang","Double Tap"],"picked":"SKIP","floor":10},{"not_picked":["Hemokinesis","Blood for Blood"],"picked":"Havoc","floor":13},{"not_picked":["Cleave","Headbutt","Spot Weakness"],"picked":"SKIP","floor":14},{"not_picked":["Bludgeon","Berserk"],"picked":"Immolate","floor":16},{"not_picked":["Sentinel","Clash+1"],"picked":"Dropkick","floor":18},{"not_picked":["Havoc","Corruption"],"picked":"Cleave+1","floor":19},{"not_picked":["Body Slam","Heavy Blade","Armaments+1"],"picked":"SKIP","floor":21},{"not_picked":["Heavy Blade","Body Slam"],"picked":"Cleave","floor":22}],"player_experience":163363,"relics_obtained":[{"floor":7,"key":"Orichalcum"},{"floor":9,"key":"Blood Vial"}],"event_choices":[{"damage_healed":0,"gold_gain":0,"player_choice":"Lose Max HP","damage_taken":0,"relics_obtained":["Golden Idol"],"max_hp_gain":0,"max_hp_loss":6,"event_name":"Golden Idol","floor":2,"gold_loss":0},{"damage_healed":0,"gold_gain":0,"player_choice":"Bought 0 Potions","damage_taken":0,"max_hp_gain":0,"max_hp_loss":0,"event_name":"The Woman in Blue","floor":12,"gold_loss":0},{"cards_removed":["Strike_R"],"damage_healed":0,"gold_gain":0,"player_choice":"Gave Gold","damage_taken":0,"max_hp_gain":0,"max_hp_loss":0,"event_name":"Beggar","floor":20,"gold_loss":75}],"is_beta":false,"boss_relics":[{"not_picked":["Runic Dome","Lizard Tail"],"picked":"Sozu"}],"items_purged_floors":[4],"is_endless":false,"potions_floor_spawned":[7,8,13,14,21],"killed_by":"Slavers","ascension_level":2}