{"gold_per_floor":[119,137,312,328,278,307,322,353,353,353,308,5,17,27,27,127,127,141,141,66,66,66,66,93,93,93,121,121],"floor_reached":28,"playtime":1639,"items_purged":["Night Terror"],"score":304,"play_id":"205e39ad-71cc-4e88-8026-bf83d31c69c6","local_time":"20190120014343","is_ascension_mode":true,"campfire_choices":[{"floor":15,"key":"REST"},{"floor":23,"key":"REST"},{"floor":25,"key":"REST"}],"neow_cost":"NONE","seed_source_timestamp":717753509027902,"circlet_count":0,"master_deck":["Defend_G","Defend_G","Defend_G","Defend_G","Defend_G","Strike_G","Strike_G","Strike_G","Strike_G","Strike_G","Survivor","Neutralize","Sucker Punch","Caltrops","Noxious Fumes","Leg Sweep+1","Die Die Die","Poisoned Stab","Backstab","Deadly Poison","Flying Knee","Leg Sweep","Dash","All Out Attack","Finisher","Bouncing Flask","Writhe","Shame","Backflip","Poisoned Stab+1","Backstab+1"],"relics":["Velvet Choker","Dream Catcher","Vajra","Mango","Orrery","Kunai","Molten Egg 2","Du-Vu Doll","Bronze Scales","Art of War"],"potions_floor_usage":[8,8,14,16,24],"damage_taken":[{"damage":1,"enemies":"Jaw Worm","floor":1,"turns":6},{"damage":0,"enemies":"2 Louse","floor":2,"turns":2},{"damage":2,"enemies":"Small Slimes","floor":4,"turns":5},{"damage":34,"enemies":"Lagavulin","floor":6,"turns":9},{"damage":7,"enemies":"3 Louse","floor":7,"turns":4},{"damage":12,"enemies":"Gremlin Nob","floor":8,"turns":4},{"damage":0,"enemies":"Looter","floor":13,"turns":3},{"damage":1,"enemies":"2 Fungi Beasts","floor":14,"turns":3},{"damage":10,"enemies":"Slime Boss","floor":16,"turns":10},{"damage":18,"enemies":"Shell Parasite","floor":18,"turns":6},{"damage":28,"enemies":"Colosseum Slavers","floor":19,"turns":3},{"damage":58,"enemies":"Slavers","floor":24,"turns":5},{"damage":28,"enemies":"Gremlin Leader","floor":27,"turns":6},{"damage":4,"enemies":"Chosen","floor":28,"turns":1}],"seed_played":"1904926742971504312","potions_obtained":[{"floor":6,"key":"Weak Potion"},{"floor":7,"key":"Fire Potion"},{"floor":8,"key":"Poison Potion"},{"floor":14,"key":"GhostInAJar"},{"floor":16,"key":"Dexterity Potion"},{"floor":27,"key":"FearPotion"}],"is_trial":false,"path_per_floor":["M","M","?","M","?","E","M","E","T","?","?","$","M","M","R","B",null,"M","?","$","?","?","R","E","R","T","E","M"],"character_chosen":"THE_SILENT","items_purchased":["Mango"],"campfire_rested":3,"item_purchase_floors":[12],"current_hp_per_floor":[69,69,69,67,67,33,26,14,14,14,14,28,28,27,52,42,84,66,38,38,38,38,63,5,30,30,2,0],"gold":121,"neow_bonus":"BOSS_RELIC","is_prod":false,"is_daily":false,"chose_seed":false,"campfire_upgraded":0,"win_rate":0,"timestamp":1547941423,"path_taken":["M","M","?","M","?","E","M","E","T","?","?","?","M","M","R","BOSS","M","?","$","?","?","R","E","R","T","E","M"],"build_version":"2019-01-17v2","purchased_purges":1,"victory":false,"max_hp_per_floor":[70,70,70,70,70,70,70,70,70,70,70,84,84,84,84,84,84,84,84,84,84,84,84,84,84,84,84,84],"card_choices":[{"not_picked":["Deflect","Accuracy"],"picked":"Sucker Punch","floor":1},{"not_picked":["Dagger Spray","Dodge and Roll","Prepared"],"picked":"SKIP","floor":2},{"not_picked":["Sucker Punch","Dodge and Roll"],"picked":"Caltrops","floor":4},{"not_picked":["Acrobatics","Heel Hook"],"picked":"Noxious Fumes","floor":6},{"not_picked":["Catalyst","Predator"],"picked":"Leg Sweep","floor":7},{"not_picked":["Distraction","PiercingWail"],"picked":"Die Die Die","floor":8},{"not_picked":["Dagger Spray","Prepared"],"picked":"Poisoned Stab","floor":13},{"not_picked":["Acrobatics","Slice"],"picked":"Backstab","floor":14},{"not_picked":["Dodge and Roll","Cloak And Dagger"],"picked":"Deadly Poison","floor":15},{"not_picked":["Adrenaline","Storm of Steel"],"picked":"Night Terror","floor":16},{"not_picked":["Flechettes","Dodge and Roll"],"picked":"Flying Knee","floor":17},{"not_picked":["Bane","Caltrops"],"picked":"Leg Sweep","floor":17},{"not_picked":["Catalyst","Dodge and Roll"],"picked":"Dash","floor":17},{"not_picked":["Prepared","Well Laid Plans"],"picked":"All Out Attack","floor":17},{"not_picked":["PiercingWail","Expertise"],"picked":"Finisher","floor":17},{"not_picked":["Footwork","Backstab"],"picked":"Bouncing Flask","floor":18},{"not_picked":["Acrobatics","Outmaneuver"],"picked":"Backflip","floor":23},{"not_picked":["Finisher+1","Deflect"],"picked":"Poisoned Stab+1","floor":24},{"not_picked":["Reflex","Catalyst"],"picked":"Backstab+1","floor":25},{"not_picked":["Endless Agony+1","Prepared","Infinite Blades"],"picked":"SKIP","floor":27}],"player_experience":306353,"relics_obtained":[{"floor":6,"key":"Dream Catcher"},{"floor":8,"key":"Vajra"},{"floor":24,"key":"Du-Vu Doll"},{"floor":26,"key":"Bronze Scales"},{"floor":27,"key":"Art of War"}],"event_choices":[{"damage_healed":0,"gold_gain":175,"player_choice":"AGREE","damage_taken":0,"max_hp_gain":0,"max_hp_loss":0,"event_name":"Liars Game","floor":3,"gold_loss":0,"cards_obtained":["Doubt"]},{"cards_removed":["Doubt"],"damage_healed":0,"gold_gain":0,"player_choice":"Card Removal","damage_taken":0,"max_hp_gain":0,"max_hp_loss":0,"event_name":"The Cleric","floor":5,"gold_loss":50},{"damage_healed":0,"gold_gain":0,"player_choice":"Grow","damage_taken":0,"max_hp_gain":0,"max_hp_loss":0,"event_name":"Living Wall","floor":10,"gold_loss":0,"cards_upgraded":["Leg Sweep"]},{"damage_healed":0,"gold_gain":0,"player_choice":"Left Gold","damage_taken":0,"max_hp_gain":0,"max_hp_loss":0,"event_name":"World of Goop","floor":11,"gold_loss":45},{"damage_healed":0,"gold_gain":0,"player_choice":"Fight","damage_taken":0,"max_hp_gain":0,"max_hp_loss":0,"event_name":"Colosseum","floor":19,"gold_loss":0},{"damage_healed":0,"gold_gain":0,"player_choice":"Fled From Nobs","damage_taken":0,"max_hp_gain":0,"max_hp_loss":0,"event_name":"Colosseum","floor":19,"gold_loss":0},{"damage_healed":0,"gold_gain":0,"player_choice":"Opened","damage_taken":0,"relics_obtained":["Kunai"],"max_hp_gain":0,"max_hp_loss":0,"event_name":"The Mausoleum","floor":21,"gold_loss":0,"cards_obtained":["Writhe"]},{"damage_healed":0,"gold_gain":0,"player_choice":"Stole Relic","damage_taken":0,"relics_obtained":["Molten Egg 2"],"max_hp_gain":0,"max_hp_loss":0,"event_name":"Addict","floor":22,"gold_loss":0,"cards_obtained":["Shame"]}],"is_beta":false,"boss_relics":[{"not_picked":["Eternal Feather","Lizard Tail"],"picked":"Orrery"}],"items_purged_floors":[20],"is_endless":false,"potions_floor_spawned":[6,7,8,14,16,19,27],"killed_by":"Chosen","ascension_level":3}