{"gold_per_floor":[20,20,20,38,56,56,87,100,100,117,129,155,169,42,42,42],"floor_reached":16,"playtime":772,"items_purged":[],"score":217,"play_id":"cb2f84e8-d54a-4724-8174-aaefee70e629","local_time":"20190116071914","is_ascension_mode":true,"campfire_choices":[{"data":"Pommel Strike","floor":6,"key":"SMITH"},{"data":"Clothesline","floor":15,"key":"SMITH"}],"neow_cost":"NO_GOLD","seed_source_timestamp":468337981727283,"circlet_count":0,"master_deck":["AscendersBane","Strike_R","Strike_R","Strike_R","Strike_R","Strike_R","Defend_R","Defend_R+1","Defend_R","Defend_R+1","Bash+1","Fiend Fire","Ghostly Armor","Pummel","Pommel Strike+1","Clothesline+1","Offering","Feel No Pain+1","Corruption+1","Shrug It Off"],"relics":["Burning Blood","Paper Frog","Frozen Egg 2","Orichalcum"],"potions_floor_usage":[8,10,12,12,13],"damage_taken":[{"damage":6,"enemies":"Cultist","floor":1,"turns":3},{"damage":3,"enemies":"Small Slimes","floor":4,"turns":4},{"damage":3,"enemies":"2 Louse","floor":5,"turns":3},{"damage":14,"enemies":"3 Sentries","floor":7,"turns":10},{"damage":8,"enemies":"Lots of Slimes","floor":8,"turns":3},{"damage":9,"enemies":"Exordium Thugs","floor":10,"turns":2},{"damage":16,"enemies":"Gremlin Gang","floor":11,"turns":5},{"damage":14,"enemies":"Lagavulin","floor":12,"turns":6},{"damage":6,"enemies":"Looter","floor":13,"turns":2},{"damage":28,"enemies":"Hexaghost","floor":16,"turns":11}],"seed_played":"7926638466768117967","potions_obtained":[{"floor":4,"key":"Explosive Potion"},{"floor":5,"key":"PowerPotion"},{"floor":8,"key":"Fire Potion"},{"floor":11,"key":"Energy Potion"},{"floor":12,"key":"BloodPotion"}],"is_trial":false,"path_per_floor":["M","?","?","M","M","R","E","M","T","M","M","E","M","$","R","B"],"character_chosen":"IRONCLAD","items_purchased":["Corruption+1","Shrug It Off"],"campfire_rested":0,"item_purchase_floors":[14,14],"current_hp_per_floor":[68,45,45,48,51,51,43,41,41,38,28,20,27,27,27,0],"gold":42,"neow_bonus":"THREE_RARE_CARDS","is_prod":false,"is_daily":false,"chose_seed":false,"campfire_upgraded":2,"win_rate":0,"timestamp":1547641154,"path_taken":["M","?","?","M","M","R","E","M","T","?","M","E","M","?","R","BOSS"],"build_version":"2019-01-10","purchased_purges":0,"victory":false,"max_hp_per_floor":[75,75,75,75,75,75,75,75,75,75,75,75,75,75,75,75],"card_choices":[{"not_picked":["Dark Embrace","Impervious"],"picked":"Fiend Fire","floor":0},{"not_picked":["Body Slam","Fire Breathing"],"picked":"Ghostly Armor","floor":1},{"not_picked":["Pummel","Seeing Red","Headbutt"],"picked":"SKIP","floor":4},{"not_picked":["Seeing Red","Headbutt"],"picked":"Pummel","floor":4},{"not_picked":["Headbutt","Dual Wield"],"picked":"Pommel Strike","floor":5},{"not_picked":["Cleave","Ghostly Armor"],"picked":"Clothesline","floor":7},{"not_picked":["Pommel Strike","Cleave"],"picked":"Offering","floor":8},{"not_picked":["Uppercut","Havoc","Warcry"],"picked":"SKIP","floor":10},{"not_picked":["Wild Strike","Dual Wield","Power Through"],"picked":"SKIP","floor":11},{"not_picked":["Wild Strike","Dual Wield","Power Through"],"picked":"SKIP","floor":11},{"not_picked":["Sword Boomerang","Shockwave"],"picked":"Feel No Pain+1","floor":12},{"not_picked":["Headbutt","Pummel","Heavy Blade"],"picked":"SKIP","floor":13}],"player_experience":392481,"relics_obtained":[{"floor":7,"key":"Paper Frog"},{"floor":9,"key":"Frozen Egg 2"},{"floor":12,"key":"Orichalcum"}],"event_choices":[{"damage_healed":0,"gold_gain":0,"player_choice":"Entered Light","damage_taken":23,"max_hp_gain":0,"max_hp_loss":0,"event_name":"Shining Light","floor":2,"gold_loss":0,"cards_upgraded":["Defend_R","Defend_R"]},{"damage_healed":0,"gold_gain":0,"player_choice":"Forge","damage_taken":0,"max_hp_gain":0,"max_hp_loss":0,"event_name":"Accursed Blacksmith","floor":3,"gold_loss":0,"cards_upgraded":["Bash"]}],"is_beta":false,"boss_relics":[],"items_purged_floors":[],"is_endless":false,"potions_floor_spawned":[4,5,8,11,12],"killed_by":"Hexaghost","ascension_level":18}