{"gold_per_floor":[117,134,54,66,66,66,98,98,124,159,159,159,175,188,188,263,263,281,281,281,281],"floor_reached":21,"playtime":1166,"items_purged":[],"score":327,"play_id":"420442cd-466d-47e1-b646-de1c7657f9ca","local_time":"20190322160855","is_ascension_mode":true,"campfire_choices":[{"data":"Neutralize","floor":6,"key":"SMITH"},{"floor":8,"key":"REST"},{"data":"Footwork","floor":12,"key":"SMITH"},{"data":"Skewer","floor":15,"key":"SMITH"}],"neow_cost":"NONE","seed_source_timestamp":349812504123164,"circlet_count":0,"master_deck":["AscendersBane","Defend_G","Defend_G","Defend_G","Defend_G","Defend_G","Strike_G","Strike_G","Strike_G+1","Strike_G","Strike_G+1","Survivor","Neutralize+1","Footwork+1","Dagger Throw","Dash","Deflect","Quick Slash","Parasite","Skewer+1","Backstab","Night Terror+1"],"relics":["Ring of the Snake","Art of War","Whetstone","Paper Crane","Philosopher\u0027s Stone"],"potions_floor_usage":[16,16],"damage_taken":[{"damage":6,"enemies":"Jaw Worm","floor":1,"turns":7},{"damage":0,"enemies":"Small Slimes","floor":2,"turns":3},{"damage":0,"enemies":"Cultist","floor":4,"turns":4},{"damage":22,"enemies":"Lagavulin","floor":7,"turns":14},{"damage":33,"enemies":"3 Sentries","floor":10,"turns":14},{"damage":2,"enemies":"3 Louse","floor":13,"turns":5},{"damage":11,"enemies":"Large Slime","floor":14,"turns":7},{"damage":13,"enemies":"Slime Boss","floor":16,"turns":13},{"damage":44,"enemies":"3 Byrds","floor":18,"turns":8},{"damage":13,"enemies":"Colosseum Slavers","floor":19,"turns":7},{"damage":2,"enemies":"Chosen","floor":21,"turns":4}],"seed_played":"5683050960360382750","potions_obtained":[{"floor":1,"key":"GamblersBrew"},{"floor":13,"key":"SkillPotion"},{"floor":14,"key":"SteroidPotion"}],"is_trial":false,"path_per_floor":["M","M","$","M","?","R","E","R","T","E","?","R","M","M","R","B",null,"M","?","?","M"],"character_chosen":"THE_SILENT","items_purchased":["Dash"],"campfire_rested":1,"item_purchase_floors":[3],"current_hp_per_floor":[59,59,59,59,59,59,37,58,58,25,43,43,41,30,30,17,58,14,1,1,0],"gold":281,"neow_bonus":"TEN_PERCENT_HP_BONUS","is_prod":false,"is_daily":false,"chose_seed":false,"campfire_upgraded":3,"win_rate":0,"timestamp":1553285335,"path_taken":["M","M","$","M","?","R","E","R","T","E","?","R","M","M","R","BOSS","M","?","?","M"],"build_version":"2019-01-23","purchased_purges":0,"victory":false,"max_hp_per_floor":[72,72,72,72,72,72,72,72,72,72,72,72,72,72,72,72,72,72,72,72,72],"card_choices":[{"not_picked":["Acrobatics","Concentrate"],"picked":"Footwork","floor":1},{"not_picked":["PiercingWail","Quick Slash"],"picked":"Dagger Throw","floor":2},{"not_picked":["Dodge and Roll","Finisher"],"picked":"Deflect","floor":4},{"not_picked":["Eviscerate","Finisher","Riddle With Holes"],"picked":"SKIP","floor":7},{"not_picked":["Slice","Flechettes"],"picked":"Quick Slash","floor":10},{"not_picked":["Dagger Throw","Deflect"],"picked":"Skewer","floor":13},{"not_picked":["Bane","Bouncing Flask"],"picked":"Backstab","floor":14},{"not_picked":["A Thousand Cuts","Venomology"],"picked":"Night Terror","floor":16},{"not_picked":["Sucker Punch","Concentrate","Underhanded Strike"],"picked":"SKIP","floor":18}],"player_experience":516360,"relics_obtained":[{"floor":7,"key":"Art of War"},{"floor":9,"key":"Whetstone"},{"floor":10,"key":"Paper Crane"}],"event_choices":[{"damage_healed":0,"gold_gain":0,"player_choice":"Ignored","damage_taken":0,"max_hp_gain":0,"max_hp_loss":0,"event_name":"Liars Game","floor":5,"gold_loss":0},{"damage_healed":18,"gold_gain":0,"player_choice":"Healed and dodged fight","damage_taken":0,"max_hp_gain":0,"max_hp_loss":0,"event_name":"Mushrooms","floor":11,"gold_loss":0,"cards_obtained":["Parasite"]},{"damage_healed":0,"gold_gain":0,"player_choice":"Fight","damage_taken":0,"max_hp_gain":0,"max_hp_loss":0,"event_name":"Colosseum","floor":19,"gold_loss":0},{"damage_healed":0,"gold_gain":0,"player_choice":"Fled From Nobs","damage_taken":0,"max_hp_gain":0,"max_hp_loss":0,"event_name":"Colosseum","floor":19,"gold_loss":0},{"damage_healed":0,"gold_gain":0,"player_choice":"Forge","damage_taken":0,"max_hp_gain":0,"max_hp_loss":0,"event_name":"Accursed Blacksmith","floor":20,"gold_loss":0,"cards_upgraded":["Night Terror"]}],"is_beta":false,"boss_relics":[{"not_picked":["HoveringKite","Velvet Choker"],"picked":"Philosopher\u0027s Stone"}],"items_purged_floors":[],"is_endless":false,"potions_floor_spawned":[1,13,14],"killed_by":"Chosen","ascension_level":15}