{"gold_per_floor":[113,133,133,133,32,59,59,91,118,151,163,200,228,12,12,117,117,135,135,154,5,16,49,49,65,110,10,26,26,26,61,61,159,159,170,170,190,239,239,239,267,267,267,295,306,321,321,341,341,341],"floor_reached":51,"playtime":4883,"items_purged":["Strike_G","Strike_G"],"score":771,"play_id":"8c4d61bf-7514-4081-afbd-3ae5cb2f4341","local_time":"20190518000330","is_ascension_mode":false,"campfire_choices":[{"data":"Flying Knee","floor":7,"key":"SMITH"},{"data":"All Out Attack","floor":11,"key":"SMITH"},{"data":"Noxious Fumes","floor":15,"key":"SMITH"},{"data":"Adrenaline","floor":24,"key":"SMITH"},{"data":"Deadly Poison","floor":29,"key":"SMITH"},{"floor":32,"key":"REST"},{"data":"Tools of the Trade","floor":40,"key":"SMITH"},{"floor":42,"key":"REST"},{"floor":47,"key":"REST"},{"floor":49,"key":"REST"}],"neow_cost":"TEN_PERCENT_HP_LOSS","seed_source_timestamp":0,"circlet_count":0,"master_deck":["Defend_G","Defend_G","Defend_G+1","Defend_G+1","Strike_G+1","Strike_G+1","Survivor","Neutralize+1","Skewer+1","Flying Knee+1","Slice","All Out Attack+1","Backflip","Leg Sweep","Quick Slash+1","Noxious Fumes+1","Adrenaline+1","Deadly Poison+1","Bouncing Flask+1","Sucker Punch","Backflip","Acrobatics","Dagger Spray+1","Tools of the Trade+1","Envenom","Predator+1","Dagger Throw+1","Well Laid Plans+1","Purity","Dash+1","Doubt","Poisoned Stab+1","Footwork+1","Backstab+1","Catalyst+1"],"special_seed":0,"relics":["Ring of the Snake","Pocketwatch","War Paint","Paper Crane","Vajra","MawBank","Bag of Marbles","Bag of Preparation","Velvet Choker","Whetstone","Mango","Centennial Puzzle","Cursed Key","Gambling Chip","Dodecahedron","Tough Bandages","Anchor"],"potions_floor_usage":[33,38,44,46,50,50],"damage_taken":[{"damage":2.0,"enemies":"Small Slimes","floor":1.0,"turns":4.0},{"damage":0.0,"enemies":"2 Louse","floor":2.0,"turns":3.0},{"damage":1,"enemies":"Lagavulin","floor":6,"turns":6},{"damage":0,"enemies":"Gremlin Nob","floor":8,"turns":3},{"damage":2,"enemies":"3 Sentries","floor":10,"turns":5},{"damage":5,"enemies":"Lagavulin","floor":12,"turns":5},{"damage":0,"enemies":"Cultist","floor":13,"turns":2},{"damage":2,"enemies":"Slime Boss","floor":16,"turns":7},{"damage":0,"enemies":"Spheric Guardian","floor":18,"turns":3},{"damage":0,"enemies":"Chosen","floor":20,"turns":3},{"damage":7,"enemies":"Centurion and Healer","floor":22,"turns":4},{"damage":1,"enemies":"Book of Stabbing","floor":23,"turns":5},{"damage":5,"enemies":"Snake Plant","floor":25,"turns":4},{"damage":2,"enemies":"Cultist and Chosen","floor":28,"turns":4},{"damage":24,"enemies":"Slavers","floor":31,"turns":5},{"damage":23,"enemies":"Collector","floor":33,"turns":7},{"damage":20,"enemies":"3 Darklings","floor":35,"turns":5},{"damage":1,"enemies":"Orb Walker","floor":37,"turns":2},{"damage":20,"enemies":"2 Orb Walkers","floor":38,"turns":5},{"damage":22,"enemies":"Giant Head","floor":41,"turns":7},{"damage":24,"enemies":"Reptomancer","floor":44,"turns":4},{"damage":6,"enemies":"Writhing Mass","floor":45,"turns":5},{"damage":0,"enemies":"Transient","floor":46,"turns":5},{"damage":0,"enemies":"Spire Growth","floor":48,"turns":4},{"damage":49,"enemies":"Awakened One","floor":50,"turns":13}],"seed_played":"-9174264870459069773","potions_obtained":[{"floor":8,"key":"SkillPotion"},{"floor":12,"key":"Energy Potion"},{"floor":16,"key":"Energy Potion"},{"floor":18,"key":"Fire Potion"},{"floor":28,"key":"Swift Potion"},{"floor":37,"key":"PowerPotion"},{"floor":46,"key":"Block Potion"},{"floor":48,"key":"Dexterity Potion"}],"is_trial":false,"path_per_floor":["M","M","?","?","$","E","R","E","T","E","R","E","M","$","R","B",null,"M","?","M","$","M","E","R","M","T","$","M","R","?","E","R","B",null,"M","?","M","?","?","R","E","R","T","E","M","M","R","M","R","B",null],"character_chosen":"THE_SILENT","items_purchased":["Slice","Noxious Fumes","Bag of Preparation","Whetstone"],"campfire_rested":4,"item_purchase_floors":[5,14,14,21],"current_hp_per_floor":[61,61,61,48,48,47,47,47,47,45,45,40,40,40,40,38,63,63,63,63,63,56,69,69,64,64,64,62,62,62,38,61,38,77,57,57,56,36,36,36,14,37,37,13,7,7,30,30,53,4],"gold":341,"neow_bonus":"ONE_RARE_RELIC","is_prod":false,"is_daily":false,"chose_seed":false,"campfire_upgraded":6,"win_rate":0.0,"timestamp":1558152210,"path_taken":["M","M","?","?","$","E","R","E","T","E","R","E","M","$","R","BOSS","M","?","M","$","M","E","R","M","T","?","?","R","?","E","R","BOSS","M","?","?","?","?","R","E","R","T","E","M","M","R","M","R","BOSS"],"build_version":"2019-01-23","purchased_purges":2,"victory":true,"max_hp_per_floor":[63,63,63,63,63,63,63,63,63,63,63,63,63,63,63,63,63,63,63,63,63,63,77,77,77,77,77,77,77,77,77,77,77,77,77,77,77,77,77,77,77,77,77,77,77,77,77,77,77,77],"card_choices":[{"not_picked":["Outmaneuver","Distraction"],"picked":"Skewer","floor":1.0},{"not_picked":["Outmaneuver","Blade Dance"],"picked":"Flying Knee","floor":2},{"not_picked":["Calculated Gamble","Dodge and Roll","Prepared"],"picked":"SKIP","floor":6},{"not_picked":["Dagger Throw","Endless Agony"],"picked":"All Out Attack","floor":8},{"not_picked":["PiercingWail","Wraith Form v2"],"picked":"Backflip","floor":10},{"not_picked":["Slice","Accuracy"],"picked":"Leg Sweep","floor":12},{"not_picked":["Eviscerate","Distraction"],"picked":"Quick Slash","floor":13},{"not_picked":["Venomology","Storm of Steel"],"picked":"Adrenaline","floor":16},{"not_picked":["Bouncing Flask","Deflect"],"picked":"Deadly Poison","floor":18},{"not_picked":["Outmaneuver+1","Accuracy"],"picked":"Bouncing Flask+1","floor":20},{"not_picked":["Infinite Blades","Deflect"],"picked":"Sucker Punch","floor":22},{"not_picked":["Prepared","Venomology"],"picked":"Backflip","floor":23},{"not_picked":["Dagger Throw","Choke"],"picked":"Acrobatics","floor":25},{"not_picked":["Crippling Poison","Accuracy+1"],"picked":"Dagger Spray+1","floor":28},{"not_picked":["Dagger Throw","Quick Slash"],"picked":"Tools of the Trade","floor":31},{"not_picked":["Burst","Glass Knife"],"picked":"Envenom","floor":33},{"not_picked":["Prepared","Terror"],"picked":"Predator+1","floor":35},{"not_picked":["Underhanded Strike+1","Leg Sweep"],"picked":"Dagger Throw+1","floor":37},{"not_picked":["PiercingWail+1","Bane"],"picked":"Well Laid Plans+1","floor":38},{"not_picked":["Enlightenment","Swift Strike"],"picked":"Purity","floor":39},{"not_picked":["Bane","Venomology"],"picked":"Dash+1","floor":41},{"not_picked":["Quick Slash+1","Eviscerate"],"picked":"Poisoned Stab+1","floor":44},{"not_picked":["Blade Dance+1","Flying Knee"],"picked":"Footwork+1","floor":45},{"not_picked":["Masterful Stab","Slice+1"],"picked":"Backstab+1","floor":46},{"not_picked":["Poisoned Stab+1","Blade Dance+1"],"picked":"Catalyst+1","floor":48}],"player_experience":11938,"relics_obtained":[{"floor":6,"key":"War Paint"},{"floor":8,"key":"Paper Crane"},{"floor":9,"key":"Vajra"},{"floor":10,"key":"MawBank"},{"floor":12,"key":"Bag of Marbles"},{"floor":23,"key":"Mango"},{"floor":26,"key":"Centennial Puzzle"},{"floor":38,"key":"Gambling Chip"},{"floor":41,"key":"Dodecahedron"},{"floor":43,"key":"Tough Bandages"},{"floor":44,"key":"Anchor"}],"event_choices":[{"damage_healed":0,"gold_gain":0,"player_choice":"Grow","damage_taken":0,"max_hp_gain":0,"max_hp_loss":0,"event_name":"Living Wall","floor":3,"gold_loss":0,"cards_upgraded":["Skewer"]},{"damage_healed":0,"gold_gain":0,"player_choice":"Entered Light","damage_taken":13,"max_hp_gain":0,"max_hp_loss":0,"event_name":"Shining Light","floor":4,"gold_loss":0,"cards_upgraded":["Strike_G","Neutralize"]},{"cards_removed":["Strike_G"],"damage_healed":0,"gold_gain":0,"player_choice":"Offered Basic","damage_taken":0,"max_hp_gain":0,"max_hp_loss":0,"event_name":"Bonfire Elementals","floor":19,"gold_loss":0},{"damage_healed":0,"gold_gain":0,"player_choice":"Ignored","damage_taken":0,"max_hp_gain":0,"max_hp_loss":0,"event_name":"Ghosts","floor":30,"gold_loss":0},{"cards_removed":["Defend_G"],"damage_healed":0,"gold_gain":0,"player_choice":"Purged","damage_taken":0,"max_hp_gain":0,"max_hp_loss":0,"event_name":"Purifier","floor":36,"gold_loss":0},{"damage_healed":0,"gold_gain":0,"player_choice":"Fight","damage_taken":0,"max_hp_gain":0,"max_hp_loss":0,"event_name":"Mysterious Sphere","floor":38,"gold_loss":0},{"damage_healed":0,"gold_gain":0,"player_choice":"Memory 1","damage_taken":0,"max_hp_gain":0,"max_hp_loss":0,"event_name":"SensoryStone","floor":39,"gold_loss":0}],"is_beta":false,"boss_relics":[{"not_picked":["Runic Dome","Tiny House"],"picked":"Velvet Choker"},{"not_picked":["Snecko Eye","HoveringKite"],"picked":"Cursed Key"}],"items_purged_floors":[5,27],"is_endless":false,"potions_floor_spawned":[8,12,16,18,23,25,28,31,37,46,48],"ascension_level":0}