{"gold_per_floor":[116,41,41,58,77,77,77,93,93,109,109,129,129,149,149,228,228,239,239,259,278,278,278,297,312,336,336,336,336,348,348],"floor_reached":31,"playtime":2217,"items_purged":["Strike_B"],"score":416,"play_id":"5f368416-254b-4c7f-8c47-f2518f8fbae8","local_time":"20190312003036","is_ascension_mode":true,"campfire_choices":[{"data":"Zap","floor":6,"key":"SMITH"},{"data":"BootSequence","floor":11,"key":"SMITH"},{"data":"Lockon","floor":13,"key":"SMITH"},{"data":"Undo","floor":15,"key":"SMITH"},{"floor":23,"key":"REST"},{"floor":27,"key":"REST"},{"floor":29,"key":"REST"}],"neow_cost":"NONE","seed_source_timestamp":859382205642134,"circlet_count":0,"master_deck":["AscendersBane","Strike_B","Strike_B","Strike_B","Defend_B","Defend_B","Defend_B","Defend_B","Zap+1","Dualcast","BootSequence+1","Undo+1","Ball Lightning","Tempest","Lockon+1","Undo","Creative AI","Steam","Force Field+1"],"relics":["Lizard Tail","Symbiotic Virus","Busted Crown","Bronze Scales","Toxic Egg 2"],"potions_floor_usage":[8,10,16,18,24,30],"damage_taken":[{"damage":6,"enemies":"2 Louse","floor":1,"turns":3},{"damage":1,"enemies":"Cultist","floor":4,"turns":4},{"damage":0,"enemies":"Small Slimes","floor":5,"turns":3},{"damage":0,"enemies":"2 Fungi Beasts","floor":8,"turns":5},{"damage":0,"enemies":"Red Slaver","floor":10,"turns":2},{"damage":1,"enemies":"Exordium Thugs","floor":12,"turns":4},{"damage":0,"enemies":"Blue Slaver","floor":14,"turns":2},{"damage":26,"enemies":"Slime Boss","floor":16,"turns":8},{"damage":3,"enemies":"3 Byrds","floor":18,"turns":4},{"damage":31,"enemies":"Colosseum Slavers","floor":19,"turns":4},{"damage":0,"enemies":"Chosen","floor":20,"turns":4},{"damage":5,"enemies":"Snecko","floor":21,"turns":4},{"damage":25,"enemies":"Snake Plant","floor":24,"turns":5},{"damage":42,"enemies":"3 Cultists","floor":25,"turns":6},{"damage":14,"enemies":"Centurion and Healer","floor":30,"turns":11},{"damage":54,"enemies":"Slavers","floor":31,"turns":6}],"seed_played":"4857446309848716773","potions_obtained":[{"floor":1,"key":"FocusPotion"},{"floor":3,"key":"Dexterity Potion"},{"floor":4,"key":"Energy Potion"},{"floor":8,"key":"Poison Potion"},{"floor":10,"key":"Explosive Potion"},{"floor":21,"key":"SkillPotion"},{"floor":25,"key":"LiquidBronze"}],"is_trial":false,"path_per_floor":["M","$","?","M","M","R","$","M","T","M","R","M","R","M","R","B",null,"M","?","M","M","?","R","M","M","T","R","T","R","M","E"],"character_chosen":"DEFECT","items_purchased":[],"campfire_rested":3,"item_purchase_floors":[],"current_hp_per_floor":[58,58,58,57,57,57,57,57,57,57,57,56,56,56,56,30,61,58,27,27,22,22,43,18,13,13,34,34,55,41,0],"gold":348,"neow_bonus":"BOSS_RELIC","is_prod":false,"is_daily":false,"chose_seed":false,"campfire_upgraded":4,"win_rate":0,"timestamp":1552343436,"path_taken":["M","$","?","M","?","R","$","M","T","M","R","M","R","M","R","BOSS","M","?","M","M","?","R","M","?","T","R","?","R","M","E"],"build_version":"2019-01-23","purchased_purges":1,"victory":false,"max_hp_per_floor":[71,71,71,71,71,71,71,71,71,71,71,71,71,71,71,71,71,71,71,71,71,71,71,71,71,71,71,71,71,71,71],"card_choices":[{"not_picked":["Static Discharge","Compile Driver"],"picked":"BootSequence","floor":1},{"not_picked":["Tempest","Barrage"],"picked":"Undo","floor":4},{"not_picked":["Redo","Go for the Eyes","Heatsinks"],"picked":"SKIP","floor":5},{"not_picked":["Scrape","Beam Cell"],"picked":"Ball Lightning","floor":8},{"not_picked":["Cold Snap","Biased Cognition"],"picked":"Tempest","floor":10},{"not_picked":["Steam","Darkness"],"picked":"Lockon","floor":12},{"not_picked":["Hologram","Stack"],"picked":"Undo","floor":14},{"not_picked":["Biased Cognition","Core Surge"],"picked":"Creative AI","floor":16},{"not_picked":["Barrage"],"picked":"SKIP","floor":18},{"not_picked":[],"picked":"Steam","floor":20},{"not_picked":["Compile Driver"],"picked":"SKIP","floor":21},{"not_picked":["Gash"],"picked":"SKIP","floor":24},{"not_picked":["Redo"],"picked":"SKIP","floor":25},{"not_picked":[],"picked":"Force Field+1","floor":30}],"player_experience":742023,"relics_obtained":[{"floor":9,"key":"Symbiotic Virus"},{"floor":26,"key":"Bronze Scales"},{"floor":28,"key":"Toxic Egg 2"}],"event_choices":[{"damage_healed":0,"gold_gain":0,"player_choice":"Got Potions","damage_taken":0,"max_hp_gain":0,"max_hp_loss":0,"event_name":"Lab","floor":3,"gold_loss":0},{"damage_healed":0,"gold_gain":0,"player_choice":"Fight","damage_taken":0,"max_hp_gain":0,"max_hp_loss":0,"event_name":"Colosseum","floor":19,"gold_loss":0},{"damage_healed":0,"gold_gain":0,"player_choice":"Fled From Nobs","damage_taken":0,"max_hp_gain":0,"max_hp_loss":0,"event_name":"Colosseum","floor":19,"gold_loss":0},{"damage_healed":0,"gold_gain":0,"player_choice":"0 cards matched","damage_taken":0,"max_hp_gain":0,"max_hp_loss":0,"event_name":"Match and Keep!","floor":22,"gold_loss":0,"cards_obtained":[]}],"is_beta":false,"boss_relics":[{"not_picked":["Runic Dome","Philosopher\u0027s Stone"],"picked":"Busted Crown"}],"items_purged_floors":[2],"is_endless":false,"potions_floor_spawned":[1,4,8,10,19,21,25],"killed_by":"Slavers","ascension_level":16}