{"gold_per_floor":[18,30,30,30,46,75,61,61,112,112,132,132,150,185,185,288,288,299,214,229,241,340,340,300,300,381,381,5,22,57,68,68,68],"floor_reached":33,"playtime":1564,"items_purged":["Strike_R"],"score":388,"play_id":"4ae849c5-c422-4ed3-a688-f5ba8a52e3db","local_time":"20181129200702","is_ascension_mode":true,"campfire_choices":[{"data":"Bash","floor":8,"key":"SMITH"},{"data":"Twin Strike","floor":10,"key":"SMITH"},{"data":"Cleave","floor":12,"key":"SMITH"},{"data":"True Grit","floor":15,"key":"SMITH"},{"data":"Uppercut","floor":23,"key":"SMITH"},{"data":"Pommel Strike","floor":25,"key":"SMITH"},{"data":"Flame Barrier","floor":27,"key":"SMITH"},{"data":"True Grit","floor":32,"key":"SMITH"}],"neow_cost":"NO_GOLD","seed_source_timestamp":1185137554773,"circlet_count":0,"master_deck":["Strike_R","Strike_R","Strike_R","Strike_R","Defend_R","Defend_R","Defend_R","Defend_R","Bash+1","Juggernaut+1","Shockwave","Twin Strike+1","Heavy Blade","Cleave+1","Wild Strike","True Grit+1","Uppercut+1","Demon Form+1","Rage","Flame Barrier+1","Pommel Strike+1","Inflame","Intimidate","True Grit+1"],"relics":["Burning Blood","Meat on the Bone","Bronze Scales","PreservedInsect","Mark of Pain","Orichalcum","The Courier","Gremlin Horn","Question Card"],"potions_floor_usage":[6,11,16,16,33,33,33],"damage_taken":[{"damage":1,"enemies":"Small Slimes","floor":1,"turns":4},{"damage":7,"enemies":"Jaw Worm","floor":2,"turns":5},{"damage":4,"enemies":"Cultist","floor":5,"turns":3},{"damage":24,"enemies":"Lagavulin","floor":6,"turns":8},{"damage":15,"enemies":"Exordium Thugs","floor":7,"turns":4},{"damage":20,"enemies":"Exordium Wildlife","floor":11,"turns":4},{"damage":10,"enemies":"Large Slime","floor":13,"turns":5},{"damage":28,"enemies":"3 Sentries","floor":14,"turns":6},{"damage":32,"enemies":"The Guardian","floor":16,"turns":11},{"damage":3,"enemies":"3 Byrds","floor":18,"turns":3},{"damage":5,"enemies":"Chosen","floor":20,"turns":4},{"damage":36,"enemies":"Shelled Parasite and Fungi","floor":21,"turns":6},{"damage":0,"enemies":"Snecko","floor":29,"turns":3},{"damage":29,"enemies":"Slavers","floor":30,"turns":4},{"damage":6,"enemies":"Snake Plant","floor":31,"turns":2},{"damage":72,"enemies":"Automaton","floor":33,"turns":6}],"seed_played":"7167246879512906261","potions_obtained":[{"floor":1,"key":"Block Potion"},{"floor":2,"key":"PowerPotion"},{"floor":5,"key":"Block Potion"},{"floor":13,"key":"Block Potion"},{"floor":14,"key":"Strength Potion"},{"floor":16,"key":"BloodPotion"}],"is_trial":false,"path_per_floor":["M","M","?","?","M","E","M","R","T","R","M","R","M","E","R","B",null,"M","?","M","M","?","R","?","R","T","R","$","M","E","M","R","B"],"character_chosen":"IRONCLAD","items_purchased":["Gremlin Horn","Inflame","LiquidBronze"],"campfire_rested":0,"item_purchase_floors":[28,28,28],"current_hp_per_floor":[77,76,76,76,78,60,51,51,51,51,49,49,57,47,47,33,68,71,71,72,54,54,54,54,54,54,54,54,60,49,49,49,0],"gold":68,"neow_bonus":"THREE_RARE_CARDS","is_prod":false,"is_daily":false,"chose_seed":false,"campfire_upgraded":8,"win_rate":0,"timestamp":1543540022,"path_taken":["M","M","?","?","M","E","?","R","T","R","M","R","M","E","R","BOSS","M","?","M","M","?","R","?","R","T","R","$","M","E","M","R","BOSS"],"build_version":"2018-11-15","purchased_purges":1,"victory":false,"max_hp_per_floor":[80,80,80,80,80,80,80,80,80,80,80,80,80,80,80,80,80,80,80,80,80,80,80,80,80,80,80,80,80,80,80,80,80],"card_choices":[{"not_picked":["Brutality","Berserk"],"picked":"Juggernaut","floor":0},{"not_picked":["Evolve","Iron Wave"],"picked":"Shockwave","floor":1},{"not_picked":["Warcry","Armaments"],"picked":"Twin Strike","floor":2},{"not_picked":["Warcry","Havoc"],"picked":"Heavy Blade","floor":5},{"not_picked":["Fire Breathing","Rupture","Clash"],"picked":"SKIP","floor":6},{"not_picked":["Thunderclap","Heavy Blade"],"picked":"Cleave","floor":7},{"not_picked":["Warcry","Seeing Red"],"picked":"Wild Strike","floor":11},{"not_picked":["Berserk","Heavy Blade"],"picked":"True Grit","floor":13},{"not_picked":["Rupture","Warcry"],"picked":"Uppercut","floor":14},{"not_picked":["Berserk","Reaper"],"picked":"Demon Form","floor":16},{"not_picked":["Dual Wield","Feel No Pain"],"picked":"Rage","floor":18},{"not_picked":["Rampage","Wild Strike"],"picked":"Flame Barrier","floor":20},{"not_picked":["Twin Strike","Feel No Pain"],"picked":"Pommel Strike","floor":21},{"not_picked":["Heavy Blade","Sword Boomerang"],"picked":"Intimidate","floor":29},{"not_picked":["Sword Boomerang+1","Bloodletting","Wild Strike"],"picked":"SKIP","floor":30},{"not_picked":["Flex","Entrench+1","Sentinel+1"],"picked":"True Grit","floor":31}],"player_experience":249863,"relics_obtained":[{"floor":6,"key":"Meat on the Bone"},{"floor":9,"key":"Bronze Scales"},{"floor":14,"key":"PreservedInsect"},{"floor":26,"key":"The Courier"},{"floor":30,"key":"Question Card"}],"event_choices":[{"damage_healed":0,"gold_gain":0,"player_choice":"Leave","damage_taken":0,"max_hp_gain":0,"max_hp_loss":0,"event_name":"The Cleric","floor":3,"gold_loss":0},{"damage_healed":0,"gold_gain":0,"player_choice":"Upgraded","damage_taken":0,"max_hp_gain":0,"max_hp_loss":0,"event_name":"Upgrade Shrine","floor":4,"gold_loss":0,"cards_upgraded":["Juggernaut"]},{"damage_healed":0,"gold_gain":0,"player_choice":"Obtained Relic","damage_taken":0,"relics_obtained":["Orichalcum"],"max_hp_gain":0,"max_hp_loss":0,"event_name":"Addict","floor":19,"gold_loss":85},{"damage_healed":0,"gold_gain":99,"player_choice":"Stole From Cult","damage_taken":0,"max_hp_gain":0,"max_hp_loss":0,"event_name":"Nest","floor":22,"gold_loss":0},{"damage_healed":0,"gold_gain":0,"player_choice":"Upgrade","damage_taken":0,"max_hp_gain":0,"max_hp_loss":0,"event_name":"Designer","floor":24,"gold_loss":40,"cards_upgraded":["Demon Form"]}],"is_beta":false,"boss_relics":[{"not_picked":["Orrery","Empty Cage"],"picked":"Mark of Pain"}],"items_purged_floors":[28],"is_endless":false,"potions_floor_spawned":[1,2,5,13,14,16,30,31],"killed_by":"Automaton","ascension_level":8}