{"gold_per_floor":[117,117,134,146,157,172,48,62,62,78,96,126,126,126,126,126],"floor_reached":16,"playtime":1872,"items_purged":["Strike_G"],"score":117,"play_id":"0262b358-b333-48cd-ba0a-5980cfea5154","local_time":"20190110014144","is_ascension_mode":true,"campfire_choices":[{"floor":13,"key":"REST"},{"data":"Cloak And Dagger","floor":15,"key":"SMITH"}],"neow_cost":"NONE","seed_source_timestamp":80562944210452,"circlet_count":0,"master_deck":["Defend_G","Defend_G","Defend_G","Defend_G","Defend_G","Strike_G","Strike_G","Strike_G","Strike_G","Survivor","Neutralize","Cloak And Dagger","Dagger Throw","Flying Knee","Footwork","Poisoned Stab","Dagger Spray","Backflip","Dagger Spray","Blur","Cloak And Dagger+1"],"relics":["WristBlade","Thread and Needle"],"potions_floor_usage":[6,11,11,16],"damage_taken":[{"damage":2,"enemies":"Jaw Worm","floor":1,"turns":5},{"damage":0,"enemies":"2 Louse","floor":3,"turns":3},{"damage":3,"enemies":"Small Slimes","floor":4,"turns":4},{"damage":4,"enemies":"2 Fungi Beasts","floor":5,"turns":3},{"damage":4,"enemies":"Exordium Wildlife","floor":6,"turns":4},{"damage":10,"enemies":"3 Louse","floor":8,"turns":4},{"damage":0,"enemies":"Looter","floor":10,"turns":4},{"damage":13,"enemies":"Exordium Thugs","floor":11,"turns":5},{"damage":27,"enemies":"3 Sentries","floor":12,"turns":13},{"damage":37,"enemies":"Slime Boss","floor":16,"turns":11}],"seed_played":"6536877263919210814","potions_obtained":[{"floor":4,"key":"Regen Potion"},{"floor":5,"key":"Poison Potion"},{"floor":10,"key":"SteroidPotion"},{"floor":12,"key":"Regen Potion"}],"is_trial":false,"path_per_floor":["M","?","M","M","M","M","$","M","T","M","M","E","R","?","R","B"],"character_chosen":"THE_SILENT","items_purchased":["Dagger Spray"],"campfire_rested":1,"item_purchase_floors":[7],"current_hp_per_floor":[68,68,68,65,61,66,66,56,56,56,43,16,37,60,60,38],"gold":126,"neow_bonus":"BOSS_RELIC","is_prod":false,"is_daily":false,"chose_seed":false,"campfire_upgraded":1,"win_rate":0,"timestamp":1547077304,"path_taken":["M","?","M","M","M","M","$","M","T","M","M","E","R","?","R","BOSS"],"build_version":"2019-01-03v4","purchased_purges":1,"victory":false,"max_hp_per_floor":[70,70,70,70,70,70,70,70,70,70,70,70,70,70,70,70],"card_choices":[{"not_picked":["Backflip","Finisher"],"picked":"Cloak And Dagger","floor":1},{"not_picked":["Underhanded Strike","Bane"],"picked":"Dagger Throw","floor":3},{"not_picked":["Slice","Skewer"],"picked":"Flying Knee","floor":4},{"not_picked":["Underhanded Strike","After Image"],"picked":"Footwork","floor":5},{"not_picked":["Riddle With Holes","Dodge and Roll"],"picked":"Poisoned Stab","floor":6},{"not_picked":["Acrobatics","Dodge and Roll"],"picked":"Backflip","floor":8},{"not_picked":["Footwork","Leg Sweep"],"picked":"Dagger Spray","floor":10},{"not_picked":["Deflect","Dagger Throw"],"picked":"Blur","floor":11},{"not_picked":["Calculated Gamble","Bane"],"picked":"Cloak And Dagger","floor":12}],"player_experience":170267,"relics_obtained":[{"floor":12,"key":"Thread and Needle"}],"event_choices":[{"damage_healed":0,"gold_gain":0,"player_choice":"Ignored","damage_taken":0,"max_hp_gain":0,"max_hp_loss":0,"event_name":"Liars Game","floor":2,"gold_loss":0},{"damage_healed":23,"gold_gain":0,"player_choice":"Banana","damage_taken":0,"max_hp_gain":0,"max_hp_loss":0,"event_name":"Big Fish","floor":14,"gold_loss":0}],"is_beta":false,"boss_relics":[],"items_purged_floors":[7],"is_endless":false,"potions_floor_spawned":[4,5,10,12],"killed_by":"Slime Boss","ascension_level":2}