{"gold_per_floor":[115,130,150,162,9,44,44,44,44,64,93,112,112,128,128,128],"floor_reached":16,"playtime":516,"items_purged":[],"score":228,"play_id":"d37369e7-08eb-4a4b-af78-12f19d5bec79","local_time":"20190504140022","is_ascension_mode":true,"campfire_choices":[{"data":"Carnage","floor":8,"key":"SMITH"},{"floor":15,"key":"REST"}],"neow_cost":"NONE","seed_source_timestamp":661621662487128,"circlet_count":0,"master_deck":["AscendersBane","Strike_R","Strike_R","Strike_R","Strike_R","Strike_R","Defend_R","Defend_R","Defend_R","Defend_R","Bash","Carnage+1","Disarm","Feed","Clothesline","Fiend Fire","Spot Weakness","Rampage"],"relics":["Burning Blood","Omamori","Regal Pillow","Gremlin Horn","Torii"],"potions_floor_usage":[4,6,11],"damage_taken":[{"damage":1,"enemies":"Cultist","floor":1,"turns":3},{"damage":7,"enemies":"Jaw Worm","floor":2,"turns":3},{"damage":6,"enemies":"Small Slimes","floor":3,"turns":3},{"damage":1,"enemies":"3 Louse","floor":4,"turns":2},{"damage":55,"enemies":"Gremlin Nob","floor":6,"turns":5},{"damage":1,"enemies":"Exordium Wildlife","floor":10,"turns":2},{"damage":21,"enemies":"Lagavulin","floor":11,"turns":7},{"damage":2,"enemies":"Red Slaver","floor":12,"turns":3},{"damage":19,"enemies":"Large Slime","floor":14,"turns":7},{"damage":69,"enemies":"Slime Boss","floor":16,"turns":9}],"seed_played":"-719867033860538279","potions_obtained":[{"floor":3,"key":"Explosive Potion"},{"floor":4,"key":"BloodPotion"},{"floor":10,"key":"Energy Potion"},{"floor":12,"key":"Swift Potion"}],"is_trial":false,"path_per_floor":["M","M","M","M","$","E","?","R","T","M","E","M","?","M","R","B"],"character_chosen":"IRONCLAD","items_purchased":["Feed"],"campfire_rested":1,"item_purchase_floors":[5],"current_hp_per_floor":[73,72,72,75,75,36,36,36,36,44,29,33,33,23,63,0],"gold":128,"neow_bonus":"RANDOM_COMMON_RELIC","is_prod":false,"is_daily":false,"chose_seed":false,"campfire_upgraded":1,"win_rate":0,"timestamp":1556992822,"path_taken":["M","M","M","M","$","E","?","R","T","M","E","?","?","M","R","BOSS"],"build_version":"2019-01-23","purchased_purges":0,"victory":false,"max_hp_per_floor":[75,75,75,75,75,78,78,78,78,81,81,81,81,84,84,84],"card_choices":[{"not_picked":["Twin Strike","Body Slam"],"picked":"Carnage","floor":1},{"not_picked":["Infernal Blade","Dual Wield","Power Through"],"picked":"SKIP","floor":2},{"not_picked":["Headbutt","Corruption"],"picked":"Disarm","floor":3},{"not_picked":["Thunderclap","Wild Strike","Armaments"],"picked":"SKIP","floor":4},{"not_picked":["Perfected Strike","Thunderclap"],"picked":"Clothesline","floor":6},{"not_picked":["Cleave","Seeing Red","Heavy Blade"],"picked":"SKIP","floor":10},{"not_picked":["Flex","Perfected Strike"],"picked":"Fiend Fire","floor":11},{"not_picked":["Whirlwind","Pommel Strike"],"picked":"Spot Weakness","floor":12},{"not_picked":["Spot Weakness","Shrug It Off"],"picked":"Rampage","floor":14}],"player_experience":602823,"relics_obtained":[{"floor":6,"key":"Regal Pillow"},{"floor":9,"key":"Gremlin Horn"},{"floor":11,"key":"Torii"}],"event_choices":[{"damage_healed":0,"gold_gain":0,"player_choice":"Ignored","damage_taken":0,"max_hp_gain":0,"max_hp_loss":0,"event_name":"WeMeetAgain","floor":7,"gold_loss":0},{"damage_healed":0,"gold_gain":0,"player_choice":"Ignored","damage_taken":0,"max_hp_gain":0,"max_hp_loss":0,"event_name":"Shining Light","floor":13,"gold_loss":0}],"is_beta":false,"boss_relics":[],"items_purged_floors":[],"is_endless":false,"potions_floor_spawned":[3,4,10,12],"killed_by":"Slime Boss","ascension_level":20}