{"gold_per_floor":[117,129,149,161,173,173,198,123,123,123,133,233,233,248,248,248],"floor_reached":16,"playtime":790,"items_purged":["Defend_R"],"score":125,"play_id":"cfc0c0c6-4cb5-4974-bfad-9596d13a5a32","local_time":"20190505224119","is_ascension_mode":true,"campfire_choices":[{"data":"Second Wind","floor":6,"key":"SMITH"},{"floor":13,"key":"REST"},{"floor":15,"key":"REST"}],"neow_cost":"CURSE","seed_source_timestamp":1844577736626681,"circlet_count":0,"master_deck":["Strike_R","Strike_R","Strike_R","Strike_R","Defend_R","Defend_R","Bash","Pain","Power Through","Fire Breathing","Power Through","Power Through","Second Wind+1","Sentinel","Shrug It Off"],"relics":["Burning Blood","Happy Flower","Art of War"],"potions_floor_usage":[5,7,16],"damage_taken":[{"damage":9,"enemies":"Small Slimes","floor":1,"turns":5},{"damage":24,"enemies":"Cultist","floor":2,"turns":7},{"damage":9,"enemies":"2 Louse","floor":3,"turns":4},{"damage":2,"enemies":"Exordium Wildlife","floor":4,"turns":4},{"damage":6,"enemies":"Red Slaver","floor":5,"turns":7},{"damage":31,"enemies":"Gremlin Nob","floor":7,"turns":6},{"damage":2,"enemies":"Large Slime","floor":11,"turns":6},{"damage":18,"enemies":"Blue Slaver","floor":14,"turns":7},{"damage":80,"enemies":"The Guardian","floor":16,"turns":18}],"seed_played":"-1716909318656102547","potions_obtained":[{"floor":2,"key":"LiquidBronze"},{"floor":4,"key":"Weak Potion"},{"floor":7,"key":"Poison Potion"}],"is_trial":false,"path_per_floor":["M","M","M","M","M","R","E","$","T","?","M","?","R","M","R","B"],"character_chosen":"IRONCLAD","items_purchased":[],"campfire_rested":2,"item_purchase_floors":[],"current_hp_per_floor":[77,59,56,60,60,60,35,35,35,35,39,39,63,51,75,0],"gold":248,"neow_bonus":"TRANSFORM_TWO_CARDS","is_prod":false,"is_daily":false,"chose_seed":false,"campfire_upgraded":1,"win_rate":0,"timestamp":1557110479,"path_taken":["M","M","M","M","M","R","E","$","T","?","M","?","R","?","R","BOSS"],"build_version":"2019-01-23","purchased_purges":1,"victory":false,"max_hp_per_floor":[80,80,80,80,80,80,80,80,80,80,80,80,80,80,80,80],"card_choices":[{"not_picked":["Warcry","Entrench"],"picked":"Power Through","floor":1},{"not_picked":["Body Slam","Armaments"],"picked":"Power Through","floor":2},{"not_picked":["True Grit","Heavy Blade","Dropkick"],"picked":"SKIP","floor":3},{"not_picked":["Iron Wave","Clash","Rampage"],"picked":"SKIP","floor":4},{"not_picked":["Berserk","Perfected Strike"],"picked":"Second Wind","floor":5},{"not_picked":["Infernal Blade","Feed"],"picked":"Sentinel","floor":7},{"not_picked":["Intimidate","Pummel","Battle Trance"],"picked":"SKIP","floor":11},{"not_picked":["Armaments","Wild Strike"],"picked":"Shrug It Off","floor":14}],"player_experience":182790,"relics_obtained":[{"floor":7,"key":"Happy Flower"},{"floor":9,"key":"Art of War"}],"event_choices":[{"damage_healed":0,"gold_gain":0,"player_choice":"Ignored","damage_taken":0,"max_hp_gain":0,"max_hp_loss":0,"event_name":"Shining Light","floor":10,"gold_loss":0},{"damage_healed":0,"gold_gain":100,"player_choice":"Gold","damage_taken":0,"max_hp_gain":0,"max_hp_loss":0,"event_name":"Wheel of Change","floor":12,"gold_loss":0}],"is_beta":false,"boss_relics":[],"items_purged_floors":[8],"is_endless":false,"potions_floor_spawned":[2,4,7],"killed_by":"The Guardian","ascension_level":4}