{"gold_per_floor":[115,115,129,145,155,490,490,490],"floor_reached":8,"playtime":407,"items_purged":[],"score":113,"play_id":"1c7eb092-6d48-4d19-ad93-9756dd828b0b","local_time":"20190502194335","is_ascension_mode":true,"campfire_choices":[{"floor":7,"key":"REST"}],"neow_cost":"NONE","seed_source_timestamp":509495308608438,"circlet_count":0,"master_deck":["AscendersBane","Defend_G","Defend_G","Defend_G","Defend_G","Defend_G","Strike_G","Strike_G","Strike_G","Strike_G","Strike_G","Survivor","Neutralize+1","PiercingWail","Flying Knee","Poisoned Stab","Leg Sweep"],"special_seed":0,"relics":["Ring of the Snake","Old Coin"],"potions_floor_usage":[6,6],"damage_taken":[{"damage":0,"enemies":"2 Louse","floor":1,"turns":3},{"damage":0,"enemies":"Cultist","floor":3,"turns":4},{"damage":0,"enemies":"Small Slimes","floor":4,"turns":3},{"damage":36,"enemies":"Exordium Thugs","floor":5,"turns":9},{"damage":27,"enemies":"Gremlin Nob","floor":6,"turns":6},{"damage":27,"enemies":"Lagavulin","floor":8,"turns":10}],"seed_played":"593293311203118188","potions_obtained":[{"floor":3,"key":"Swift Potion"},{"floor":4,"key":"EssenceOfSteel"}],"is_trial":false,"path_per_floor":["M","?","M","M","M","E","R","E"],"character_chosen":"THE_SILENT","items_purchased":[],"campfire_rested":1,"item_purchase_floors":[],"current_hp_per_floor":[65,65,65,65,29,2,23,0],"gold":490,"neow_bonus":"TEN_PERCENT_HP_BONUS","is_prod":false,"is_daily":false,"chose_seed":false,"campfire_upgraded":0,"win_rate":0,"timestamp":1556840615,"path_taken":["M","?","M","?","M","E","R","E"],"build_version":"2019-01-23","purchased_purges":0,"victory":false,"max_hp_per_floor":[72,72,72,72,72,72,72,72],"card_choices":[{"not_picked":["Sucker Punch","Expertise"],"picked":"PiercingWail","floor":1},{"not_picked":["Blade Dance","Finisher"],"picked":"Flying Knee","floor":3},{"not_picked":["Distraction","Acrobatics"],"picked":"Poisoned Stab","floor":4},{"not_picked":["Tactician","Acrobatics"],"picked":"Leg Sweep","floor":5},{"not_picked":["Blade Dance","Caltrops","Reflex"],"picked":"SKIP","floor":6}],"player_experience":591485,"relics_obtained":[{"floor":6,"key":"Old Coin"}],"event_choices":[{"damage_healed":0,"gold_gain":0,"player_choice":"Forge","damage_taken":0,"max_hp_gain":0,"max_hp_loss":0,"event_name":"Accursed Blacksmith","floor":2,"gold_loss":0,"cards_upgraded":["Neutralize"]}],"is_beta":false,"boss_relics":[],"items_purged_floors":[],"is_endless":false,"potions_floor_spawned":[3,4],"killed_by":"Lagavulin","ascension_level":19}