{"gold_per_floor":[117,127,139,63,76,76,133,158,158,188,188,199,199,216,216,317,317,337,337,337,355,265,265,275,275,275,275,275,306,221,246,246,349,349,368,385,385,485,485,485,496,530,581,155,155,170,170,187,187,187,187,187,65,100,100],"floor_reached":55,"playtime":6109,"items_purged":["Strike_G","Writhe"],"score":864,"play_id":"5d6db609-d60b-4e98-b8ba-6719880a5cd8","local_time":"20190120185531","is_ascension_mode":true,"campfire_choices":[{"data":"Neutralize","floor":6.0,"key":"SMITH"},{"floor":13.0,"key":"REST"},{"data":"Doppelganger","floor":15.0,"key":"SMITH"},{"data":"Dash","floor":23.0,"key":"SMITH"},{"data":"Footwork","floor":25.0,"key":"SMITH"},{"data":"Flying Knee","floor":28.0,"key":"SMITH"},{"floor":32.0,"key":"REST"},{"data":"Metamorphosis","floor":40,"key":"SMITH"},{"floor":47,"key":"RECALL"},{"floor":49,"key":"REST"},{"data":"Tools of the Trade","floor":52,"key":"SMITH"}],"neow_cost":"NONE","seed_source_timestamp":775130562111939,"circlet_count":0,"master_deck":["Defend_G","Defend_G","Defend_G","Defend_G+1","Defend_G","Strike_G","Strike_G","Strike_G","Survivor","Neutralize+1","Flying Knee+1","Dash+1","Backflip","Crippling Poison+1","Dagger Spray","Predator+1","Doppelganger+1","Expertise","Footwork+1","Tools of the Trade+1","Leg Sweep+1","Corpse Explosion","Deflect+1","Corpse Explosion+1","Deadly Poison+1","Secret Technique","Metamorphosis+1","Underhanded Strike","Deadly Poison+1","Noxious Fumes","Acrobatics","Bandage Up","Master of Strategy","Noxious Fumes"],"special_seed":0,"relics":["Eternal Feather","Vajra","Singing Bowl","Question Card","Sozu","Dead Branch","Turnip","Mummified Hand","Happy Flower","Orichalcum","Runic Pyramid","Ginger","Letter Opener","Smiling Mask","War Paint"],"potions_floor_usage":[],"damage_taken":[{"damage":0.0,"enemies":"2 Louse","floor":1.0,"turns":4.0},{"damage":0.0,"enemies":"Jaw Worm","floor":2.0,"turns":4.0},{"damage":0.0,"enemies":"Cultist","floor":3.0,"turns":5.0},{"damage":1.0,"enemies":"Looter","floor":5.0,"turns":4.0},{"damage":22.0,"enemies":"3 Sentries","floor":7.0,"turns":9.0},{"damage":10.0,"enemies":"Gremlin Nob","floor":10.0,"turns":4.0},{"damage":0.0,"enemies":"Gremlin Gang","floor":12.0,"turns":2.0},{"damage":3.0,"enemies":"Blue Slaver","floor":14.0,"turns":4.0},{"damage":53.0,"enemies":"Hexaghost","floor":16.0,"turns":18.0},{"damage":0.0,"enemies":"3 Byrds","floor":18.0,"turns":4.0},{"damage":2.0,"enemies":"Spheric Guardian","floor":21.0,"turns":8.0},{"damage":0.0,"enemies":"Snecko","floor":24.0,"turns":5.0},{"damage":17.0,"enemies":"Slavers","floor":29.0,"turns":7.0},{"damage":7.0,"enemies":"Book of Stabbing","floor":31.0,"turns":5.0},{"damage":8.0,"enemies":"Automaton","floor":33.0,"turns":13.0},{"damage":0.0,"enemies":"3 Shapes","floor":35.0,"turns":3.0},{"damage":7.0,"enemies":"3 Darklings","floor":36.0,"turns":3.0},{"damage":4,"enemies":"Mind Bloom Boss Battle","floor":38,"turns":8},{"damage":32,"enemies":"Jaw Worm Horde","floor":41,"turns":5},{"damage":6,"enemies":"Nemesis","floor":42,"turns":7},{"damage":7,"enemies":"Sphere and 2 Shapes","floor":46,"turns":3},{"damage":27,"enemies":"4 Shapes","floor":48,"turns":4},{"damage":84,"enemies":"Awakened One","floor":50,"turns":14},{"damage":76,"enemies":"Shield and Spear","floor":54,"turns":5},{"damage":32,"enemies":"The Heart","floor":55,"turns":2}],"seed_played":"2292572823598286014","potions_obtained":[{"floor":1.0,"key":"Energy Potion"},{"floor":2.0,"key":"Strength Potion"},{"floor":5.0,"key":"Fruit Juice"},{"floor":10.0,"key":"SpeedPotion"},{"floor":14.0,"key":"Dexterity Potion"}],"is_trial":false,"path_per_floor":["M","M","M","$","M","R","?","T","T","E","?","M","R","M","R","B",null,"M","?","?","M","?","R","M","R","T","T","R","E","?","E","R","B",null,"M","M","?","?","?","R","M","E","T","$","?","M","R","M","R","B",null,"R","$","E","B"],"character_chosen":"THE_SILENT","items_purchased":["Crippling Poison","Noxious Fumes","Acrobatics","Bandage Up","Master of Strategy","Noxious Fumes"],"campfire_rested":3,"item_purchase_floors":[4,44,44,44,44,53],"current_hp_per_floor":[70,70,70,70,69,70,53,53,53,43,43,43,75,72,75,22,75,75,61,61,61,61,73,75,84,84,84,84,67,67,60,84,76,84,86,79,71,67,67,82,52,46,46,46,69,68,86,65,94,14,94,94,94,20,0],"gold":100,"neow_bonus":"BOSS_RELIC","is_prod":false,"is_daily":false,"chose_seed":false,"campfire_upgraded":7,"win_rate":0,"timestamp":1548003331,"path_taken":["M","M","M","$","M","R","?","?","T","E","?","M","R","M","R","BOSS","M","?","?","?","?","R","?","R","T","?","R","E","?","E","R","BOSS","M","M","?","?","?","R","M","E","T","?","?","M","R","M","R","BOSS","R","$","E","BOSS"],"build_version":"2019-01-17v2","purchased_purges":2,"victory":false,"max_hp_per_floor":[70,70,70,70,70,70,75,75,75,75,75,75,75,75,75,75,75,75,80,80,82,82,82,84,84,84,84,84,84,84,84,84,84,84,86,86,88,88,88,88,90,90,90,90,90,92,92,94,94,94,94,94,94,96,96],"card_choices":[{"not_picked":["Quick Slash","Backflip"],"picked":"Flying Knee","floor":1.0},{"not_picked":["Prepared","Cloak And Dagger"],"picked":"Dash","floor":2.0},{"not_picked":["Flying Knee","Poisoned Stab"],"picked":"Backflip","floor":3.0},{"not_picked":["Catalyst","Underhanded Strike"],"picked":"Dagger Spray","floor":5.0},{"not_picked":["Dagger Throw","Choke"],"picked":"Predator","floor":7.0},{"not_picked":["Outmaneuver","PiercingWail"],"picked":"Doppelganger","floor":10.0},{"not_picked":["Prepared","Calculated Gamble","Tactician"],"picked":"Expertise","floor":12.0},{"not_picked":["Backflip","Sucker Punch","Caltrops"],"picked":"Footwork","floor":14.0},{"not_picked":["Phantasmal Killer","After Image","Burst"],"picked":"Tools of the Trade","floor":16.0},{"not_picked":["Choke","Catalyst","Masterful Stab"],"picked":"Leg Sweep+1","floor":18.0},{"not_picked":["Dagger Spray+1","Outmaneuver","Bane","Dodge and Roll"],"picked":"Singing Bowl","floor":21.0},{"not_picked":["Blade Dance","Cloak And Dagger+1","Flying Knee","Outmaneuver"],"picked":"Singing Bowl","floor":24.0},{"not_picked":["Dagger Spray","Poisoned Stab","Deflect"],"picked":"Corpse Explosion","floor":29.0},{"not_picked":["Dodge and Roll+1","Backflip","Predator"],"picked":"Deflect+1","floor":31.0},{"not_picked":["Glass Knife","Adrenaline","Doppelganger"],"picked":"Corpse Explosion","floor":33.0},{"not_picked":["Concentrate","Slice","Predator","PiercingWail+1"],"picked":"Singing Bowl","floor":35.0},{"not_picked":["Backflip","PiercingWail","Dagger Throw+1"],"picked":"Deadly Poison+1","floor":36.0},{"not_picked":["Forethought","Good Instincts","Discovery"],"picked":"Secret Technique","floor":37},{"not_picked":["Transmutation","Good Instincts","Panacea","Panache"],"picked":"Singing Bowl","floor":37},{"not_picked":["Master of Strategy","Panacea","Discovery"],"picked":"Metamorphosis","floor":37},{"not_picked":["Distraction","All Out Attack+1","Accuracy+1"],"picked":"Underhanded Strike","floor":38},{"not_picked":["Dagger Throw+1","Dodge and Roll","Expertise+1","Skewer+1"],"picked":"Singing Bowl","floor":41},{"not_picked":["Sucker Punch","Acrobatics+1","PiercingWail"],"picked":"Deadly Poison+1","floor":42},{"not_picked":["Blade Dance","Blur+1","Dagger Spray","Setup"],"picked":"Singing Bowl","floor":46},{"not_picked":["All Out Attack","Acrobatics","Calculated Gamble+1","Expertise"],"picked":"Singing Bowl","floor":48},{"not_picked":["Sucker Punch","Unload","Expertise","Reflex"],"picked":"Singing Bowl","floor":54}],"player_experience":315490,"relics_obtained":[{"floor":7.0,"key":"Vajra"},{"floor":9.0,"key":"Singing Bowl"},{"floor":10.0,"key":"Question Card"},{"floor":26.0,"key":"Dead Branch"},{"floor":27.0,"key":"Turnip"},{"floor":29.0,"key":"Mummified Hand"},{"floor":31.0,"key":"Orichalcum"},{"floor":38,"key":"Ginger"},{"floor":42,"key":"Letter Opener"},{"floor":43,"key":"Smiling Mask"},{"floor":54,"key":"War Paint"}],"event_choices":[{"damage_healed":0.0,"max_hp_gain":0.0,"max_hp_loss":0.0,"gold_gain":0.0,"event_name":"Dead Adventurer","player_choice":"Searched \u00271\u0027 times","floor":7.0,"gold_loss":0.0,"damage_taken":0.0},{"damage_healed":0.0,"max_hp_gain":0.0,"max_hp_loss":0.0,"gold_gain":0.0,"event_name":"Scrap Ooze","player_choice":"Fled","floor":11.0,"gold_loss":0.0,"damage_taken":0.0},{"damage_healed":0.0,"max_hp_gain":5.0,"max_hp_loss":0.0,"gold_gain":0.0,"event_name":"Forgotten Altar","player_choice":"Shed Blood","floor":19.0,"gold_loss":0.0,"damage_taken":19.0},{"damage_healed":0.0,"max_hp_gain":0.0,"max_hp_loss":0.0,"gold_gain":0.0,"event_name":"Upgrade Shrine","player_choice":"Upgraded","floor":20.0,"gold_loss":0.0,"damage_taken":0.0,"cards_upgraded":["Crippling Poison"]},{"cards_removed":["Strike_G"],"damage_healed":0.0,"max_hp_gain":0.0,"max_hp_loss":0.0,"gold_gain":0.0,"event_name":"Designer","player_choice":"Upgrade and Remove","floor":22.0,"gold_loss":90.0,"damage_taken":0.0,"cards_upgraded":["Predator"]},{"damage_healed":0.0,"max_hp_gain":0.0,"max_hp_loss":0.0,"gold_gain":0.0,"event_name":"Addict","player_choice":"Obtained Relic","floor":30.0,"gold_loss":85.0,"damage_taken":0.0,"relics_obtained":["Happy Flower"]},{"damage_healed":0,"gold_gain":0,"player_choice":"Memory 3","damage_taken":10,"max_hp_gain":0,"max_hp_loss":0,"event_name":"SensoryStone","floor":37,"gold_loss":0},{"damage_healed":0,"gold_gain":0,"player_choice":"Fight","damage_taken":0,"max_hp_gain":0,"max_hp_loss":0,"event_name":"MindBloom","floor":38,"gold_loss":0},{"damage_healed":0,"gold_gain":0,"player_choice":"Ignored","damage_taken":0,"max_hp_gain":0,"max_hp_loss":0,"event_name":"Tomb of Lord Red Mask","floor":39,"gold_loss":0},{"damage_healed":23,"gold_gain":0,"player_choice":"Writhe","damage_taken":0,"max_hp_gain":0,"max_hp_loss":0,"event_name":"Winding Halls","floor":45,"gold_loss":0,"cards_obtained":["Writhe"]}],"is_beta":false,"boss_relics":[{"not_picked":["White Beast Statue","Black Star"],"picked":"Sozu"},{"not_picked":["HoveringKite","Tiny House"],"picked":"Runic Pyramid"}],"items_purged_floors":[44,53],"is_endless":false,"potions_floor_spawned":[1,2,5,10,14,21,33,35,36,46],"killed_by":"The Heart","ascension_level":3}