{"gold_per_floor":[118,118,43,43,56,56,75,46,46,46,56,69,69,69,69,146,146,158,168,68,87,87,87,121,121,170,196,208],"floor_reached":28,"playtime":1562,"items_purged":["Strike_R","Strike_R"],"score":460,"play_id":"1a23396f-cc49-4eac-a831-a3247354b958","local_time":"20190213010836","is_ascension_mode":true,"campfire_choices":[{"floor":6.0,"key":"REST"},{"data":"Flame Barrier","floor":10.0,"key":"SMITH"},{"data":"Flame Barrier","floor":13.0,"key":"SMITH"},{"data":"Armaments","floor":15.0,"key":"SMITH"},{"data":"Demon Form","floor":23.0,"key":"SMITH"},{"floor":25.0,"key":"REST"}],"neow_cost":"NONE","seed_source_timestamp":522332562984240,"circlet_count":0,"master_deck":["AscendersBane","Strike_R","Strike_R","Defend_R","Defend_R","Defend_R","Defend_R","Bash","Spot Weakness","Evolve","Armaments+1","Power Through","Wild Strike","Flame Barrier+1","Whirlwind","Flame Barrier+1","Demon Form+1","Iron Wave+1","Body Slam+1","Inflame+1"],"special_seed":0,"relics":["Orrery","Bronze Scales","Molten Egg 2","Sozu","Frozen Egg 2","MawBank"],"potions_floor_usage":[],"damage_taken":[{"damage":4.0,"enemies":"Small Slimes","floor":1.0,"turns":4.0},{"damage":3.0,"enemies":"2 Louse","floor":5.0,"turns":2.0},{"damage":0.0,"enemies":"Jaw Worm","floor":7.0,"turns":5.0},{"damage":6.0,"enemies":"Exordium Thugs","floor":8.0,"turns":4.0},{"damage":0.0,"enemies":"Exordium Wildlife","floor":11.0,"turns":2.0},{"damage":1.0,"enemies":"3 Louse","floor":12.0,"turns":2.0},{"damage":9.0,"enemies":"The Guardian","floor":16.0,"turns":11.0},{"damage":0.0,"enemies":"3 Byrds","floor":18.0,"turns":6.0},{"damage":5.0,"enemies":"Chosen","floor":19.0,"turns":4.0},{"damage":2.0,"enemies":"Snake Plant","floor":21.0,"turns":3.0},{"damage":32.0,"enemies":"Book of Stabbing","floor":24.0,"turns":5.0},{"damage":23.0,"enemies":"Shelled Parasite and Fungi","floor":27.0,"turns":5.0},{"damage":41,"enemies":"Slavers","floor":28,"turns":3}],"seed_played":"7260201945190414408","potions_obtained":[{"floor":5.0,"key":"GamblersBrew"},{"floor":7.0,"key":"GamblersBrew"},{"floor":11.0,"key":"SpeedPotion"}],"is_trial":false,"path_per_floor":["M","?","$","?","M","R","M","M","T","R","M","M","R","?","R","B",null,"M","M","$","M","$","R","E","R","T","M","E"],"character_chosen":"IRONCLAD","items_purchased":[],"campfire_rested":2,"item_purchase_floors":[],"current_hp_per_floor":[64,57,57,57,54,75,75,69,69,69,69,68,68,68,68,59,71,71,66,66,64,64,64,32,54,54,31,0],"gold":208,"neow_bonus":"BOSS_RELIC","is_prod":false,"is_daily":false,"chose_seed":false,"campfire_upgraded":4,"win_rate":0,"timestamp":1550012916,"path_taken":["M","?","$","?","M","R","M","M","T","R","M","M","R","?","R","BOSS","M","M","$","M","$","R","E","R","T","M","E"],"build_version":"2019-01-23","purchased_purges":2,"victory":false,"max_hp_per_floor":[75,75,75,75,75,75,75,75,75,75,75,75,75,75,75,75,75,75,75,75,75,75,75,75,75,75,75,75],"card_choices":[{"not_picked":["Perfected Strike","Heavy Blade"],"picked":"Spot Weakness","floor":0.0},{"not_picked":["Flex","Rage"],"picked":"Evolve","floor":0.0},{"not_picked":["Uppercut","Metallicize"],"picked":"Armaments","floor":0.0},{"not_picked":["Dual Wield","Twin Strike"],"picked":"Power Through","floor":0.0},{"not_picked":["Havoc","Perfected Strike"],"picked":"Wild Strike","floor":0.0},{"not_picked":["Wild Strike","Carnage","Heavy Blade"],"picked":"SKIP","floor":1.0},{"not_picked":["Shrug It Off","Thunderclap"],"picked":"Flame Barrier","floor":5.0},{"not_picked":["Flex","Heavy Blade"],"picked":"Whirlwind","floor":7.0},{"not_picked":["Heavy Blade","Wild Strike"],"picked":"Flame Barrier","floor":8.0},{"not_picked":["Whirlwind","Searing Blow","Sentinel"],"picked":"SKIP","floor":11.0},{"not_picked":["Sword Boomerang","Anger","Exhume"],"picked":"SKIP","floor":12.0},{"not_picked":["Bludgeon+1","Impervious"],"picked":"Demon Form","floor":16.0},{"not_picked":["Reckless Charge+1","Dropkick+1"],"picked":"Iron Wave+1","floor":18.0},{"not_picked":["Shrug It Off","Power Through"],"picked":"Body Slam+1","floor":19.0},{"not_picked":["Anger+1","Thunderclap+1","Havoc"],"picked":"SKIP","floor":21.0},{"not_picked":["Bloodletting","Blood for Blood+1","Headbutt+1"],"picked":"SKIP","floor":24.0},{"not_picked":["Headbutt+1","Havoc"],"picked":"Inflame+1","floor":27.0}],"player_experience":606173,"relics_obtained":[{"floor":9.0,"key":"Bronze Scales"},{"floor":24.0,"key":"Frozen Egg 2"},{"floor":26.0,"key":"MawBank"}],"event_choices":[{"cards_removed":["Strike_R"],"damage_healed":0.0,"max_hp_gain":0.0,"max_hp_loss":0.0,"gold_gain":0.0,"event_name":"Golden Wing","player_choice":"Card Removal","floor":2.0,"gold_loss":0.0,"damage_taken":7.0},{"damage_healed":0.0,"max_hp_gain":0.0,"max_hp_loss":0.0,"gold_gain":0.0,"event_name":"Liars Game","player_choice":"Ignored","floor":4.0,"gold_loss":0.0,"damage_taken":0.0},{"damage_healed":0.0,"max_hp_gain":0.0,"max_hp_loss":0.0,"gold_gain":0.0,"event_name":"Dead Adventurer","player_choice":"Searched \u00271\u0027 times","floor":14.0,"gold_loss":0.0,"damage_taken":0.0,"relics_obtained":["Molten Egg 2"]}],"is_beta":false,"boss_relics":[{"not_picked":["Busted Crown","Ectoplasm"],"picked":"Sozu"}],"items_purged_floors":[3,20],"is_endless":false,"potions_floor_spawned":[5,7,11,18,24],"killed_by":"Slavers","ascension_level":20}