{"gold_per_floor":[118,118,118,43,55,55,5,5,5,37,37,55,55,69,69,166,166,185,85,184,109,94,94,94,112,112,112,132,147,158,158,158,158],"floor_reached":33,"playtime":994,"items_purged":["Defend_R","Strike_R"],"score":270,"play_id":"e443ba8d-c433-4d63-bf23-848d6ef9a9e4","local_time":"20181209164206","is_ascension_mode":false,"campfire_choices":[{"data":"Bash","floor":6,"key":"SMITH"},{"data":"Strike_R","floor":8,"key":"SMITH"},{"data":"Shrug It Off","floor":15,"key":"SMITH"},{"floor":23,"key":"REST"},{"floor":32,"key":"REST"}],"neow_cost":"NONE","seed_source_timestamp":199869576827766,"circlet_count":0,"master_deck":["Strike_R","Strike_R","Strike_R","Strike_R+1","Bash+1","Shrug It Off+1"],"relics":["Black Blood","NeowsBlessing","Pocketwatch","Meat on the Bone","Charon\u0027s Ashes","Mummified Hand"],"potions_floor_usage":[16,16,28,28,28,33],"damage_taken":[{"damage":0,"enemies":"Small Slimes","floor":1,"turns":1},{"damage":0,"enemies":"Jaw Worm","floor":5,"turns":1},{"damage":0,"enemies":"Gremlin Nob","floor":10,"turns":1},{"damage":5,"enemies":"2 Louse","floor":12,"turns":2},{"damage":7,"enemies":"Exordium Thugs","floor":14,"turns":4},{"damage":61,"enemies":"Hexaghost","floor":16,"turns":10},{"damage":39,"enemies":"Shell Parasite","floor":18,"turns":7},{"damage":29,"enemies":"2 Thieves","floor":22,"turns":4},{"damage":23,"enemies":"Snecko","floor":25,"turns":6},{"damage":69,"enemies":"Sentry and Sphere","floor":28,"turns":12},{"damage":33,"enemies":"Cultist and Chosen","floor":29,"turns":9},{"damage":13,"enemies":"Centurion and Healer","floor":30,"turns":9},{"damage":62,"enemies":"Collector","floor":33,"turns":5}],"seed_played":"-4512449238913420223","potions_obtained":[{"floor":1,"key":"AttackPotion"},{"floor":10,"key":"SpeedPotion"},{"floor":12,"key":"Block Potion"},{"floor":25,"key":"BloodPotion"},{"floor":27,"key":"BloodPotion"},{"floor":27,"key":"BloodPotion"},{"floor":28,"key":"Dexterity Potion"}],"is_trial":false,"path_per_floor":["M","?","?","$","M","R","?","R","T","E","$","M","?","M","R","B",null,"M","$","?","?","M","R","$","M","T","?","M","M","M","?","R","B"],"character_chosen":"IRONCLAD","items_purchased":[],"campfire_rested":2,"item_purchase_floors":[],"current_hp_per_floor":[80,80,85,85,85,85,85,85,85,85,85,85,73,72,72,29,85,56,56,56,56,49,74,74,61,61,61,38,27,36,36,61,0],"gold":158,"neow_bonus":"THREE_ENEMY_KILL","is_prod":false,"is_daily":false,"chose_seed":false,"campfire_upgraded":3,"win_rate":0,"timestamp":1544391726,"path_taken":["M","?","?","?","?","R","?","R","T","E","$","M","?","?","R","BOSS","M","$","?","?","M","R","$","M","T","?","M","?","M","?","R","BOSS"],"build_version":"2018-12-06","purchased_purges":2,"victory":false,"max_hp_per_floor":[80,80,85,85,85,85,85,85,85,85,85,85,85,85,85,85,85,85,85,85,85,85,85,85,85,85,85,85,85,85,85,85,85],"card_choices":[{"not_picked":["Disarm","Clothesline","Twin Strike"],"picked":"SKIP","floor":1},{"not_picked":["True Grit","Clothesline","Heavy Blade"],"picked":"SKIP","floor":5},{"not_picked":["Perfected Strike","Barricade"],"picked":"Shrug It Off","floor":10},{"not_picked":["Burning Pact","Headbutt","Warcry"],"picked":"SKIP","floor":12},{"not_picked":["Spot Weakness","Evolve","Fire Breathing"],"picked":"SKIP","floor":14},{"not_picked":["Shrug It Off","Ghostly Armor","Anger+1"],"picked":"SKIP","floor":18},{"not_picked":["Dual Wield","Pommel Strike","Burning Pact"],"picked":"SKIP","floor":22},{"not_picked":["Sword Boomerang+1","Rupture+1","Flame Barrier"],"picked":"SKIP","floor":25},{"not_picked":["Shrug It Off","Blood for Blood+1","Searing Blow"],"picked":"SKIP","floor":28},{"not_picked":["Havoc+1","Dual Wield","Heavy Blade"],"picked":"SKIP","floor":29},{"not_picked":["Sentinel+1","Pommel Strike+1","Berserk"],"picked":"SKIP","floor":30}],"player_experience":305628,"relics_obtained":[{"floor":9,"key":"Pocketwatch"},{"floor":10,"key":"Meat on the Bone"},{"floor":26,"key":"Mummified Hand"}],"event_choices":[{"damage_healed":0,"gold_gain":0,"player_choice":"Ignored","damage_taken":0,"max_hp_gain":0,"max_hp_loss":0,"event_name":"Shining Light","floor":2,"gold_loss":0},{"damage_healed":0,"gold_gain":0,"player_choice":"Donut","damage_taken":0,"max_hp_gain":5,"max_hp_loss":0,"event_name":"Big Fish","floor":3,"gold_loss":0},{"cards_removed":["Defend_R"],"damage_healed":0,"gold_gain":0,"player_choice":"Card Removal","damage_taken":0,"max_hp_gain":0,"max_hp_loss":0,"event_name":"The Cleric","floor":7,"gold_loss":50},{"damage_healed":0,"gold_gain":0,"player_choice":"Success","damage_taken":12,"relics_obtained":["Charon\u0027s Ashes"],"max_hp_gain":0,"max_hp_loss":0,"event_name":"Scrap Ooze","floor":13,"gold_loss":0},{"damage_healed":0,"gold_gain":99,"player_choice":"Stole From Cult","damage_taken":0,"max_hp_gain":0,"max_hp_loss":0,"event_name":"Nest","floor":20,"gold_loss":0},{"cards_removed":["Defend_R"],"damage_healed":0,"gold_gain":0,"player_choice":"Gave Gold","damage_taken":0,"max_hp_gain":0,"max_hp_loss":0,"event_name":"Beggar","floor":21,"gold_loss":75},{"damage_healed":0,"gold_gain":0,"player_choice":"Got Potions","damage_taken":0,"max_hp_gain":0,"max_hp_loss":0,"event_name":"Lab","floor":27,"gold_loss":0},{"cards_removed":["Defend_R"],"damage_healed":0,"gold_gain":0,"player_choice":"Purged","damage_taken":0,"max_hp_gain":0,"max_hp_loss":0,"event_name":"Purifier","floor":31,"gold_loss":0}],"is_beta":false,"boss_relics":[{"not_picked":["Ectoplasm","Orrery"],"picked":"Black Blood"}],"items_purged_floors":[4,19],"is_endless":false,"potions_floor_spawned":[1,10,12,25,28],"killed_by":"Collector","ascension_level":0}