{"gold_per_floor":[112,112,112,112,132,132,157,32,32,32,7,27,44,58,58,132,132,150,150,13,0,16,16,29,29,52,52,71,86,86,136,136,207,207,224,24,34,49,49],"floor_reached":39,"playtime":8213,"items_purged":["Strike_R"],"score":762,"play_id":"55f1fb98-fbf0-45c5-84a6-1b616920be49","local_time":"20190212163722","is_ascension_mode":true,"campfire_choices":[{"data":"Shockwave","floor":6.0,"key":"SMITH"},{"floor":10.0,"key":"REST"},{"data":"True Grit","floor":15.0,"key":"SMITH"},{"floor":23.0,"key":"REST"},{"floor":25.0,"key":"REST"},{"floor":27.0,"key":"REST"},{"floor":32.0,"key":"REST"}],"neow_cost":"NONE","seed_source_timestamp":484873407089917,"circlet_count":0,"master_deck":["AscendersBane","Strike_R","Strike_R","Strike_R","Defend_R","Defend_R","Defend_R","Defend_R","Bash","Cleave","Shockwave+1","Dual Wield","Shrug It Off","Anger","Shrug It Off","Berserk","Clothesline","True Grit+1","Thunderclap","Barricade","Sever Soul","Armaments","Fiend Fire","Inflame","Armaments+1","Iron Wave","Carnage","Armaments+1","Rage","Flame Barrier","Chrysalis","Shrug It Off","Ghostly Armor+1","Warcry"],"special_seed":0,"relics":["Runic Pyramid","Prayer Wheel","Paper Frog","Sozu","Lantern","Orrery"],"potions_floor_usage":[],"damage_taken":[{"damage":1.0,"enemies":"Cultist","floor":1.0,"turns":3.0},{"damage":0.0,"enemies":"2 Louse","floor":5.0,"turns":3.0},{"damage":20.0,"enemies":"3 Sentries","floor":7.0,"turns":8.0},{"damage":0.0,"enemies":"Jaw Worm","floor":12.0,"turns":4.0},{"damage":6.0,"enemies":"Lots of Slimes","floor":13.0,"turns":3.0},{"damage":0.0,"enemies":"Looter","floor":14.0,"turns":4.0},{"damage":18.0,"enemies":"Hexaghost","floor":16.0,"turns":10.0},{"damage":9.0,"enemies":"Spheric Guardian","floor":18.0,"turns":8.0},{"damage":41.0,"enemies":"Colosseum Slavers","floor":19.0,"turns":6.0},{"damage":0.0,"enemies":"Chosen","floor":22.0,"turns":4.0},{"damage":16.0,"enemies":"Centurion and Healer","floor":24.0,"turns":6.0},{"damage":21.0,"enemies":"Snake Plant","floor":28.0,"turns":4.0},{"damage":24.0,"enemies":"3 Cultists","floor":29.0,"turns":5.0},{"damage":56.0,"enemies":"Champ","floor":33.0,"turns":11.0},{"damage":28.0,"enemies":"3 Shapes","floor":35.0,"turns":4.0},{"damage":14.0,"enemies":"Orb Walker","floor":37.0,"turns":4.0},{"damage":15.0,"enemies":"3 Darklings","floor":38.0,"turns":8.0},{"damage":37,"enemies":"Writhing Mass","floor":39,"turns":2}],"seed_played":"5987341773559282454","potions_obtained":[{"floor":5.0,"key":"Block Potion"},{"floor":7.0,"key":"Strength Potion"}],"is_trial":false,"path_per_floor":["M","?","?","?","M","R","E","$","T","R","$","M","M","M","R","B",null,"M","?","$","?","M","R","M","R","T","R","M","M","?","?","R","B",null,"M","$","M","M","M"],"character_chosen":"IRONCLAD","items_purchased":["Shrug It Off","Anger","Armaments","Fiend Fire","Chrysalis"],"campfire_rested":5,"item_purchase_floors":[8,11,20,20,36],"current_hp_per_floor":[67,72,72,72,72,72,52,52,52,76,76,76,70,70,70,52,73,64,23,23,23,23,47,31,55,55,79,58,34,34,34,58,2,61,33,33,19,4,0],"gold":49,"neow_bonus":"BOSS_RELIC","is_prod":false,"is_daily":false,"chose_seed":false,"campfire_upgraded":2,"win_rate":0,"timestamp":1549982242,"path_taken":["M","?","?","?","M","R","E","$","T","R","$","M","M","?","R","BOSS","M","?","$","?","M","R","M","R","T","R","?","M","?","?","R","BOSS","M","$","M","M","M"],"build_version":"2019-01-23","purchased_purges":1,"victory":false,"max_hp_per_floor":[75,80,80,80,80,80,80,80,80,80,80,80,80,80,80,80,80,80,80,80,80,80,80,80,80,80,80,80,80,80,80,80,80,80,80,80,80,80,80],"card_choices":[{"not_picked":["Blood for Blood","Twin Strike"],"picked":"Cleave","floor":1.0},{"not_picked":["True Grit","Bloodletting"],"picked":"Shockwave","floor":5.0},{"not_picked":["Cleave","Pommel Strike"],"picked":"Dual Wield","floor":7.0},{"not_picked":["Havoc","Heavy Blade"],"picked":"Shrug It Off","floor":12.0},{"not_picked":["Sentinel","Heavy Blade","True Grit"],"picked":"SKIP","floor":12.0},{"not_picked":["Wild Strike","Anger"],"picked":"Berserk","floor":13.0},{"not_picked":["Sword Boomerang","Anger"],"picked":"Clothesline","floor":13.0},{"not_picked":["Combust","Searing Blow"],"picked":"True Grit","floor":14.0},{"not_picked":["Pommel Strike","Havoc"],"picked":"Thunderclap","floor":14.0},{"not_picked":["Demon Form","Dark Embrace"],"picked":"Barricade","floor":16.0},{"not_picked":["Power Through","Sword Boomerang"],"picked":"Sever Soul","floor":18.0},{"not_picked":["Thunderclap","Corruption","Headbutt"],"picked":"SKIP","floor":18.0},{"not_picked":["Intimidate","Thunderclap"],"picked":"Inflame","floor":22.0},{"not_picked":["Thunderclap","Sword Boomerang","Shockwave"],"picked":"SKIP","floor":22.0},{"not_picked":["Reckless Charge","Infernal Blade"],"picked":"Armaments+1","floor":24.0},{"not_picked":["Wild Strike","True Grit","Clothesline"],"picked":"SKIP","floor":24.0},{"not_picked":["Evolve","Shrug It Off"],"picked":"Iron Wave","floor":28.0},{"not_picked":["Exhume","Heavy Blade","Burning Pact"],"picked":"SKIP","floor":28.0},{"not_picked":["Heavy Blade","Wild Strike"],"picked":"Carnage","floor":29.0},{"not_picked":["Body Slam","Sword Boomerang","Clash"],"picked":"SKIP","floor":29.0},{"not_picked":["Clothesline","Body Slam"],"picked":"Armaments+1","floor":34.0},{"not_picked":["Thunderclap+1","Perfected Strike"],"picked":"Rage","floor":34.0},{"not_picked":["Heavy Blade","Havoc"],"picked":"Flame Barrier","floor":34.0},{"not_picked":["Cleave","Perfected Strike","Sever Soul"],"picked":"SKIP","floor":35.0},{"not_picked":["Wild Strike","Clash+1","Twin Strike+1"],"picked":"SKIP","floor":35.0},{"not_picked":["Fiend Fire","Heavy Blade"],"picked":"Shrug It Off","floor":37.0},{"not_picked":["Hemokinesis","Twin Strike+1"],"picked":"Ghostly Armor+1","floor":37.0},{"not_picked":["Sentinel","Clothesline+1"],"picked":"Warcry","floor":38.0},{"not_picked":["Heavy Blade+1","Sentinel","Clothesline+1"],"picked":"SKIP","floor":38.0}],"player_experience":597960,"relics_obtained":[{"floor":7.0,"key":"Prayer Wheel"},{"floor":9.0,"key":"Paper Frog"},{"floor":26.0,"key":"Lantern"}],"event_choices":[{"damage_healed":0.0,"max_hp_gain":5.0,"max_hp_loss":0.0,"gold_gain":0.0,"event_name":"Big Fish","player_choice":"Donut","floor":2.0,"gold_loss":0.0,"damage_taken":0.0},{"damage_healed":0.0,"max_hp_gain":0.0,"max_hp_loss":0.0,"gold_gain":0.0,"event_name":"Liars Game","player_choice":"Ignored","floor":3.0,"gold_loss":0.0,"damage_taken":0.0},{"cards_removed":["Strike_R"],"damage_healed":0.0,"max_hp_gain":0.0,"max_hp_loss":0.0,"gold_gain":0.0,"event_name":"Bonfire Elementals","player_choice":"Offered Basic","floor":4.0,"gold_loss":0.0,"damage_taken":0.0},{"damage_healed":0.0,"max_hp_gain":0.0,"max_hp_loss":0.0,"gold_gain":0.0,"event_name":"Colosseum","player_choice":"Fight","floor":19.0,"gold_loss":0.0,"damage_taken":0.0},{"damage_healed":0.0,"max_hp_gain":0.0,"max_hp_loss":0.0,"gold_gain":0.0,"event_name":"Colosseum","player_choice":"Fled From Nobs","floor":19.0,"gold_loss":0.0,"damage_taken":0.0},{"damage_healed":0.0,"max_hp_gain":0.0,"max_hp_loss":0.0,"gold_gain":0.0,"event_name":"Masked Bandits","player_choice":"Paid Fearfully","floor":21.0,"gold_loss":13.0,"damage_taken":0.0},{"damage_healed":0.0,"max_hp_gain":0.0,"max_hp_loss":0.0,"gold_gain":0.0,"event_name":"Ghosts","player_choice":"Ignored","floor":30.0,"gold_loss":0.0,"damage_taken":0.0},{"damage_healed":0.0,"max_hp_gain":0.0,"max_hp_loss":0.0,"gold_gain":50.0,"event_name":"Nest","player_choice":"Stole From Cult","floor":31.0,"gold_loss":0.0,"damage_taken":0.0}],"is_beta":false,"boss_relics":[{"not_picked":["Runic Cube","Runic Dome"],"picked":"Sozu"},{"not_picked":["Snecko Eye","Tiny House"],"picked":"Orrery"}],"items_purged_floors":[8],"is_endless":false,"potions_floor_spawned":[5,7,18,24,28,37],"killed_by":"Writhing Mass","ascension_level":20}