{"gold_per_floor":[111,130,149,73,92,92,105,105,130,144,176,186,201,10,10,107,107,123,133,133,152,74,108,108,138,206,233,233,252,252,271,271,376,376,395,258,358,138,155,183,183,183,206,206,233,233,253,303,303,303],"floor_reached":51,"playtime":6450,"items_purged":["Strike_G","Strike_G","Strike_G"],"score":871,"play_id":"64da40cd-f3ba-4aaf-90b6-9e96e7c050dc","local_time":"20190518185722","is_ascension_mode":true,"campfire_choices":[{"data":"Well Laid Plans","floor":6.0,"key":"SMITH"},{"data":"Accuracy","floor":8.0,"key":"SMITH"},{"data":"Footwork","floor":15.0,"key":"SMITH"},{"data":"Blade Dance","floor":24.0,"key":"SMITH"},{"floor":28.0,"key":"REST"},{"data":"Footwork","floor":30.0,"key":"SMITH"},{"floor":32.0,"key":"REST"},{"data":"Terror","floor":41,"key":"SMITH"},{"data":"Storm of Steel","floor":44,"key":"SMITH"},{"data":"Dodge and Roll","floor":46,"key":"SMITH"},{"floor":49,"key":"REST"}],"neow_cost":"NONE","seed_source_timestamp":0,"circlet_count":0,"master_deck":["Defend_G","Defend_G","Defend_G","Defend_G","Defend_G","Survivor","Cloak And Dagger+1","Accuracy+1","Well Laid Plans+1","Accuracy","Dodge and Roll+1","Blade Dance+1","Blur","Footwork+1","Terror+1","Caltrops","After Image","Backflip","Accuracy","Corpse Explosion","Footwork+1","After Image","Blade Dance+1","Prepared+1","Panacea","Blind","Escape Plan","Storm of Steel+1","After Image"],"special_seed":0,"relics":["Ring of the Snake","NeowsBlessing","Centennial Puzzle","Anchor","Empty Cage","Smiling Mask","Shuriken","Bag of Preparation","Orrery","Thread and Needle","Pear","Potion Belt","Bottled Tornado","Gambling Chip"],"potions_floor_usage":[40,48,50],"damage_taken":[{"damage":0.0,"enemies":"Cultist","floor":1.0,"turns":1.0},{"damage":0.0,"enemies":"Jaw Worm","floor":2.0,"turns":1.0},{"damage":0.0,"enemies":"2 Louse","floor":3.0,"turns":1.0},{"damage":10.0,"enemies":"Looter","floor":5.0,"turns":5.0},{"damage":4.0,"enemies":"2 Fungi Beasts","floor":7.0,"turns":5.0},{"damage":1.0,"enemies":"Blue Slaver","floor":10.0,"turns":3.0},{"damage":5.0,"enemies":"3 Sentries","floor":11.0,"turns":11.0},{"damage":8.0,"enemies":"Large Slime","floor":12.0,"turns":5.0},{"damage":0.0,"enemies":"Red Slaver","floor":13.0,"turns":5.0},{"damage":1.0,"enemies":"The Guardian","floor":16.0,"turns":10.0},{"damage":0.0,"enemies":"Spheric Guardian","floor":18.0,"turns":7.0},{"damage":15.0,"enemies":"3 Byrds","floor":19.0,"turns":6.0},{"damage":0.0,"enemies":"Snecko","floor":21.0,"turns":6.0},{"damage":5.0,"enemies":"Gremlin Leader","floor":23.0,"turns":7.0},{"damage":29.0,"enemies":"Slavers","floor":25.0,"turns":5.0},{"damage":14.0,"enemies":"Gremlin Leader","floor":27.0,"turns":7.0},{"damage":5.0,"enemies":"Snake Plant","floor":29.0,"turns":5.0},{"damage":3.0,"enemies":"Shelled Parasite and Fungi","floor":31.0,"turns":5.0},{"damage":1.0,"enemies":"Automaton","floor":33.0,"turns":8.0},{"damage":0.0,"enemies":"3 Shapes","floor":35.0,"turns":14.0},{"damage":1.0,"enemies":"Mind Bloom Boss Battle","floor":37.0,"turns":8.0},{"damage":0.0,"enemies":"Orb Walker","floor":39.0,"turns":5.0},{"damage":0,"enemies":"Nemesis","floor":40,"turns":7},{"damage":0,"enemies":"Giant Head","floor":45,"turns":8},{"damage":3,"enemies":"4 Shapes","floor":47,"turns":5},{"damage":41,"enemies":"2 Orb Walkers","floor":48,"turns":10},{"damage":8,"enemies":"Donu and Deca","floor":50,"turns":13}],"seed_played":"5903218035290911712","potions_obtained":[{"floor":2.0,"key":"SpeedPotion"},{"floor":5.0,"key":"SpeedPotion"},{"floor":13.0,"key":"Regen Potion"},{"floor":16.0,"key":"GhostInAJar"},{"floor":23.0,"key":"Dexterity Potion"},{"floor":29.0,"key":"FearPotion"},{"floor":31.0,"key":"FearPotion"},{"floor":33.0,"key":"Fire Potion"},{"floor":35.0,"key":"EssenceOfSteel"},{"floor":37.0,"key":"Block Potion"},{"floor":47,"key":"Energy Potion"}],"is_trial":false,"path_per_floor":["M","M","M","$","M","R","M","R","T","M","E","M","M","$","R","B",null,"M","M","?","M","$","E","R","E","T","E","R","M","R","M","R","B",null,"M","$","?","$","M","E","R","?","T","R","E","R","M","?","R","B",null],"character_chosen":"THE_SILENT","items_purchased":["Accuracy","Terror","Caltrops","Accuracy","Panacea","GhostInAJar","Blind"],"campfire_rested":3,"item_purchase_floors":[4,14,14,22,36,38,38],"current_hp_per_floor":[70,70,70,70,60,60,56,56,56,55,50,42,42,42,42,41,70,70,55,55,55,55,65,65,36,36,22,43,38,38,35,56,55,70,70,70,69,69,69,79,79,79,79,79,79,79,76,35,59,51],"gold":303,"neow_bonus":"THREE_ENEMY_KILL","is_prod":false,"is_daily":false,"chose_seed":false,"campfire_upgraded":8,"win_rate":0,"timestamp":1558198642,"path_taken":["M","M","M","$","M","R","M","R","T","?","E","M","M","$","R","BOSS","M","M","?","M","$","E","R","E","T","E","R","M","R","M","R","BOSS","M","?","?","$","M","E","R","?","T","R","E","R","M","?","R","BOSS"],"build_version":"2019-01-23","purchased_purges":3,"victory":true,"max_hp_per_floor":[70,70,70,70,70,70,70,70,70,70,70,70,70,70,70,70,70,70,70,70,70,70,70,70,70,70,70,70,70,70,70,70,70,70,70,70,70,70,70,80,80,80,80,80,80,80,80,80,80,80],"card_choices":[{"not_picked":["Bane","All Out Attack"],"picked":"Cloak And Dagger","floor":1.0},{"not_picked":["Dagger Spray","Reflex"],"picked":"Accuracy","floor":2.0},{"not_picked":["Dagger Spray","Prepared"],"picked":"Well Laid Plans","floor":3.0},{"not_picked":["Dagger Throw","Deflect"],"picked":"Dodge and Roll","floor":5.0},{"not_picked":["Deflect","Poisoned Stab"],"picked":"Blade Dance","floor":7.0},{"not_picked":["Flying Knee","Crippling Poison","Catalyst"],"picked":"SKIP","floor":10.0},{"not_picked":["Underhanded Strike","Distraction","Poisoned Stab"],"picked":"SKIP","floor":11.0},{"not_picked":["Masterful Stab","Dagger Throw"],"picked":"Blur","floor":12.0},{"not_picked":["Eviscerate","Slice"],"picked":"Footwork","floor":13.0},{"not_picked":["Tools of the Trade","Phantasmal Killer"],"picked":"After Image","floor":16.0},{"not_picked":["Dagger Throw","PiercingWail"],"picked":"Backflip","floor":18.0},{"not_picked":["Prepared","Catalyst+1","Distraction"],"picked":"SKIP","floor":19.0},{"not_picked":["Slice","Dagger Throw+1","Acrobatics"],"picked":"SKIP","floor":21.0},{"not_picked":["Outmaneuver","Underhanded Strike"],"picked":"Corpse Explosion","floor":23.0},{"not_picked":["Deflect+1","Backflip"],"picked":"Footwork","floor":25.0},{"not_picked":["Bouncing Flask","Wraith Form v2","Acrobatics"],"picked":"SKIP","floor":27.0},{"not_picked":["Underhanded Strike","Poisoned Stab","Flechettes"],"picked":"SKIP","floor":29.0},{"not_picked":["A Thousand Cuts","Sucker Punch","Poisoned Stab+1"],"picked":"SKIP","floor":31.0},{"not_picked":["A Thousand Cuts","Grand Finale"],"picked":"After Image","floor":33.0},{"not_picked":["Outmaneuver","Acrobatics+1"],"picked":"Blade Dance+1","floor":34.0},{"not_picked":["Bouncing Flask","Endless Agony"],"picked":"Prepared+1","floor":34.0},{"not_picked":["Dagger Throw","Outmaneuver+1","Dodge and Roll"],"picked":"SKIP","floor":35.0},{"not_picked":["Dagger Spray","Reflex"],"picked":"Escape Plan","floor":39.0},{"not_picked":["Slice","Flying Knee+1"],"picked":"Storm of Steel","floor":40},{"not_picked":["Terror+1","Poisoned Stab","Underhanded Strike"],"picked":"SKIP","floor":45},{"not_picked":["Concentrate","Deflect"],"picked":"After Image","floor":47}],"player_experience":321475,"relics_obtained":[{"floor":9.0,"key":"Centennial Puzzle"},{"floor":11.0,"key":"Anchor"},{"floor":23.0,"key":"Smiling Mask"},{"floor":26.0,"key":"Shuriken"},{"floor":27.0,"key":"Bag of Preparation"},{"floor":37.0,"key":"Thread and Needle"},{"floor":40,"key":"Pear"},{"floor":43,"key":"Potion Belt"},{"floor":45,"key":"Bottled Tornado"},{"floor":48,"key":"Gambling Chip"}],"event_choices":[{"damage_healed":0.0,"max_hp_gain":0.0,"max_hp_loss":0.0,"gold_gain":0.0,"event_name":"Accursed Blacksmith","player_choice":"Forge","floor":20.0,"gold_loss":0.0,"damage_taken":0.0,"cards_upgraded":["Cloak And Dagger"]},{"damage_healed":0.0,"max_hp_gain":0.0,"max_hp_loss":0.0,"gold_gain":0.0,"event_name":"MindBloom","player_choice":"Fight","floor":37.0,"gold_loss":0.0,"damage_taken":0.0},{"cards_removed":["Neutralize"],"damage_healed":0,"gold_gain":0,"player_choice":"Removed Attack","damage_taken":0,"max_hp_gain":0,"max_hp_loss":0,"event_name":"Falling","floor":42,"gold_loss":0},{"damage_healed":0,"gold_gain":0,"player_choice":"Fight","damage_taken":0,"max_hp_gain":0,"max_hp_loss":0,"event_name":"Mysterious Sphere","floor":48,"gold_loss":0}],"is_beta":false,"boss_relics":[{"not_picked":["Calling Bell","Ectoplasm"],"picked":"Empty Cage"},{"not_picked":["Runic Dome","Sozu"],"picked":"Orrery"}],"items_purged_floors":[14,36,38],"is_endless":false,"potions_floor_spawned":[2,5,13,16,19,23,29,31,33,35,37,47],"ascension_level":2}