{"gold_per_floor":[114,130,130,148,98,98,127,147,147,147,147,147,174,174,174,174],"floor_reached":16,"playtime":729,"items_purged":[],"score":162,"play_id":"534832a2-bab0-42d2-b7bd-6ef934ccb600","local_time":"20190225220837","is_ascension_mode":true,"campfire_choices":[{"data":"White Noise","floor":6,"key":"SMITH"},{"floor":10,"key":"REST"},{"floor":12,"key":"REST"},{"floor":15,"key":"REST"}],"neow_cost":"TEN_PERCENT_HP_LOSS","seed_source_timestamp":26732337434715,"circlet_count":0,"master_deck":["AscendersBane","Strike_B","Strike_B","Defend_B","Defend_B","Defend_B","Defend_B","Zap","Dualcast","Swift Strike","Forethought","Go for the Eyes","Ball Lightning","White Noise+1","Gash","Self Repair","Conserve Battery"],"relics":["Cracked Core","Question Card","Ginger","Calipers"],"potions_floor_usage":[7,16],"damage_taken":[{"damage":7,"enemies":"Jaw Worm","floor":1,"turns":2},{"damage":1,"enemies":"2 Louse","floor":2,"turns":3},{"damage":2,"enemies":"Small Slimes","floor":4,"turns":3},{"damage":27,"enemies":"3 Sentries","floor":7,"turns":7},{"damage":21,"enemies":"Exordium Wildlife","floor":8,"turns":4},{"damage":30,"enemies":"Lagavulin","floor":13,"turns":5},{"damage":70,"enemies":"Hexaghost","floor":16,"turns":11}],"seed_played":"2567211313612091751","potions_obtained":[{"floor":4,"key":"Dexterity Potion"},{"floor":8,"key":"SteroidPotion"}],"is_trial":false,"path_per_floor":["M","M","?","M","?","R","E","M","T","R","?","R","E","?","R","B"],"character_chosen":"DEFECT","items_purchased":[],"campfire_rested":3,"item_purchase_floors":[],"current_hp_per_floor":[61,60,60,58,58,58,31,10,10,30,52,68,45,45,65,0],"gold":174,"neow_bonus":"RANDOM_COLORLESS_2","is_prod":false,"is_daily":false,"chose_seed":false,"campfire_upgraded":1,"win_rate":0,"timestamp":1551125317,"path_taken":["M","M","?","M","?","R","E","M","T","R","?","R","E","?","R","BOSS"],"build_version":"2019-01-23","purchased_purges":0,"victory":false,"max_hp_per_floor":[68,68,68,68,68,68,68,68,68,68,68,68,68,68,68,68],"card_choices":[{"not_picked":["Stack","Lockon"],"picked":"Go for the Eyes","floor":1},{"not_picked":["Barrage","Coolheaded"],"picked":"Ball Lightning","floor":2},{"not_picked":["Lockon","Steam Power"],"picked":"White Noise","floor":4},{"not_picked":["Compile Driver","Turbo"],"picked":"Gash","floor":7},{"not_picked":["Streamline","Turbo","Rebound"],"picked":"Self Repair","floor":8},{"not_picked":["Hyperbeam","Darkness","Compile Driver"],"picked":"Conserve Battery","floor":13}],"player_experience":678370,"relics_obtained":[{"floor":7,"key":"Question Card"},{"floor":9,"key":"Ginger"},{"floor":13,"key":"Calipers"}],"event_choices":[{"damage_healed":0,"gold_gain":0,"player_choice":"Ignored","damage_taken":0,"max_hp_gain":0,"max_hp_loss":0,"event_name":"Liars Game","floor":3,"gold_loss":0},{"cards_removed":["Strike_B"],"damage_healed":0,"gold_gain":0,"player_choice":"Card Removal","damage_taken":0,"max_hp_gain":0,"max_hp_loss":0,"event_name":"The Cleric","floor":5,"gold_loss":50},{"damage_healed":22,"gold_gain":0,"player_choice":"Banana","damage_taken":0,"max_hp_gain":0,"max_hp_loss":0,"event_name":"Big Fish","floor":11,"gold_loss":0},{"cards_removed":["Strike_B"],"damage_healed":0,"gold_gain":0,"player_choice":"Forget","damage_taken":0,"max_hp_gain":0,"max_hp_loss":0,"event_name":"Living Wall","floor":14,"gold_loss":0}],"is_beta":false,"boss_relics":[],"items_purged_floors":[],"is_endless":false,"potions_floor_spawned":[4,8],"killed_by":"Hexaghost","ascension_level":10}