{"gold_per_floor":[111,126,70,70,86,86,111,111,111,111,124,124,168,182,182,280,280,299,135,185,158,174,174,174,174,251,251,265,265,304,88,88,187,187,206,222,222,122,172,172,208,208,235,255,280,280,321,283,295,307],"floor_reached":51,"playtime":2484,"items_purged":["Strike_G","Parasite"],"score":1356,"play_id":"c4c488ef-2149-41f0-8c76-3751a5ca508d","local_time":"20190420114942","is_ascension_mode":true,"campfire_choices":[{"data":"Skewer","floor":6,"key":"SMITH"},{"data":"Cloak And Dagger","floor":12,"key":"SMITH"},{"floor":15,"key":"REST"},{"floor":23,"key":"REST"},{"data":"Footwork","floor":29,"key":"SMITH"},{"floor":32,"key":"REST"},{"data":"Neutralize","floor":40,"key":"SMITH"},{"floor":42,"key":"REST"},{"floor":49,"key":"REST"}],"neow_cost":"NONE","seed_source_timestamp":515053070695741,"circlet_count":0,"master_deck":["AscendersBane","Defend_G+1","Defend_G+1","Defend_G+1","Defend_G+1","Defend_G+1","Strike_G+1","Strike_G+1","Survivor","Neutralize+1","Skewer+1","Cloak And Dagger+1","Footwork+1","Glass Knife","Dagger Spray","Infinite Blades","Well Laid Plans+1","PiercingWail+1","Terror","Backflip","Choke+1","Backflip+1","Blur","Leg Sweep","Doubt"],"relics":["Ring of the Snake","NeowsBlessing","Shuriken","Darkstone Periapt","Golden Idol","Boot","Runic Dome","Mercury Hourglass","MutagenicStrength","Ancient Tea Set","Black Star","Dead Branch","Molten Egg 2","Bag of Preparation","MawBank","Regal Pillow"],"potions_floor_usage":[16,22,22,41,50],"damage_taken":[{"damage":0,"enemies":"Jaw Worm","floor":1,"turns":1},{"damage":0,"enemies":"Cultist","floor":2,"turns":1},{"damage":8,"enemies":"2 Louse","floor":5,"turns":2},{"damage":35,"enemies":"3 Sentries","floor":7,"turns":14},{"damage":1,"enemies":"Looter","floor":11,"turns":3},{"damage":8,"enemies":"Lagavulin","floor":13,"turns":8},{"damage":0,"enemies":"2 Fungi Beasts","floor":14,"turns":3},{"damage":25,"enemies":"Slime Boss","floor":16,"turns":8},{"damage":11,"enemies":"Spheric Guardian","floor":18,"turns":4},{"damage":8,"enemies":"2 Thieves","floor":21,"turns":4},{"damage":22,"enemies":"Snake Plant","floor":22,"turns":5},{"damage":3,"enemies":"Centurion and Healer","floor":28,"turns":7},{"damage":13,"enemies":"Slavers","floor":30,"turns":5},{"damage":11,"enemies":"Champ","floor":33,"turns":14},{"damage":0,"enemies":"Orb Walker","floor":35,"turns":4},{"damage":9,"enemies":"3 Shapes","floor":36,"turns":5},{"damage":21,"enemies":"Giant Head","floor":41,"turns":7},{"damage":9,"enemies":"Spire Growth","floor":44,"turns":5},{"damage":15,"enemies":"Sphere and 2 Shapes","floor":45,"turns":4},{"damage":34,"enemies":"Reptomancer","floor":47,"turns":8},{"damage":43,"enemies":"Donu and Deca","floor":50,"turns":8}],"seed_played":"4297438977223343122","potions_obtained":[{"floor":7,"key":"Block Potion"},{"floor":13,"key":"Strength Potion"},{"floor":16,"key":"AttackPotion"},{"floor":33,"key":"Swift Potion"},{"floor":35,"key":"PowerPotion"},{"floor":41,"key":"AttackPotion"},{"floor":44,"key":"SteroidPotion"}],"is_trial":false,"path_per_floor":["M","M","$","?","M","R","E","?","T","?","M","R","E","M","R","B",null,"M","$","?","M","M","R","?","?","T","?","M","R","E","$","R","B",null,"M","M","?","$","?","R","E","R","T","M","M","?","E","?","R","B",null],"character_chosen":"THE_SILENT","items_purchased":["Cloak And Dagger","Well Laid Plans","Terror","GhostInAJar","Backflip"],"campfire_rested":5,"item_purchase_floors":[3,19,31,31,31],"current_hp_per_floor":[59,59,59,59,51,51,16,32,32,32,31,31,23,23,41,16,49,38,38,38,30,8,26,38,38,38,38,35,35,22,22,40,29,52,52,43,43,43,43,43,22,39,39,30,15,63,29,29,62,19],"gold":319,"neow_bonus":"THREE_ENEMY_KILL","is_prod":false,"is_daily":false,"chose_seed":false,"campfire_upgraded":4,"win_rate":0,"timestamp":1555775382,"path_taken":["M","M","$","?","?","R","E","?","T","?","M","R","E","M","R","BOSS","M","$","?","M","M","R","?","?","T","?","M","R","E","$","R","BOSS","M","M","?","$","?","R","E","R","T","M","?","?","E","?","R","BOSS"],"build_version":"2019-01-23","purchased_purges":2,"victory":true,"max_hp_per_floor":[66,66,66,66,66,66,66,66,66,60,60,60,60,60,60,60,60,60,60,60,60,60,60,60,60,60,60,60,60,60,60,60,60,60,60,60,60,57,57,57,57,57,57,57,57,63,63,63,63,63],"card_choices":[{"not_picked":["Blade Dance","PiercingWail","Acrobatics"],"picked":"SKIP","floor":1},{"not_picked":["Prepared","Masterful Stab"],"picked":"Skewer","floor":2},{"not_picked":["Distraction","Masterful Stab"],"picked":"Footwork","floor":5},{"not_picked":["Quick Slash","Underhanded Strike"],"picked":"Glass Knife","floor":7},{"not_picked":["Prepared","Sucker Punch","Bouncing Flask"],"picked":"SKIP","floor":11},{"not_picked":["Backflip","Flying Knee"],"picked":"Dagger Spray","floor":13},{"not_picked":["Night Terror","Accuracy"],"picked":"Infinite Blades","floor":14},{"not_picked":["Flying Knee","Tactician","Deadly Poison"],"picked":"SKIP","floor":18},{"not_picked":["Expertise","Prepared","Flying Knee"],"picked":"SKIP","floor":21},{"not_picked":["Infinite Blades","Bullet Time"],"picked":"PiercingWail+1","floor":22},{"not_picked":["Footwork","Poisoned Stab","Underhanded Strike"],"picked":"SKIP","floor":28},{"not_picked":["Dagger Throw","Flying Knee","Underhanded Strike"],"picked":"SKIP","floor":30},{"not_picked":["Dagger Throw","Dagger Spray"],"picked":"Choke+1","floor":35},{"not_picked":["Catalyst+1","Bane"],"picked":"Backflip+1","floor":36},{"not_picked":["Dagger Spray+1","Underhanded Strike"],"picked":"Blur","floor":41},{"not_picked":["Bane+1","Bullet Time","Distraction"],"picked":"SKIP","floor":44},{"not_picked":["Bane+1","Terror+1"],"picked":"Leg Sweep","floor":45},{"not_picked":["Bane+1","Eviscerate+1","Skewer+1"],"picked":"SKIP","floor":47}],"player_experience":580803,"relics_obtained":[{"floor":7,"key":"Shuriken"},{"floor":9,"key":"Darkstone Periapt"},{"floor":13,"key":"Boot"},{"floor":26,"key":"Mercury Hourglass"},{"floor":30,"key":"Ancient Tea Set"},{"floor":41,"key":"Dead Branch"},{"floor":41,"key":"Molten Egg 2"},{"floor":43,"key":"Bag of Preparation"},{"floor":47,"key":"MawBank"},{"floor":47,"key":"Regal Pillow"}],"event_choices":[{"cards_removed":["Strike_G"],"damage_healed":0,"gold_gain":0,"player_choice":"Offered Basic","damage_taken":0,"max_hp_gain":0,"max_hp_loss":0,"event_name":"Bonfire Elementals","floor":4,"gold_loss":0},{"damage_healed":16,"gold_gain":0,"player_choice":"Healed and dodged fight","damage_taken":0,"max_hp_gain":0,"max_hp_loss":0,"event_name":"Mushrooms","floor":8,"gold_loss":0,"cards_obtained":["Parasite"]},{"damage_healed":0,"gold_gain":0,"player_choice":"Lose Max HP","damage_taken":0,"relics_obtained":["Golden Idol"],"max_hp_gain":0,"max_hp_loss":6,"event_name":"Golden Idol","floor":10,"gold_loss":0},{"damage_healed":0,"gold_gain":50,"player_choice":"Stole From Cult","damage_taken":0,"max_hp_gain":0,"max_hp_loss":0,"event_name":"Nest","floor":20,"gold_loss":0},{"damage_healed":12,"gold_gain":0,"player_choice":"Heal","damage_taken":0,"max_hp_gain":0,"max_hp_loss":0,"event_name":"The Library","floor":24,"gold_loss":0},{"damage_healed":0,"gold_gain":0,"player_choice":"Simplicity","damage_taken":0,"max_hp_gain":0,"max_hp_loss":0,"event_name":"Back to Basics","floor":25,"gold_loss":0,"cards_upgraded":["Defend_G","Defend_G","Defend_G","Defend_G","Defend_G","Strike_G","Strike_G","Strike_G"]},{"damage_healed":0,"gold_gain":0,"player_choice":"Inject Mutagens","damage_taken":0,"relics_obtained":["MutagenicStrength"],"max_hp_gain":0,"max_hp_loss":0,"event_name":"Drug Dealer","floor":27,"gold_loss":0},{"cards_removed":["Strike_G"],"damage_healed":0,"gold_gain":0,"player_choice":"Removed Attack","damage_taken":0,"max_hp_gain":0,"max_hp_loss":0,"event_name":"Falling","floor":37,"gold_loss":0},{"damage_healed":0,"gold_gain":50,"player_choice":"Pray","damage_taken":0,"max_hp_gain":0,"max_hp_loss":0,"event_name":"Golden Shrine","floor":39,"gold_loss":0},{"damage_healed":42,"gold_gain":0,"player_choice":"Heal","damage_taken":0,"max_hp_gain":0,"max_hp_loss":0,"event_name":"MindBloom","floor":46,"gold_loss":0,"cards_obtained":["Doubt"]},{"damage_healed":0,"gold_gain":0,"player_choice":"Upgrade","damage_taken":0,"max_hp_gain":0,"max_hp_loss":0,"event_name":"Designer","floor":48,"gold_loss":50,"cards_upgraded":["Well Laid Plans"]}],"is_beta":false,"boss_relics":[{"not_picked":["Eternal Feather","Velvet Choker"],"picked":"Runic Dome"},{"not_picked":["HoveringKite","Fusion Hammer"],"picked":"Black Star"}],"items_purged_floors":[19,38],"is_endless":false,"potions_floor_spawned":[7,13,16,33,35,41,44],"ascension_level":17}