{"gold_per_floor":[362,362,177,177,194,194,205,216,216,39,39,72,92,105,105,177,177,192,0,20,20,20],"floor_reached":22,"playtime":1267,"items_purged":["Writhe","Strike_B"],"score":344,"play_id":"a0e35b92-e2d9-4e6f-af68-7edac36f79a3","local_time":"20190324191356","is_ascension_mode":true,"campfire_choices":[{"data":"Streamline","floor":6,"key":"SMITH"},{"floor":11,"key":"REST"},{"floor":15,"key":"REST"}],"neow_cost":"CURSE","seed_source_timestamp":286456789194240,"circlet_count":0,"master_deck":["AscendersBane","Strike_B","Defend_B","Defend_B","Defend_B","Defend_B","Zap","Dualcast","Defragment","Streamline+1","Leap","Leap","Streamline","Beam Cell","Echo Form","Self Repair","Leap","Machine Learning","Static Discharge"],"special_seed":0,"relics":["Cracked Core","Gambling Chip","Emotion Chip","Inserter"],"potions_floor_usage":[13,16,16],"damage_taken":[{"damage":12.0,"enemies":"Jaw Worm","floor":1.0,"turns":2.0},{"damage":0,"enemies":"2 Louse","floor":5,"turns":2},{"damage":6,"enemies":"Cultist","floor":7,"turns":3},{"damage":15,"enemies":"Large Slime","floor":8,"turns":6},{"damage":7,"enemies":"Lagavulin","floor":12,"turns":6},{"damage":0,"enemies":"2 Fungi Beasts","floor":13,"turns":2},{"damage":4,"enemies":"Red Slaver","floor":14,"turns":5},{"damage":31,"enemies":"Hexaghost","floor":16,"turns":9},{"damage":34,"enemies":"3 Byrds","floor":18,"turns":7},{"damage":35,"enemies":"Shell Parasite","floor":20,"turns":6},{"damage":24,"enemies":"3 Cultists","floor":22,"turns":3}],"seed_played":"-2143859356703445192","potions_obtained":[{"floor":5,"key":"Explosive Potion"},{"floor":8,"key":"Strength Potion"},{"floor":13,"key":"FocusPotion"},{"floor":20,"key":"Fire Potion"}],"is_trial":false,"path_per_floor":["M","?","$","?","M","R","M","M","T","$","R","E","M","M","R","B",null,"M","?","M","?","M"],"character_chosen":"DEFECT","items_purchased":["Streamline","Leap","Echo Form"],"campfire_rested":2,"item_purchase_floors":[3,3,10],"current_hp_per_floor":[52,52,52,52,52,52,46,31,31,31,52,45,45,48,69,52,66,39,39,18,18,0],"gold":20,"neow_bonus":"TWO_FIFTY_GOLD","is_prod":false,"is_daily":false,"chose_seed":false,"campfire_upgraded":1,"win_rate":0,"timestamp":1553447636,"path_taken":["M","?","$","?","M","R","M","M","T","$","R","E","?","M","R","BOSS","M","?","M","?","?"],"build_version":"2019-01-23","purchased_purges":2,"victory":false,"max_hp_per_floor":[71,71,71,71,71,71,71,71,71,71,71,71,71,71,71,71,71,71,71,71,71,71],"card_choices":[{"not_picked":["Hologram","Leap"],"picked":"Defragment","floor":1.0},{"not_picked":["Rip and Tear","Stack"],"picked":"Leap","floor":5},{"not_picked":["Cold Snap","Scrape"],"picked":"Streamline","floor":7},{"not_picked":["Steam","Melter"],"picked":"Beam Cell","floor":8},{"not_picked":["Rebound","Genetic Algorithm"],"picked":"Self Repair","floor":12},{"not_picked":["Compile Driver","Cold Snap"],"picked":"Leap","floor":13},{"not_picked":["Compile Driver","Sweeping Beam","Beam Cell"],"picked":"SKIP","floor":14},{"not_picked":["Echo Form","Thunder Strike"],"picked":"Machine Learning","floor":16},{"not_picked":["Stack","Rebound+1"],"picked":"Static Discharge","floor":18},{"not_picked":["Ball Lightning","Steam Power","Hologram"],"picked":"SKIP","floor":20}],"player_experience":770251,"relics_obtained":[{"floor":9,"key":"Gambling Chip"},{"floor":12,"key":"Emotion Chip"}],"event_choices":[{"damage_healed":0,"gold_gain":0,"player_choice":"Fled","damage_taken":0,"max_hp_gain":0,"max_hp_loss":0,"event_name":"Scrap Ooze","floor":2,"gold_loss":0},{"cards_removed":["Strike_B"],"damage_healed":0,"gold_gain":0,"player_choice":"Purged","damage_taken":0,"max_hp_gain":0,"max_hp_loss":0,"event_name":"Purifier","floor":4,"gold_loss":0},{"damage_healed":0,"gold_gain":0,"player_choice":"Paid Fearfully","damage_taken":0,"max_hp_gain":0,"max_hp_loss":0,"event_name":"Masked Bandits","floor":19,"gold_loss":192},{"cards_removed":["Strike_B"],"damage_healed":0,"gold_gain":0,"player_choice":"Purged","damage_taken":0,"max_hp_gain":0,"max_hp_loss":0,"event_name":"Purifier","floor":21,"gold_loss":0}],"is_beta":false,"boss_relics":[{"not_picked":["Eternal Feather","Calling Bell"],"picked":"Inserter"}],"items_purged_floors":[3,10],"is_endless":false,"potions_floor_spawned":[5,8,12,13,20],"killed_by":"3 Cultists","ascension_level":17}