{"gold_per_floor":[15,27,27,0,19,19,53,53,107,120,139,149,149,166,166,166],"floor_reached":16,"playtime":827,"items_purged":[],"score":203,"play_id":"30acf1c1-c449-4b67-8dde-04ff68309a68","local_time":"20190211181800","is_ascension_mode":true,"campfire_choices":[{"data":"Wild Strike","floor":6,"key":"SMITH"},{"floor":8,"key":"REST"},{"floor":15,"key":"REST"}],"neow_cost":"NO_GOLD","seed_source_timestamp":412186214227045,"circlet_count":0,"master_deck":["AscendersBane","Strike_R","Strike_R","Strike_R","Strike_R","Strike_R","Defend_R","Defend_R","Defend_R","Defend_R","Bash","Wild Strike+1","Feel No Pain","Cleave","Shockwave","Metallicize","Clothesline","Wild Strike"],"relics":["Burning Blood","Vajra","Red Skull"],"potions_floor_usage":[11,14],"damage_taken":[{"damage":7,"enemies":"Cultist","floor":1,"turns":4},{"damage":8,"enemies":"2 Louse","floor":2,"turns":3},{"damage":2,"enemies":"Jaw Worm","floor":5,"turns":4},{"damage":32,"enemies":"Gremlin Nob","floor":7,"turns":4},{"damage":17,"enemies":"Large Slime","floor":10,"turns":5},{"damage":0,"enemies":"3 Louse","floor":11,"turns":3},{"damage":11,"enemies":"2 Fungi Beasts","floor":12,"turns":4},{"damage":1,"enemies":"Exordium Thugs","floor":14,"turns":3},{"damage":95,"enemies":"Hexaghost","floor":16,"turns":11}],"seed_played":"-2776054094008187550","potions_obtained":[{"floor":10,"key":"Block Potion"},{"floor":12,"key":"AttackPotion"},{"floor":14,"key":"FearPotion"}],"is_trial":false,"path_per_floor":["M","M","$","?","M","R","E","R","T","M","M","M","?","M","R","B"],"character_chosen":"IRONCLAD","items_purchased":[],"campfire_rested":2,"item_purchase_floors":[],"current_hp_per_floor":[81,79,79,79,83,83,57,83,83,72,78,73,73,78,89,0],"gold":166,"neow_bonus":"TWENTY_PERCENT_HP_BONUS","is_prod":false,"is_daily":false,"chose_seed":false,"campfire_upgraded":1,"win_rate":0,"timestamp":1549901880,"path_taken":["M","?","?","?","M","R","E","R","T","M","M","M","?","?","R","BOSS"],"build_version":"2019-01-23","purchased_purges":0,"victory":false,"max_hp_per_floor":[89,89,89,89,89,89,89,89,89,89,89,89,89,89,89,89],"card_choices":[{"not_picked":["Bloodletting","Body Slam"],"picked":"Wild Strike","floor":1},{"not_picked":["Carnage","Perfected Strike"],"picked":"Feel No Pain","floor":2},{"not_picked":["Metallicize","Sword Boomerang"],"picked":"Cleave","floor":5},{"not_picked":["Cleave","Thunderclap"],"picked":"Shockwave","floor":7},{"not_picked":["Pommel Strike","Sword Boomerang"],"picked":"Metallicize","floor":10},{"not_picked":["Anger","Wild Strike","Corruption"],"picked":"SKIP","floor":11},{"not_picked":["Sword Boomerang","Searing Blow"],"picked":"Clothesline","floor":12},{"not_picked":["Clash","Dual Wield"],"picked":"Wild Strike","floor":14}],"player_experience":588109,"relics_obtained":[{"floor":7,"key":"Vajra"},{"floor":9,"key":"Red Skull"}],"event_choices":[{"damage_healed":0,"gold_gain":0,"player_choice":"Left Gold","damage_taken":0,"max_hp_gain":0,"max_hp_loss":0,"event_name":"World of Goop","floor":4,"gold_loss":27},{"damage_healed":0,"gold_gain":0,"player_choice":"Ignored","damage_taken":0,"max_hp_gain":0,"max_hp_loss":0,"event_name":"Liars Game","floor":13,"gold_loss":0}],"is_beta":false,"boss_relics":[],"items_purged_floors":[],"is_endless":false,"potions_floor_spawned":[10,12,14],"killed_by":"Hexaghost","ascension_level":19}