{"gold_per_floor":[113,132,132,132,132,170,10,10,67,67,41,6,6,17,17,121,121,135,152,251,269,26,26],"floor_reached":23,"playtime":2761,"items_purged":["Strike_R","Strike_R"],"score":243,"play_id":"4c13842b-7cf6-46c6-9750-91773023eaf4","local_time":"20190509201803","is_ascension_mode":true,"campfire_choices":[{"floor":8,"key":"REST"},{"data":"Flame Barrier","floor":10,"key":"SMITH"},{"data":"Offering","floor":15,"key":"SMITH"}],"neow_cost":"NONE","seed_source_timestamp":2179606374182887,"circlet_count":0,"master_deck":["Strike_R+1","Strike_R+1","Defend_R","Defend_R","Defend_R","Defend_R","Bash","Shrug It Off","Headbutt+1","True Grit+1","Flame Barrier+1","Bandage Up+1","Warcry","Offering+1","Offering","True Grit+1","Pommel Strike+1","Rampage+1"],"relics":["Black Blood","MawBank","Omamori","Tiny Chest","Whetstone"],"potions_floor_usage":[18,19],"damage_taken":[{"damage":12,"enemies":"Small Slimes","floor":1,"turns":3},{"damage":0,"enemies":"2 Louse","floor":2,"turns":4},{"damage":30,"enemies":"3 Sentries","floor":6,"turns":13},{"damage":0,"enemies":"Jaw Worm","floor":14,"turns":4},{"damage":74,"enemies":"Hexaghost","floor":16,"turns":12},{"damage":26,"enemies":"Shell Parasite","floor":18,"turns":6},{"damage":29,"enemies":"3 Byrds","floor":19,"turns":3},{"damage":43,"enemies":"Shelled Parasite and Fungi","floor":21,"turns":10},{"damage":34,"enemies":"Slavers","floor":23,"turns":3}],"seed_played":"6003150659310335649","potions_obtained":[{"floor":1,"key":"Poison Potion"},{"floor":2,"key":"FearPotion"},{"floor":14,"key":"Energy Potion"},{"floor":18,"key":"SmokeBomb"},{"floor":21,"key":"Swift Potion"}],"is_trial":false,"path_per_floor":["M","M","?","?","?","E","$","R","T","R","$","?","?","M","R","B",null,"M","M","?","M","$","E"],"character_chosen":"IRONCLAD","items_purchased":["Bandage Up","Warcry","Whetstone"],"campfire_rested":1,"item_purchase_floors":[7,11,22],"current_hp_per_floor":[74,80,80,62,55,31,31,57,57,57,57,79,79,88,88,26,73,63,50,50,23,23,0],"gold":26,"neow_bonus":"TEN_PERCENT_HP_BONUS","is_prod":false,"is_daily":false,"chose_seed":false,"campfire_upgraded":2,"win_rate":0,"timestamp":1557447483,"path_taken":["M","M","?","?","?","E","$","R","T","R","?","?","?","M","R","BOSS","M","?","?","M","$","E"],"build_version":"2019-01-23","purchased_purges":2,"victory":false,"max_hp_per_floor":[88,88,88,88,88,88,88,88,88,88,88,88,88,88,88,88,88,88,88,88,88,88,88],"card_choices":[{"not_picked":["Body Slam","Sentinel"],"picked":"Shrug It Off","floor":1},{"not_picked":["Clothesline","Anger"],"picked":"Headbutt","floor":2},{"not_picked":["Armaments","Anger"],"picked":"Flame Barrier","floor":6},{"not_picked":["Clothesline","True Grit"],"picked":"Offering","floor":14},{"not_picked":["Reaper","Feed"],"picked":"Offering","floor":16},{"not_picked":["Heavy Blade","Armaments+1"],"picked":"True Grit+1","floor":18},{"not_picked":["Anger+1","Evolve"],"picked":"Pommel Strike+1","floor":19},{"not_picked":["Seeing Red","Bloodletting"],"picked":"Rampage+1","floor":21}],"player_experience":208590,"relics_obtained":[{"floor":6,"key":"Omamori"},{"floor":9,"key":"Tiny Chest"}],"event_choices":[{"damage_healed":0,"gold_gain":0,"cards_transformed":["Strike_R"],"player_choice":"Change","damage_taken":0,"max_hp_gain":0,"max_hp_loss":0,"event_name":"Living Wall","floor":3,"gold_loss":0,"cards_obtained":["True Grit"]},{"damage_healed":0,"gold_gain":0,"player_choice":"Entered Light","damage_taken":18,"max_hp_gain":0,"max_hp_loss":0,"event_name":"Shining Light","floor":4,"gold_loss":0,"cards_upgraded":["True Grit","Headbutt"]},{"damage_healed":0,"gold_gain":0,"player_choice":"Success","damage_taken":7,"relics_obtained":["MawBank"],"max_hp_gain":0,"max_hp_loss":0,"event_name":"Scrap Ooze","floor":5,"gold_loss":0},{"damage_healed":22,"gold_gain":0,"player_choice":"Healed","damage_taken":0,"max_hp_gain":0,"max_hp_loss":0,"event_name":"The Cleric","floor":12,"gold_loss":35},{"damage_healed":0,"gold_gain":0,"player_choice":"Upgraded","damage_taken":0,"max_hp_gain":0,"max_hp_loss":0,"event_name":"Upgrade Shrine","floor":13,"gold_loss":0,"cards_upgraded":["Bandage Up"]},{"damage_healed":0,"gold_gain":99,"player_choice":"Stole From Cult","damage_taken":0,"max_hp_gain":0,"max_hp_loss":0,"event_name":"Nest","floor":20,"gold_loss":0}],"is_beta":false,"boss_relics":[{"not_picked":["Runic Dome","Snecko Eye"],"picked":"Black Blood"}],"items_purged_floors":[7,22],"is_endless":false,"potions_floor_spawned":[1,2,14,18,21],"killed_by":"Slavers","ascension_level":6}