{"gold_per_floor":[115,115,134,56,56,56,56,56,56,56,71,85,102,112,112,190,190,203,219,219,239,253,253,233,233,233,250,250,263,29,49,49,124,124,136,136,236,151,166,166,177,177,201,57,57,57,68,87,87,87,87],"floor_reached":51,"playtime":5026,"items_purged":["Defend_B","Parasite"],"score":1232,"play_id":"b21a82e7-d2de-450d-b616-d8ee2cc9d905","local_time":"20190501203524","is_ascension_mode":true,"campfire_choices":[{"data":"Zap","floor":6.0,"key":"SMITH"},{"data":"Dualcast","floor":8.0,"key":"SMITH"},{"data":"Self Repair","floor":10.0,"key":"SMITH"},{"data":"Rainbow","floor":15.0,"key":"SMITH"},{"data":"Scrape","floor":23.0,"key":"SMITH"},{"data":"Conserve Battery","floor":25.0,"key":"SMITH"},{"data":"Leap","floor":28.0,"key":"SMITH"},{"data":"Go for the Eyes","floor":32.0,"key":"SMITH"},{"data":"Scrape","floor":40.0,"key":"SMITH"},{"data":"Steam","floor":42.0,"key":"SMITH"},{"floor":49.0,"key":"REST"}],"neow_cost":"NONE","seed_source_timestamp":1807045397708399,"circlet_count":0,"master_deck":["AscendersBane","Zap+1","Dualcast+1","Chill","BootSequence","Leap+1","Conserve Battery+1","Self Repair+1","Scrape+1","Rainbow+1","Electrodynamics","Ball Lightning+1","Auto Shields+1","Steam+1","Coolheaded+1","Machine Learning","Go for the Eyes+1","Steam+1","Scrape+1","All For One+1","FTL+1","Defragment","Madness","Madness"],"special_seed":0,"relics":["Cracked Core","Singing Bowl","Astrolabe","Dodecahedron","Boot","Busted Crown","Emotion Chip","Whetstone"],"potions_floor_usage":[],"damage_taken":[{"damage":0.0,"enemies":"2 Louse","floor":1.0,"turns":1.0},{"damage":0.0,"enemies":"Cultist","floor":3.0,"turns":3.0},{"damage":0.0,"enemies":"Small Slimes","floor":11.0,"turns":5.0},{"damage":0.0,"enemies":"2 Fungi Beasts","floor":12.0,"turns":4.0},{"damage":0.0,"enemies":"Exordium Thugs","floor":13.0,"turns":4.0},{"damage":0.0,"enemies":"Red Slaver","floor":14.0,"turns":3.0},{"damage":36.0,"enemies":"Slime Boss","floor":16.0,"turns":12.0},{"damage":8.0,"enemies":"Chosen","floor":18.0,"turns":5.0},{"damage":6.0,"enemies":"Spheric Guardian","floor":19.0,"turns":4.0},{"damage":1.0,"enemies":"Cultist and Chosen","floor":21.0,"turns":6.0},{"damage":7.0,"enemies":"Snake Plant","floor":22.0,"turns":4.0},{"damage":5.0,"enemies":"Centurion and Healer","floor":27.0,"turns":7.0},{"damage":1.0,"enemies":"Shelled Parasite and Fungi","floor":29.0,"turns":5.0},{"damage":5.0,"enemies":"Snake Plant","floor":31.0,"turns":4.0},{"damage":31.0,"enemies":"Automaton","floor":33.0,"turns":10.0},{"damage":2.0,"enemies":"3 Shapes","floor":35.0,"turns":3.0},{"damage":0.0,"enemies":"Mind Bloom Boss Battle","floor":37.0,"turns":6.0},{"damage":0.0,"enemies":"3 Darklings","floor":39.0,"turns":5.0},{"damage":11.0,"enemies":"Writhing Mass","floor":41.0,"turns":6.0},{"damage":2.0,"enemies":"Spire Growth","floor":47.0,"turns":6.0},{"damage":14.0,"enemies":"3 Darklings","floor":48.0,"turns":4.0},{"damage":63.0,"enemies":"Time Eater","floor":50.0,"turns":12.0},{"damage":55,"enemies":"Donu and Deca","floor":51,"turns":7}],"seed_played":"2476786721196660115","potions_obtained":[{"floor":3.0,"key":"SpeedPotion"},{"floor":14.0,"key":"SkillPotion"},{"floor":16.0,"key":"Poison Potion"},{"floor":18.0,"key":"Weak Potion"},{"floor":24.0,"key":"Block Potion"},{"floor":27.0,"key":"Block Potion"},{"floor":39.0,"key":"SpeedPotion"},{"floor":41.0,"key":"EssenceOfSteel"}],"is_trial":false,"path_per_floor":["M","?","M","$","?","R","?","R","T","R","M","M","M","M","R","B",null,"M","M","T","M","M","R","?","R","T","M","R","M","$","M","R","B",null,"M","?","?","$","M","R","M","R","T","$","?","$","M","M","R","B","B"],"character_chosen":"DEFECT","items_purchased":["Self Repair","Go for the Eyes","Steam","Scrape","FTL","Defragment"],"campfire_rested":1,"item_purchase_floors":[4,30,30,30,38,44],"current_hp_per_floor":[64,64,64,64,57,57,57,57,57,57,67,71,71,73,73,47,67,71,77,77,76,79,79,79,79,79,81,81,81,81,83,83,62,78,85,85,87,87,89,89,90,90,90,88,72,72,82,80,92,39,0],"gold":87,"neow_bonus":"TRANSFORM_CARD","is_prod":false,"is_daily":false,"chose_seed":false,"campfire_upgraded":10,"win_rate":0,"timestamp":1556732124,"path_taken":["M","?","M","?","?","R","?","R","T","R","M","M","?","M","R","BOSS","M","M","?","M","M","R","?","R","T","?","R","M","$","?","R","BOSS","M","?","?","?","?","R","?","R","T","$","?","?","M","M","R","BOSS","BOSS"],"build_version":"2019-01-23","purchased_purges":2,"victory":false,"max_hp_per_floor":[71,71,71,71,71,71,71,71,71,71,71,71,71,73,73,73,73,75,77,77,77,79,79,79,79,79,81,81,81,81,83,83,83,83,85,85,87,87,89,89,91,91,91,88,88,88,90,92,92,92,92],"card_choices":[{"not_picked":["Beam Cell","Rebound"],"picked":"BootSequence","floor":1.0},{"not_picked":["FTL","Cold Snap"],"picked":"Conserve Battery","floor":3.0},{"not_picked":["Hologram","Beam Cell"],"picked":"Scrape","floor":11.0},{"not_picked":["Consume","Coolheaded"],"picked":"Rainbow","floor":12.0},{"not_picked":["Stack","Barrage"],"picked":"Gash","floor":13.0},{"not_picked":["Rebound","Coolheaded","Loop"],"picked":"Singing Bowl","floor":14.0},{"not_picked":["Core Surge","Multi-Cast"],"picked":"Electrodynamics","floor":16.0},{"not_picked":["Conserve Battery","Auto Shields","Aggregate"],"picked":"Singing Bowl","floor":18.0},{"not_picked":["Reprogram","Hologram","Compile Driver"],"picked":"Singing Bowl","floor":19.0},{"not_picked":["Hologram","Barrage+1"],"picked":"Coolheaded+1","floor":21.0},{"not_picked":["Doom and Gloom","Sunder","Melter"],"picked":"Singing Bowl","floor":22.0},{"not_picked":["Storm","Gash+1","Beam Cell"],"picked":"Singing Bowl","floor":27.0},{"not_picked":["Turbo","Beam Cell"],"picked":"Machine Learning","floor":29.0},{"not_picked":["Double Energy","Sweeping Beam","Ball Lightning"],"picked":"Singing Bowl","floor":31.0},{"not_picked":["Core Surge","Buffer"],"picked":"All For One","floor":33.0},{"not_picked":["Scrape"],"picked":"Singing Bowl","floor":35.0},{"not_picked":["Beam Cell"],"picked":"Singing Bowl","floor":37.0},{"not_picked":["Chill"],"picked":"Singing Bowl","floor":39.0},{"not_picked":["Turbo"],"picked":"Singing Bowl","floor":41.0},{"not_picked":["Barrage+1"],"picked":"Singing Bowl","floor":47.0},{"not_picked":["Barrage"],"picked":"Singing Bowl","floor":48.0}],"player_experience":879078,"relics_obtained":[{"floor":9.0,"key":"Singing Bowl"},{"floor":20.0,"key":"Dodecahedron"},{"floor":26.0,"key":"Boot"},{"floor":37.0,"key":"Emotion Chip"},{"floor":43.0,"key":"Whetstone"}],"event_choices":[{"damage_healed":0.0,"max_hp_gain":0.0,"max_hp_loss":0.0,"gold_gain":0.0,"cards_transformed":["Defend_B"],"event_name":"Transmorgrifier","player_choice":"Transformed","floor":2.0,"gold_loss":0.0,"damage_taken":0.0,"cards_obtained":["Leap"]},{"cards_removed":["Strike_B"],"damage_healed":0.0,"max_hp_gain":0.0,"max_hp_loss":0.0,"gold_gain":0.0,"event_name":"Golden Wing","player_choice":"Card Removal","floor":5.0,"gold_loss":0.0,"damage_taken":7.0},{"cards_removed":["Defend_B"],"damage_healed":0.0,"max_hp_gain":0.0,"max_hp_loss":0.0,"gold_gain":0.0,"event_name":"Wheel of Change","player_choice":"Card Removal","floor":7.0,"gold_loss":0.0,"damage_taken":0.0},{"damage_healed":0.0,"max_hp_gain":0.0,"max_hp_loss":0.0,"gold_gain":0.0,"event_name":"The Woman in Blue","player_choice":"Bought 1 Potion","floor":24.0,"gold_loss":0.0,"damage_taken":0.0},{"cards_removed":["Gash"],"damage_healed":0.0,"max_hp_gain":0.0,"max_hp_loss":0.0,"gold_gain":0.0,"event_name":"Falling","player_choice":"Removed Attack","floor":36.0,"gold_loss":0.0,"damage_taken":0.0},{"damage_healed":0.0,"max_hp_gain":0.0,"max_hp_loss":0.0,"gold_gain":0.0,"event_name":"MindBloom","player_choice":"Fight","floor":37.0,"gold_loss":0.0,"damage_taken":0.0},{"damage_healed":0.0,"max_hp_gain":0.0,"max_hp_loss":0.0,"gold_gain":0.0,"event_name":"Winding Halls","player_choice":"Embrace Madness","floor":45.0,"gold_loss":0.0,"damage_taken":16.0,"cards_obtained":["Madness","Madness"]}],"is_beta":false,"boss_relics":[{"not_picked":["Sozu","Empty Cage"],"picked":"Astrolabe"},{"not_picked":["Black Star","Pandora\u0027s Box"],"picked":"Busted Crown"}],"items_purged_floors":[30,44],"is_endless":false,"potions_floor_spawned":[3,14,16,18,27,39,41],"killed_by":"Donu and Deca","ascension_level":20}