{"gold_per_floor":[109,126,144,163,180,180,198,198,251,251,280,295,76,87,87,184,184,174,185,200,299,299,299,199,199,222,60,95,106,106,106,106,106],"floor_reached":33,"playtime":1083,"items_purged":["Strike_R","Strike_R","Strike_R"],"score":398,"play_id":"9fddc161-6799-49ed-b67b-c44d45982d02","local_time":"20190519124526","is_ascension_mode":true,"campfire_choices":[{"data":"Searing Blow","floor":6,"key":"SMITH"},{"data":"Searing Blow+1","floor":8,"key":"SMITH"},{"floor":10,"key":"REST"},{"floor":15,"key":"REST"},{"floor":23,"key":"REST"},{"data":"Searing Blow+2","floor":25,"key":"SMITH"},{"floor":32,"key":"REST"}],"neow_cost":"NONE","seed_source_timestamp":45742778646234,"circlet_count":0,"master_deck":["AscendersBane","Strike_R","Strike_R","Defend_R","Defend_R","Defend_R","Bash","Searing Blow+3","Headbutt","Carnage","Spot Weakness","Armaments","Shrug It Off","Impervious","Clothesline","Dual Wield","Bludgeon","Cleave","Whirlwind","Disarm","Battle Trance"],"relics":["Burning Blood","Oddly Smooth Stone","Vajra","Anchor","Runic Pyramid","Dream Catcher","Red Mask"],"potions_floor_usage":[11,16],"damage_taken":[{"damage":10,"enemies":"2 Louse","floor":1,"turns":3},{"damage":9,"enemies":"Jaw Worm","floor":2,"turns":4},{"damage":0,"enemies":"Small Slimes","floor":3,"turns":2},{"damage":13,"enemies":"Blue Slaver","floor":4,"turns":2},{"damage":35,"enemies":"Large Slime","floor":5,"turns":6},{"damage":12,"enemies":"Looter","floor":7,"turns":3},{"damage":33,"enemies":"Lagavulin","floor":11,"turns":6},{"damage":0,"enemies":"3 Louse","floor":12,"turns":4},{"damage":4,"enemies":"Gremlin Gang","floor":14,"turns":4},{"damage":29,"enemies":"Slime Boss","floor":16,"turns":14},{"damage":16,"enemies":"2 Thieves","floor":18,"turns":4},{"damage":28,"enemies":"3 Byrds","floor":19,"turns":7},{"damage":17,"enemies":"Centurion and Healer","floor":20,"turns":10},{"damage":33,"enemies":"Masked Bandits","floor":28,"turns":4},{"damage":14,"enemies":"Snake Plant","floor":29,"turns":5},{"damage":41,"enemies":"Champ","floor":33,"turns":3}],"seed_played":"1943270102024801236","potions_obtained":[{"floor":1,"key":"Weak Potion"},{"floor":2,"key":"Weak Potion"},{"floor":7,"key":"Explosive Potion"},{"floor":11,"key":"SpeedPotion"},{"floor":29,"key":"Fire Potion"}],"is_trial":false,"path_per_floor":["M","M","M","M","M","R","M","R","T","R","E","M","$","M","R","B",null,"M","M","M","?","?","R","$","R","T","$","?","M","?","$","R","B"],"character_chosen":"IRONCLAD","items_purchased":["Anchor","Whirlwind"],"campfire_rested":4,"item_purchase_floors":[13,27],"current_hp_per_floor":[68,65,71,64,35,35,29,29,29,53,26,32,32,34,58,35,69,59,37,26,26,26,50,50,50,50,50,23,15,15,15,39,0],"gold":106,"neow_bonus":"TRANSFORM_CARD","is_prod":false,"is_daily":false,"chose_seed":false,"campfire_upgraded":3,"win_rate":0,"timestamp":1558241126,"path_taken":["M","M","M","M","M","R","M","R","T","R","E","M","$","M","R","BOSS","M","M","M","?","?","R","?","R","T","$","?","?","?","$","R","BOSS"],"build_version":"2019-01-23","purchased_purges":3,"victory":false,"max_hp_per_floor":[80,80,80,80,80,80,80,80,80,80,80,80,80,80,80,80,80,80,80,80,80,80,80,80,80,80,80,80,80,80,80,80,80],"card_choices":[{"not_picked":["Battle Trance","Body Slam"],"picked":"Headbutt","floor":1},{"not_picked":["Perfected Strike","Spot Weakness"],"picked":"Carnage","floor":2},{"not_picked":["Bloodletting","Rupture"],"picked":"Spot Weakness","floor":3},{"not_picked":["Thunderclap","Flex"],"picked":"Armaments","floor":4},{"not_picked":["Clothesline","Dual Wield"],"picked":"Shrug It Off","floor":5},{"not_picked":["Seeing Red","Warcry"],"picked":"Impervious","floor":7},{"not_picked":["Sword Boomerang","Wild Strike","Berserk"],"picked":"SKIP","floor":11},{"not_picked":["Inflame","Heavy Blade"],"picked":"Clothesline","floor":12},{"not_picked":["Armaments","Wild Strike"],"picked":"Dual Wield","floor":14},{"not_picked":["Impervious","Immolate"],"picked":"Bludgeon","floor":16},{"not_picked":["Entrench","Pommel Strike+1"],"picked":"Cleave","floor":18},{"not_picked":["Anger","Burning Pact","Entrench"],"picked":"SKIP","floor":19},{"not_picked":["Bloodletting","Twin Strike","Body Slam"],"picked":"SKIP","floor":20},{"not_picked":["Inflame","Clothesline"],"picked":"Disarm","floor":28},{"not_picked":["Iron Wave","Combust","Flex"],"picked":"SKIP","floor":29},{"not_picked":["Shrug It Off+1","Havoc"],"picked":"Battle Trance","floor":32}],"player_experience":756521,"relics_obtained":[{"floor":9,"key":"Oddly Smooth Stone"},{"floor":11,"key":"Vajra"},{"floor":26,"key":"Dream Catcher"},{"floor":28,"key":"Red Mask"}],"event_choices":[{"damage_healed":0,"gold_gain":99,"player_choice":"Stole From Cult","damage_taken":0,"max_hp_gain":0,"max_hp_loss":0,"event_name":"Nest","floor":21,"gold_loss":0},{"damage_healed":0,"gold_gain":0,"player_choice":"Ignored","damage_taken":0,"max_hp_gain":0,"max_hp_loss":0,"event_name":"Vampires","floor":22,"gold_loss":0},{"damage_healed":0,"gold_gain":0,"player_choice":"Fought Bandits","damage_taken":0,"max_hp_gain":0,"max_hp_loss":0,"event_name":"Masked Bandits","floor":28,"gold_loss":0},{"damage_healed":0,"gold_gain":0,"player_choice":"Ignored","damage_taken":0,"max_hp_gain":0,"max_hp_loss":0,"event_name":"Ghosts","floor":30,"gold_loss":0}],"is_beta":false,"boss_relics":[{"not_picked":["Empty Cage","Fusion Hammer"],"picked":"Runic Pyramid"}],"items_purged_floors":[13,24,27],"is_endless":false,"potions_floor_spawned":[1,2,7,11,29],"killed_by":"Champ","ascension_level":12}