{"gold_per_floor":[109,120,120,138,157,186,186,205,205,230,230,230],"floor_reached":12,"playtime":493,"items_purged":[],"score":171,"play_id":"737a7728-ecf9-4ae5-b9e0-07f57c63b8ce","local_time":"20190227175832","is_ascension_mode":true,"campfire_choices":[{"floor":7,"key":"REST"},{"floor":11,"key":"REST"}],"neow_cost":"NONE","seed_source_timestamp":111371876176711,"circlet_count":0,"master_deck":["AscendersBane","Strike_R","Strike_R","Strike_R","Strike_R","Defend_R","Defend_R","Defend_R","Defend_R","Bash+1","Sword Boomerang","True Grit","Shrug It Off","Shrug It Off"],"relics":["Burning Blood","Bag of Marbles","Lantern","Oddly Smooth Stone"],"potions_floor_usage":[6,10],"damage_taken":[{"damage":2,"enemies":"Cultist","floor":1,"turns":4},{"damage":9,"enemies":"Jaw Worm","floor":2,"turns":4},{"damage":4,"enemies":"Small Slimes","floor":4,"turns":4},{"damage":22,"enemies":"Exordium Wildlife","floor":5,"turns":7},{"damage":40,"enemies":"3 Sentries","floor":6,"turns":13},{"damage":4,"enemies":"Blue Slaver","floor":8,"turns":6},{"damage":28,"enemies":"Gremlin Nob","floor":10,"turns":4},{"damage":35,"enemies":"Gremlin Gang","floor":12,"turns":4}],"seed_played":"-806627331311843798","potions_obtained":[{"floor":1,"key":"SteroidPotion"},{"floor":2,"key":"AttackPotion"},{"floor":6,"key":"BloodPotion"},{"floor":10,"key":"Block Potion"}],"is_trial":false,"path_per_floor":["M","M","?","M","M","E","R","M","T","E","R","M"],"character_chosen":"IRONCLAD","items_purchased":[],"campfire_rested":2,"item_purchase_floors":[],"current_hp_per_floor":[72,69,69,71,55,21,43,45,45,23,45,10],"gold":230,"neow_bonus":"UPGRADE_CARD","is_prod":false,"is_daily":false,"chose_seed":false,"campfire_upgraded":0,"win_rate":0,"timestamp":1551308312,"path_taken":["M","?","?","M","M","E","R","M","T","E","R","?"],"build_version":"2019-01-23","purchased_purges":0,"victory":false,"max_hp_per_floor":[75,75,75,75,75,75,75,75,75,75,75,75],"card_choices":[{"not_picked":["Disarm","True Grit"],"picked":"Sword Boomerang","floor":1},{"not_picked":["Sword Boomerang","Flex","Perfected Strike"],"picked":"SKIP","floor":2},{"not_picked":["Burning Pact","Infernal Blade"],"picked":"True Grit","floor":4},{"not_picked":["Rupture","Wild Strike"],"picked":"Shrug It Off","floor":5},{"not_picked":["Clash","Perfected Strike","Iron Wave"],"picked":"SKIP","floor":6},{"not_picked":["True Grit","Seeing Red","Burning Pact"],"picked":"SKIP","floor":8},{"not_picked":["Limit Break","Sword Boomerang"],"picked":"Shrug It Off","floor":10}],"player_experience":440315,"relics_obtained":[{"floor":6,"key":"Bag of Marbles"},{"floor":9,"key":"Lantern"},{"floor":10,"key":"Oddly Smooth Stone"}],"event_choices":[{"cards_removed":["Strike_R"],"damage_healed":0,"gold_gain":0,"player_choice":"Offered Basic","damage_taken":0,"max_hp_gain":0,"max_hp_loss":0,"event_name":"Bonfire Elementals","floor":3,"gold_loss":0}],"is_beta":false,"boss_relics":[],"items_purged_floors":[],"is_endless":false,"potions_floor_spawned":[1,2,6,10],"killed_by":"Gremlin Gang","ascension_level":18}