{"gold_per_floor":[114,125,0,0,20,35,59,78,78,78,24,24,24,99,99,227,227,251,272,272,272,272],"floor_reached":22,"playtime":1502,"items_purged":[],"score":176,"play_id":"a06a5bbf-fa51-4b6e-9b07-e2b9bb570398","local_time":"20181105004246","is_ascension_mode":false,"campfire_choices":[{"data":"Defragment","floor":13,"key":"SMITH"},{"floor":15,"key":"REST"}],"neow_cost":"NONE","seed_source_timestamp":0,"circlet_count":0,"master_deck":["Strike_B","Strike_B","Strike_B","Defend_B","Defend_B","Defend_B","Defend_B","Zap","Dualcast","All For One","Reinforced Body","Streamline","Coolheaded","Seek","Barrage","Hologram","Defragment+1","Redo","Machine Learning","Redo","Double Energy","Loop","Sweeping Beam","Rebound+1","Go for the Eyes"],"special_seed":0,"relics":["Cracked Core","Golden Idol","Bottled Tornado","Question Card","Orrery"],"potions_floor_usage":[16,16],"damage_taken":[{"damage":3,"enemies":"Jaw Worm","floor":1,"turns":3},{"damage":3,"enemies":"Small Slimes","floor":2,"turns":2},{"damage":7,"enemies":"2 Louse","floor":5,"turns":2},{"damage":10,"enemies":"2 Fungi Beasts","floor":6,"turns":2},{"damage":2,"enemies":"Blue Slaver","floor":7,"turns":4},{"damage":5,"enemies":"3 Louse","floor":8,"turns":4},{"damage":32,"enemies":"The Guardian","floor":16,"turns":15},{"damage":20,"enemies":"Spheric Guardian","floor":18,"turns":6},{"damage":38,"enemies":"3 Byrds","floor":19,"turns":6},{"damage":12,"enemies":"Snake Plant","floor":22,"turns":2}],"seed_played":"-6762674805888380786","potions_obtained":[{"floor":1,"key":"Weak Potion"},{"floor":5,"key":"Explosive Potion"},{"floor":8,"key":"Block Potion"},{"floor":19,"key":"Strength Potion"}],"is_trial":false,"path_per_floor":["M","M","$","?","M","M","M","M","T","?","$","$","R","?","R","B",null,"M","M","?","?","M"],"character_chosen":"DEFECT","items_purchased":["Coolheaded","Seek","Redo"],"campfire_rested":1,"item_purchase_floors":[3,3,11],"current_hp_per_floor":[72,69,69,69,62,52,50,45,45,33,33,33,33,33,53,21,69,49,11,11,11,0],"gold":272,"neow_bonus":"ONE_RANDOM_RARE_CARD","is_prod":false,"is_daily":false,"chose_seed":false,"campfire_upgraded":1,"win_rate":0.0,"timestamp":1541396566,"path_taken":["M","M","$","?","M","M","M","M","T","?","?","$","R","?","R","BOSS","M","M","?","?","M"],"build_version":"2018-11-01","purchased_purges":0,"victory":false,"max_hp_per_floor":[75,75,75,69,69,69,69,69,69,69,69,69,69,69,69,69,69,69,69,69,69,69],"card_choices":[{"not_picked":["Rip and Tear","Sweeping Beam"],"picked":"Reinforced Body","floor":1},{"not_picked":["Stack","Rebound"],"picked":"Streamline","floor":2},{"not_picked":["Steam","Rip and Tear"],"picked":"Barrage","floor":5},{"not_picked":["Heatsinks","Aggregate","Coolheaded"],"picked":"SKIP","floor":6},{"not_picked":["Steam Power","Static Discharge"],"picked":"Hologram","floor":7},{"not_picked":["Lockon","Barrage"],"picked":"Defragment","floor":8},{"not_picked":["Biased Cognition","Rainbow","Seek"],"picked":"Machine Learning","floor":16},{"not_picked":["Streamline","Undo","Heatsinks"],"picked":"Redo","floor":17},{"not_picked":["Hologram","Streamline","Steam"],"picked":"Double Energy","floor":17},{"not_picked":["Conserve Battery","Doom and Gloom","Barrage"],"picked":"Loop","floor":17},{"not_picked":["Streamline","Fusion","Steam"],"picked":"Sweeping Beam","floor":17},{"not_picked":["Conserve Battery","Leap","Chill"],"picked":"Rebound+1","floor":18},{"not_picked":["Reinforced Body","Gash+1","Coolheaded"],"picked":"Go for the Eyes","floor":19}],"player_experience":107052,"relics_obtained":[{"floor":9,"key":"Bottled Tornado"}],"event_choices":[{"damage_healed":0,"gold_gain":0,"player_choice":"Lose Max HP","damage_taken":0,"relics_obtained":["Golden Idol"],"max_hp_gain":0,"max_hp_loss":6,"event_name":"Golden Idol","floor":4,"gold_loss":0},{"damage_healed":0,"gold_gain":0,"player_choice":"Success","damage_taken":12,"relics_obtained":["Question Card"],"max_hp_gain":0,"max_hp_loss":0,"event_name":"Scrap Ooze","floor":10,"gold_loss":0},{"damage_healed":0,"gold_gain":75,"player_choice":"Gained Gold","damage_taken":0,"max_hp_gain":0,"max_hp_loss":0,"event_name":"Golden Wing","floor":14,"gold_loss":0},{"damage_healed":0,"gold_gain":0,"player_choice":"Ignored","damage_taken":0,"max_hp_gain":0,"max_hp_loss":0,"event_name":"Cursed Tome","floor":20,"gold_loss":0},{"cards_removed":["Strike_B"],"damage_healed":0,"gold_gain":0,"player_choice":"Elegance","damage_taken":0,"max_hp_gain":0,"max_hp_loss":0,"event_name":"Back to Basics","floor":21,"gold_loss":0}],"is_beta":false,"boss_relics":[{"not_picked":["FrozenCore","Sozu"],"picked":"Orrery"}],"items_purged_floors":[],"is_endless":false,"potions_floor_spawned":[1,5,8,19],"killed_by":"Snake Plant","ascension_level":0}