{"gold_per_floor":[117,117,129,141,152,184,184,219,219,233,233,246,246,272,272,372,372,382,4,23,35,45,45,56,89,115,125,36,36,36,36,36,134,134,144,158,174,174,274,274,108,108,108,108,127,127,147,147,147,147,147,147,73,73],"floor_reached":54,"playtime":5493,"items_purged":["Strike_R","Strike_R","Strike_R","Defend_R"],"score":843,"play_id":"66618102-edb7-4773-b828-84d2b2d9b145","local_time":"20190113142601","is_ascension_mode":true,"campfire_choices":[{"floor":13,"key":"REST"},{"floor":15,"key":"REST"},{"floor":23,"key":"REST"},{"floor":29,"key":"REST"},{"floor":32,"key":"REST"},{"floor":40,"key":"REST"},{"floor":42,"key":"RECALL"},{"data":"Demon Form","floor":46,"key":"SMITH"},{"data":"Berserk","floor":49,"key":"SMITH"},{"floor":52,"key":"REST"}],"neow_cost":"NONE","seed_source_timestamp":154788367008121,"circlet_count":0,"master_deck":["Strike_R","Strike_R","Defend_R","Defend_R","Defend_R","Bash+1","Anger","Wild Strike","Shockwave+1","Armaments","Spot Weakness","Cleave","Evolve","Iron Wave","Headbutt","Demon Form+1","Pommel Strike+1","Thunderclap+1","Cleave","Rampage+1","Rampage","Dual Wield","Iron Wave+1","Armaments+1","Battle Trance","Havoc+1","Flame Barrier","Berserk+1","Anger+1","Pommel Strike+1","Headbutt+1","Fiend Fire","Flame Barrier","Flex+1","Burning Pact","Second Wind","Flex+1","Offering","Ghostly Armor+1","Havoc"],"special_seed":0,"relics":["Burning Blood","Bag of Marbles","Mercury Hourglass","Question Card","Busted Crown","Prayer Wheel","Torii","Smiling Mask","Anchor","Nloth\u0027s Gift","Runic Pyramid","FossilizedHelix","Bronze Scales","Bottled Tornado"],"potions_floor_usage":[12,12,20,21,21,22,27,33,36,39,47],"damage_taken":[{"damage":4.0,"enemies":"Small Slimes","floor":1.0,"turns":4.0},{"damage":1.0,"enemies":"Cultist","floor":3.0,"turns":3.0},{"damage":7.0,"enemies":"Jaw Worm","floor":4.0,"turns":3.0},{"damage":12.0,"enemies":"Blue Slaver","floor":5.0,"turns":5.0},{"damage":20.0,"enemies":"Gremlin Nob","floor":6.0,"turns":4.0},{"damage":10,"enemies":"Lagavulin","floor":8,"turns":7},{"damage":2,"enemies":"2 Fungi Beasts","floor":10,"turns":3},{"damage":0,"enemies":"Large Slime","floor":12,"turns":3},{"damage":17,"enemies":"3 Sentries","floor":14,"turns":5},{"damage":30,"enemies":"The Guardian","floor":16,"turns":7},{"damage":4,"enemies":"Shell Parasite","floor":18,"turns":3},{"damage":25,"enemies":"Spheric Guardian","floor":20,"turns":4},{"damage":11,"enemies":"Centurion and Healer","floor":21,"turns":4},{"damage":16,"enemies":"Cultist and Chosen","floor":22,"turns":4},{"damage":22,"enemies":"Sentry and Sphere","floor":24,"turns":4},{"damage":34,"enemies":"Book of Stabbing","floor":25,"turns":5},{"damage":2,"enemies":"Centurion and Healer","floor":27,"turns":5},{"damage":87,"enemies":"Collector","floor":33,"turns":10},{"damage":1,"enemies":"Orb Walker","floor":35,"turns":3},{"damage":12,"enemies":"3 Shapes","floor":36,"turns":3},{"damage":19,"enemies":"3 Darklings","floor":37,"turns":5},{"damage":4,"enemies":"Mind Bloom Boss Battle","floor":39,"turns":5},{"damage":0,"enemies":"Jaw Worm Horde","floor":45,"turns":2},{"damage":0,"enemies":"Spire Growth","floor":47,"turns":3},{"damage":64,"enemies":"Time Eater","floor":50,"turns":6},{"damage":88,"enemies":"Shield and Spear","floor":54,"turns":4}],"seed_played":"3845527000310328892","potions_obtained":[{"floor":3.0,"key":"SteroidPotion"},{"floor":5.0,"key":"Explosive Potion"},{"floor":8,"key":"GamblersBrew"},{"floor":10,"key":"Block Potion"},{"floor":12,"key":"Weak Potion"},{"floor":18,"key":"SpeedPotion"},{"floor":21,"key":"BloodPotion"},{"floor":25,"key":"SpeedPotion"},{"floor":27,"key":"Energy Potion"},{"floor":35,"key":"PowerPotion"},{"floor":37,"key":"PowerPotion"},{"floor":45,"key":"AttackPotion"}],"is_trial":false,"path_per_floor":["M","?","M","M","M","E","?","E","T","M","?","M","R","E","R","B",null,"M","$","M","M","M","R","M","E","T","M","$","R","?","?","R","B",null,"M","M","M","?","?","R","$","R","T","?","M","R","M","T","R","B",null,"R","$","E"],"character_chosen":"IRONCLAD","items_purchased":["Prayer Wheel","Flame Barrier","Burning Pact","Second Wind","Havoc"],"campfire_rested":7,"item_purchase_floors":[19,28,41,41,53],"current_hp_per_floor":[88,88,88,87,81,67,67,63,63,67,64,70,88,77,88,64,82,84,84,65,60,58,84,68,40,40,44,44,70,70,70,88,7,68,73,67,54,54,56,82,82,82,82,82,88,88,88,88,88,30,74,88,88,0],"gold":73,"neow_bonus":"TEN_PERCENT_HP_BONUS","is_prod":false,"is_daily":false,"chose_seed":false,"campfire_upgraded":2,"win_rate":0,"timestamp":1547382361,"path_taken":["M","?","M","?","M","E","?","E","T","M","?","M","R","E","R","BOSS","M","$","M","M","M","R","M","E","T","M","$","R","?","?","R","BOSS","M","M","?","?","?","R","$","R","T","?","M","R","M","?","R","BOSS","R","$","E"],"build_version":"2019-01-10","purchased_purges":4,"victory":false,"max_hp_per_floor":[88,88,88,88,88,88,88,88,88,88,88,88,88,88,88,88,88,88,88,88,88,88,88,88,88,88,88,88,88,88,88,88,88,88,88,88,88,88,88,88,88,88,88,88,88,88,88,88,88,88,88,88,88,88],"card_choices":[{"not_picked":["Thunderclap","Clash"],"picked":"Anger","floor":1.0},{"not_picked":["Flex","Combust"],"picked":"Wild Strike","floor":3.0},{"not_picked":["Corruption","Carnage"],"picked":"Shockwave","floor":4.0},{"not_picked":["Combust","Clothesline"],"picked":"Armaments","floor":5.0},{"not_picked":["Pommel Strike","Bludgeon"],"picked":"Spot Weakness","floor":6.0},{"not_picked":["Pommel Strike","Clash"],"picked":"Cleave","floor":8},{"not_picked":["Thunderclap","Clash"],"picked":"Evolve","floor":10},{"not_picked":["Perfected Strike","Second Wind"],"picked":"Iron Wave","floor":12},{"not_picked":["Combust","Heavy Blade"],"picked":"Headbutt","floor":14},{"not_picked":["Immolate","Bludgeon","Juggernaut"],"picked":"Demon Form","floor":16},{"not_picked":["Twin Strike"],"picked":"Pommel Strike+1","floor":18},{"not_picked":["Perfected Strike"],"picked":"Thunderclap+1","floor":20},{"not_picked":["Perfected Strike"],"picked":"Cleave","floor":20},{"not_picked":["Clash"],"picked":"Rampage+1","floor":21},{"not_picked":["Cleave"],"picked":"Rampage","floor":21},{"not_picked":["Bloodletting"],"picked":"Dual Wield","floor":22},{"not_picked":["Feel No Pain","Havoc"],"picked":"SKIP","floor":22},{"not_picked":["Combust"],"picked":"Iron Wave+1","floor":24},{"not_picked":["Twin Strike","Body Slam+1"],"picked":"SKIP","floor":24},{"not_picked":["Headbutt"],"picked":"Armaments+1","floor":25},{"not_picked":["Cleave"],"picked":"Battle Trance","floor":27},{"not_picked":["Shrug It Off"],"picked":"Havoc+1","floor":27},{"not_picked":["Exhume"],"picked":"Berserk","floor":33},{"not_picked":["Iron Wave"],"picked":"Anger+1","floor":35},{"not_picked":["Body Slam"],"picked":"Pommel Strike+1","floor":35},{"not_picked":["Warcry"],"picked":"Headbutt+1","floor":36},{"not_picked":["Clothesline+1"],"picked":"Fiend Fire","floor":36},{"not_picked":["Body Slam"],"picked":"Flame Barrier","floor":37},{"not_picked":["Perfected Strike","True Grit"],"picked":"SKIP","floor":37},{"not_picked":["Deep Breath"],"picked":"Mayhem","floor":38},{"not_picked":["Reckless Charge"],"picked":"Flex+1","floor":39},{"not_picked":["Havoc"],"picked":"Flex+1","floor":45},{"not_picked":["Headbutt","Feel No Pain"],"picked":"SKIP","floor":45},{"not_picked":["Cleave"],"picked":"Offering","floor":47},{"not_picked":["Armaments+1"],"picked":"Ghostly Armor+1","floor":47}],"player_experience":206741,"relics_obtained":[{"floor":6.0,"key":"Omamori"},{"floor":8,"key":"Bag of Marbles"},{"floor":14,"key":"Question Card"},{"floor":25,"key":"Torii"},{"floor":26,"key":"Smiling Mask"},{"floor":39,"key":"FossilizedHelix"},{"floor":43,"key":"Bronze Scales"},{"floor":48,"key":"Bottled Tornado"}],"event_choices":[{"damage_healed":0.0,"max_hp_gain":0.0,"max_hp_loss":0.0,"gold_gain":0.0,"event_name":"Upgrade Shrine","player_choice":"Upgraded","floor":2.0,"gold_loss":0.0,"damage_taken":0.0,"cards_upgraded":["Bash"]},{"damage_healed":0,"gold_gain":0,"player_choice":"Grow","damage_taken":0,"max_hp_gain":0,"max_hp_loss":0,"event_name":"Living Wall","floor":7,"gold_loss":0,"cards_upgraded":["Shockwave"]},{"damage_healed":0,"gold_gain":0,"player_choice":"Success","damage_taken":3,"relics_obtained":["Mercury Hourglass"],"max_hp_gain":0,"max_hp_loss":0,"event_name":"Scrap Ooze","floor":11,"gold_loss":0},{"damage_healed":0,"gold_gain":0,"player_choice":"Opened","damage_taken":0,"relics_obtained":["Anchor"],"max_hp_gain":0,"max_hp_loss":0,"event_name":"The Mausoleum","floor":30,"gold_loss":0},{"damage_healed":0,"gold_gain":0,"player_choice":"Traded Relic","damage_taken":0,"relics_obtained":["Nloth\u0027s Gift"],"max_hp_gain":0,"max_hp_loss":0,"event_name":"N\u0027loth","floor":31,"relics_lost":["Omamori"],"gold_loss":0},{"damage_healed":0,"gold_gain":0,"player_choice":"Memory 1","damage_taken":0,"max_hp_gain":0,"max_hp_loss":0,"event_name":"SensoryStone","floor":38,"gold_loss":0},{"damage_healed":0,"gold_gain":0,"player_choice":"Fight","damage_taken":0,"max_hp_gain":0,"max_hp_loss":0,"event_name":"MindBloom","floor":39,"gold_loss":0},{"cards_removed":["Mayhem"],"damage_healed":0,"gold_gain":0,"player_choice":"Removed Power","damage_taken":0,"max_hp_gain":0,"max_hp_loss":0,"event_name":"Falling","floor":44,"gold_loss":0}],"is_beta":false,"boss_relics":[{"not_picked":["Velvet Choker","Orrery"],"picked":"Busted Crown"},{"not_picked":["Pandora\u0027s Box","Fusion Hammer"],"picked":"Runic Pyramid"}],"items_purged_floors":[19,28,41,53],"is_endless":false,"potions_floor_spawned":[3,5,8,10,12,18,21,25,27,35,37,45],"killed_by":"Shield and Spear","ascension_level":5}