{"gold_per_floor":[113,132,144,161,5,38,38,38,38,38,69,87,87,106,106,201,201,217,234,38,38,52,86,96,96,96,96,96,96,109,121,121,225,225,242,255,265,265,281,281,298,298,298,0,0,0,0,14,14,14],"floor_reached":50,"playtime":1357,"items_purged":[],"score":501,"play_id":"bea1845c-a22f-4010-8876-b075ac2dffa8","local_time":"20190512224449","is_ascension_mode":false,"campfire_choices":[{"data":"Redo","floor":8,"key":"SMITH"},{"data":"Doom and Gloom","floor":10,"key":"SMITH"},{"data":"Darkness","floor":15,"key":"SMITH"},{"data":"Biased Cognition","floor":25,"key":"SMITH"},{"data":"White Noise","floor":29,"key":"SMITH"},{"floor":32,"key":"REST"},{"data":"Electrodynamics","floor":40,"key":"SMITH"},{"floor":42,"key":"REST"},{"data":"Zap","floor":45,"key":"SMITH"},{"floor":49,"key":"REST"}],"neow_cost":"NONE","seed_source_timestamp":11129471933400,"circlet_count":0,"master_deck":["Strike_B","Strike_B","Strike_B+1","Strike_B","Defend_B","Defend_B","Defend_B","Defend_B","Zap+1","Dualcast","Doom and Gloom+1","Cold Snap+1","Conserve Battery","Redo+1","Melter","Self Repair","Darkness+1","Biased Cognition+1","Go for the Eyes+1","FTL+1","Lockon+1","Auto Shields","White Noise+1","Leap+1","Electrodynamics+1","Streamline","Barrage+1","Darkness+1","Reinforced Body+1","Dramatic Entrance","Writhe","Parasite"],"relics":["FrozenCore","NeowsBlessing","Juzu Bracelet","Centennial Puzzle","Vajra","Blue Candle","Sling","Pen Nib","Cables","MutagenicStrength","Sozu","Darkstone Periapt","Whetstone","Lantern"],"potions_floor_usage":[6,6,16,16,33,33,33,50],"damage_taken":[{"damage":0,"enemies":"Cultist","floor":1,"turns":1},{"damage":0,"enemies":"Small Slimes","floor":2,"turns":1},{"damage":0,"enemies":"2 Louse","floor":3,"turns":1},{"damage":5,"enemies":"Exordium Thugs","floor":4,"turns":5},{"damage":14,"enemies":"3 Sentries","floor":6,"turns":5},{"damage":7,"enemies":"Lagavulin","floor":11,"turns":5},{"damage":4,"enemies":"Red Slaver","floor":12,"turns":3},{"damage":2,"enemies":"3 Louse","floor":14,"turns":2},{"damage":25,"enemies":"Hexaghost","floor":16,"turns":7},{"damage":8,"enemies":"Shell Parasite","floor":18,"turns":4},{"damage":14,"enemies":"3 Byrds","floor":19,"turns":4},{"damage":17,"enemies":"Centurion and Healer","floor":22,"turns":6},{"damage":23,"enemies":"Gremlin Leader","floor":23,"turns":6},{"damage":9,"enemies":"Snake Plant","floor":24,"turns":4},{"damage":5,"enemies":"Snecko","floor":30,"turns":6},{"damage":8,"enemies":"Cultist and Chosen","floor":31,"turns":4},{"damage":10,"enemies":"Champ","floor":33,"turns":7},{"damage":6,"enemies":"Orb Walker","floor":35,"turns":4},{"damage":0,"enemies":"3 Shapes","floor":36,"turns":6},{"damage":24,"enemies":"Maw","floor":37,"turns":8},{"damage":33,"enemies":"3 Darklings","floor":39,"turns":4},{"damage":12,"enemies":"Spire Growth","floor":41,"turns":5},{"damage":43,"enemies":"Writhing Mass","floor":48,"turns":4},{"damage":71,"enemies":"Donu and Deca","floor":50,"turns":6}],"seed_played":"5317818417607253726","potions_obtained":[{"floor":2,"key":"Weak Potion"},{"floor":4,"key":"Strength Potion"},{"floor":6,"key":"LiquidBronze"},{"floor":14,"key":"LiquidBronze"},{"floor":18,"key":"Energy Potion"},{"floor":19,"key":"SkillPotion"},{"floor":31,"key":"SpeedPotion"},{"floor":33,"key":"FocusPotion"}],"is_trial":false,"path_per_floor":["M","M","M","M","$","E","?","R","T","R","E","M","$","M","R","B",null,"M","M","$","?","M","E","M","R","T","?","$","R","M","M","R","B",null,"M","M","M","?","M","R","M","R","T","$","R","?","?","M","R","B"],"character_chosen":"DEFECT","items_purchased":["Juzu Bracelet","Sling","Whetstone","Lantern"],"campfire_rested":3,"item_purchase_floors":[5,20,44,44],"current_hp_per_floor":[75,75,75,70,70,56,61,61,61,61,54,50,50,55,55,37,75,74,67,67,58,48,32,30,30,30,30,30,30,32,31,53,43,75,69,75,58,58,25,25,20,42,42,42,42,42,67,37,63,0],"gold":14,"neow_bonus":"THREE_ENEMY_KILL","is_prod":false,"is_daily":false,"chose_seed":false,"campfire_upgraded":7,"win_rate":0,"timestamp":1557690289,"path_taken":["M","M","?","M","?","E","?","R","T","R","E","M","?","M","R","BOSS","M","M","$","?","M","E","M","R","T","?","$","R","M","M","R","BOSS","M","M","M","?","M","R","M","R","T","?","R","?","?","M","R","BOSS"],"build_version":"2019-01-23","purchased_purges":0,"victory":false,"max_hp_per_floor":[75,75,75,75,75,75,75,75,75,75,75,75,75,75,75,75,75,75,75,75,75,75,75,75,75,75,75,75,75,75,75,75,75,75,75,75,75,75,75,75,75,75,75,75,75,75,81,87,87,87],"card_choices":[{"not_picked":["Beam Cell","Hologram"],"picked":"Doom and Gloom","floor":1},{"not_picked":["Loop","Conserve Battery"],"picked":"Cold Snap","floor":2},{"not_picked":["Hologram","Double Energy"],"picked":"Cold Snap","floor":3},{"not_picked":["Darkness","Go for the Eyes"],"picked":"Conserve Battery","floor":4},{"not_picked":["Barrage","Steam Power"],"picked":"Redo","floor":6},{"not_picked":["Ball Lightning","Go for the Eyes"],"picked":"Melter","floor":11},{"not_picked":["Leap","Redo"],"picked":"Self Repair","floor":12},{"not_picked":["Tempest","Scrape"],"picked":"Darkness","floor":14},{"not_picked":["Echo Form","Multi-Cast"],"picked":"Biased Cognition","floor":16},{"not_picked":["Cold Snap","Doom and Gloom"],"picked":"Go for the Eyes+1","floor":18},{"not_picked":["Barrage+1","Double Energy"],"picked":"FTL+1","floor":19},{"not_picked":["Glacier","Conserve Battery"],"picked":"Lockon+1","floor":22},{"not_picked":["Cold Snap","Hologram"],"picked":"Auto Shields","floor":23},{"not_picked":["Conserve Battery","Doom and Gloom+1"],"picked":"White Noise","floor":24},{"not_picked":["Blizzard","Gash","Hologram"],"picked":"SKIP","floor":30},{"not_picked":["Conserve Battery","Sunder"],"picked":"Leap+1","floor":31},{"not_picked":["Rainbow","Thunder Strike"],"picked":"Electrodynamics","floor":33},{"not_picked":["Stack","Compile Driver+1"],"picked":"Streamline","floor":35},{"not_picked":["Storm","Stack","BootSequence+1"],"picked":"SKIP","floor":36},{"not_picked":["Sunder","Reprogram+1"],"picked":"Barrage+1","floor":37},{"not_picked":["Sweeping Beam","Compile Driver+1"],"picked":"Darkness+1","floor":39},{"not_picked":["Streamline+1","Conserve Battery"],"picked":"Reinforced Body+1","floor":41},{"not_picked":["Good Instincts","Blind"],"picked":"Dramatic Entrance","floor":46},{"not_picked":["Hologram","Rebound","Stack+1"],"picked":"SKIP","floor":48}],"player_experience":312388,"relics_obtained":[{"floor":6,"key":"Centennial Puzzle"},{"floor":9,"key":"Vajra"},{"floor":11,"key":"Blue Candle"},{"floor":23,"key":"Pen Nib"},{"floor":26,"key":"Cables"},{"floor":43,"key":"Darkstone Periapt"}],"event_choices":[{"cards_removed":["Cold Snap"],"damage_healed":5,"gold_gain":0,"player_choice":"Offered Common","damage_taken":0,"max_hp_gain":0,"max_hp_loss":0,"event_name":"Bonfire Elementals","floor":7,"gold_loss":0},{"cards_removed":["Cold Snap"],"damage_healed":5,"gold_gain":0,"player_choice":"Offered Special","damage_taken":0,"max_hp_gain":0,"max_hp_loss":0,"event_name":"Bonfire Elementals","floor":7,"gold_loss":0},{"damage_healed":0,"gold_gain":0,"player_choice":"Stopped","damage_taken":9,"max_hp_gain":0,"max_hp_loss":0,"event_name":"Cursed Tome","floor":21,"gold_loss":0},{"damage_healed":0,"gold_gain":0,"player_choice":"Inject Mutagens","damage_taken":0,"relics_obtained":["MutagenicStrength"],"max_hp_gain":0,"max_hp_loss":0,"event_name":"Drug Dealer","floor":27,"gold_loss":0},{"damage_healed":0,"gold_gain":0,"player_choice":"Ignored","damage_taken":0,"max_hp_gain":0,"max_hp_loss":0,"event_name":"Mysterious Sphere","floor":38,"gold_loss":0},{"damage_healed":0,"gold_gain":0,"player_choice":"Memory 1","damage_taken":0,"max_hp_gain":0,"max_hp_loss":0,"event_name":"SensoryStone","floor":46,"gold_loss":0},{"damage_healed":19,"gold_gain":0,"player_choice":"Writhe","damage_taken":0,"max_hp_gain":0,"max_hp_loss":0,"event_name":"Winding Halls","floor":47,"gold_loss":0,"cards_obtained":["Writhe"]}],"is_beta":false,"boss_relics":[{"not_picked":["Eternal Feather","White Beast Statue"],"picked":"FrozenCore"},{"not_picked":["Busted Crown","Snecko Eye"],"picked":"Sozu"}],"items_purged_floors":[],"is_endless":false,"potions_floor_spawned":[2,4,6,14,18,19,31,33,35,37,41],"killed_by":"Donu and Deca","ascension_level":0}