{"gold_per_floor":[118,131,143,53,71,71,96,96,123,155,155,32,32,50,50,145,145,160,160,175,195,42,42,69,69,69,88,100,22,32,32,32,137,137,153,153,153,81,126,139,139,239,239,255,288,39,39,39,39,39],"floor_reached":51,"playtime":3424,"items_purged":["Strike_R"],"score":762,"play_id":"27b8aefb-38b7-4057-ae2f-45fb5c6658d7","local_time":"20181201213658","is_ascension_mode":true,"campfire_choices":[{"data":"True Grit","floor":6,"key":"SMITH"},{"data":"Feel No Pain","floor":8,"key":"SMITH"},{"data":"Inflame","floor":13,"key":"SMITH"},{"data":"Seeing Red","floor":15,"key":"SMITH"},{"data":"Seeing Red","floor":23,"key":"SMITH"},{"data":"Feel No Pain","floor":25,"key":"SMITH"},{"floor":32,"key":"REST"},{"data":"Corruption","floor":41,"key":"SMITH"},{"data":"Offering","floor":49,"key":"SMITH"}],"neow_cost":"NONE","seed_source_timestamp":177522350542791,"circlet_count":0,"master_deck":["Strike_R","Strike_R","Defend_R","Defend_R","Defend_R","Defend_R","Bash","Shrug It Off","Cleave","Feel No Pain+1","True Grit+1","Inflame+1","Twin Strike","Dark Embrace+1","Headbutt","Feel No Pain+1","Shrug It Off","Seeing Red+1","Exhume","Pommel Strike","Flame Barrier+1","Armaments+1","Seeing Red+1","Twin Strike+1","Intimidate","Battle Trance","Sentinel","Juggernaut","Offering+1","Havoc+1","Writhe","Corruption+1","Body Slam","Iron Wave+1","Clothesline+1","The Bomb"],"relics":["Burning Blood","Orichalcum","Centennial Puzzle","Pen Nib","Lantern","Lizard Tail","Pocketwatch","Sundial","Philosopher\u0027s Stone","Torii","Peace Pipe","Gremlin Horn","MawBank","Letter Opener"],"potions_floor_usage":[10,16,16,24,30,33,33,33,39,44,50],"damage_taken":[{"damage":2,"enemies":"Small Slimes","floor":1,"turns":3},{"damage":0,"enemies":"Cultist","floor":2,"turns":3},{"damage":5,"enemies":"Jaw Worm","floor":3,"turns":3},{"damage":13,"enemies":"Large Slime","floor":5,"turns":6},{"damage":17,"enemies":"3 Sentries","floor":7,"turns":8},{"damage":13,"enemies":"Lagavulin","floor":10,"turns":5},{"damage":1,"enemies":"Blue Slaver","floor":14,"turns":4},{"damage":34,"enemies":"The Guardian","floor":16,"turns":16},{"damage":12,"enemies":"3 Byrds","floor":18,"turns":6},{"damage":12,"enemies":"2 Thieves","floor":20,"turns":4},{"damage":28,"enemies":"Sentry and Sphere","floor":21,"turns":6},{"damage":16,"enemies":"Book of Stabbing","floor":24,"turns":6},{"damage":0,"enemies":"Snake Plant","floor":27,"turns":4},{"damage":2,"enemies":"Snecko","floor":28,"turns":5},{"damage":21,"enemies":"Shelled Parasite and Fungi","floor":30,"turns":4},{"damage":39,"enemies":"Automaton","floor":33,"turns":10},{"damage":43,"enemies":"3 Darklings","floor":35,"turns":5},{"damage":9,"enemies":"2 Orb Walkers","floor":39,"turns":3},{"damage":0,"enemies":"3 Shapes","floor":40,"turns":4},{"damage":6,"enemies":"Mind Bloom Boss Battle","floor":42,"turns":3},{"damage":7,"enemies":"Maw","floor":44,"turns":5},{"damage":2,"enemies":"Nemesis","floor":45,"turns":3},{"damage":20,"enemies":"Donu and Deca","floor":50,"turns":6}],"seed_played":"-8084244848093459581","potions_obtained":[{"floor":2,"key":"Weak Potion"},{"floor":3,"key":"PowerPotion"},{"floor":10,"key":"SpeedPotion"},{"floor":16,"key":"SteroidPotion"},{"floor":21,"key":"Swift Potion"},{"floor":24,"key":"Strength Potion"},{"floor":28,"key":"Swift Potion"},{"floor":30,"key":"AttackPotion"},{"floor":33,"key":"EssenceOfSteel"},{"floor":35,"key":"Strength Potion"},{"floor":40,"key":"Fire Potion"},{"floor":42,"key":"Fruit Juice"}],"is_trial":false,"path_per_floor":["M","M","M","$","M","R","E","R","T","E","?","$","R","M","R","B",null,"M","?","M","M","$","R","E","R","T","M","M","$","M","?","R","B",null,"M","$","?","$","?","M","R","?","T","M","E","$","?","?","R","B",null],"character_chosen":"IRONCLAD","items_purchased":["True Grit","Inflame","Feel No Pain","Shrug It Off","Seeing Red","Sentinel","Corruption","Letter Opener"],"campfire_rested":1,"item_purchase_floors":[4,4,12,12,22,29,38,46],"current_hp_per_floor":[80,80,80,80,73,73,62,62,62,55,55,55,55,60,60,32,80,74,74,68,46,46,46,36,36,36,42,46,46,31,31,55,22,80,43,43,63,63,60,66,66,66,66,70,74,74,74,74,74,60],"gold":39,"neow_bonus":"RANDOM_COMMON_RELIC","is_prod":false,"is_daily":false,"chose_seed":false,"campfire_upgraded":8,"win_rate":0,"timestamp":1543718218,"path_taken":["M","M","M","$","M","R","E","R","T","E","?","?","R","M","R","BOSS","M","?","M","M","$","R","E","R","T","M","M","$","?","?","R","BOSS","M","$","?","$","?","M","R","?","T","?","E","$","?","?","R","BOSS"],"build_version":"2018-11-15","purchased_purges":1,"victory":true,"max_hp_per_floor":[80,80,80,80,80,80,80,80,80,80,80,80,80,80,80,80,80,80,80,80,80,80,80,80,80,80,80,80,80,80,80,80,80,80,80,80,80,80,80,80,80,80,80,85,85,85,85,85,85,85],"card_choices":[{"not_picked":["True Grit","Metallicize"],"picked":"Shrug It Off","floor":1},{"not_picked":["Metallicize","Perfected Strike"],"picked":"Cleave","floor":2},{"not_picked":["Headbutt","Warcry"],"picked":"Feel No Pain","floor":3},{"not_picked":["Wild Strike","Perfected Strike"],"picked":"Twin Strike","floor":5},{"not_picked":["True Grit","Iron Wave"],"picked":"Dark Embrace","floor":7},{"not_picked":["Sever Soul","Flex"],"picked":"Headbutt","floor":10},{"not_picked":["Armaments","Headbutt"],"picked":"Seeing Red","floor":14},{"not_picked":["Bludgeon","Brutality"],"picked":"Exhume","floor":16},{"not_picked":["Carnage+1","Perfected Strike"],"picked":"Pommel Strike","floor":18},{"not_picked":["Flex","Sword Boomerang+1"],"picked":"Flame Barrier+1","floor":20},{"not_picked":["Clash+1","Metallicize"],"picked":"Armaments+1","floor":21},{"not_picked":["Dual Wield","Searing Blow"],"picked":"Twin Strike+1","floor":24},{"not_picked":["Fire Breathing","Entrench"],"picked":"Intimidate","floor":27},{"not_picked":["Wild Strike+1","Shrug It Off"],"picked":"Battle Trance","floor":28},{"not_picked":["Body Slam","Shrug It Off"],"picked":"Juggernaut","floor":30},{"not_picked":["Double Tap","Berserk"],"picked":"Offering","floor":33},{"not_picked":["Cleave","Seeing Red+1"],"picked":"Havoc+1","floor":35},{"not_picked":["Dropkick","Sword Boomerang"],"picked":"Body Slam","floor":40},{"not_picked":["Headbutt+1","Pommel Strike"],"picked":"Iron Wave+1","floor":42},{"not_picked":["Perfected Strike+1","Dropkick+1"],"picked":"Clothesline+1","floor":44},{"not_picked":["Fire Breathing+1","Heavy Blade+1","Anger+1"],"picked":"SKIP","floor":45},{"not_picked":["Dramatic Entrance","Jack Of All Trades"],"picked":"The Bomb","floor":47}],"player_experience":261441,"relics_obtained":[{"floor":7,"key":"Centennial Puzzle"},{"floor":9,"key":"Pen Nib"},{"floor":10,"key":"Lantern"},{"floor":24,"key":"Pocketwatch"},{"floor":26,"key":"Sundial"},{"floor":39,"key":"Torii"},{"floor":42,"key":"Peace Pipe"},{"floor":43,"key":"Gremlin Horn"},{"floor":45,"key":"MawBank"}],"event_choices":[{"cards_removed":["Strike_R"],"damage_healed":0,"gold_gain":0,"player_choice":"Offered Basic","damage_taken":0,"max_hp_gain":0,"max_hp_loss":0,"event_name":"Bonfire Elementals","floor":11,"gold_loss":0},{"damage_healed":0,"gold_gain":0,"player_choice":"Upgraded","damage_taken":0,"max_hp_gain":0,"max_hp_loss":0,"event_name":"Upgrade Shrine","floor":19,"gold_loss":0,"cards_upgraded":["Dark Embrace"]},{"damage_healed":0,"gold_gain":0,"player_choice":"Ignored","damage_taken":0,"max_hp_gain":0,"max_hp_loss":0,"event_name":"Cursed Tome","floor":31,"gold_loss":0},{"damage_healed":20,"gold_gain":0,"player_choice":"Writhe","damage_taken":0,"max_hp_gain":0,"max_hp_loss":0,"event_name":"Winding Halls","floor":37,"gold_loss":0,"cards_obtained":["Writhe"]},{"damage_healed":0,"gold_gain":0,"player_choice":"Fight","damage_taken":0,"max_hp_gain":0,"max_hp_loss":0,"event_name":"Mysterious Sphere","floor":39,"gold_loss":0},{"damage_healed":0,"gold_gain":0,"player_choice":"Fight","damage_taken":0,"max_hp_gain":0,"max_hp_loss":0,"event_name":"MindBloom","floor":42,"gold_loss":0},{"damage_healed":0,"gold_gain":0,"player_choice":"Memory 1","damage_taken":0,"max_hp_gain":0,"max_hp_loss":0,"event_name":"SensoryStone","floor":47,"gold_loss":0},{"cards_removed":["Strike_R"],"damage_healed":0,"gold_gain":0,"player_choice":"Removed Attack","damage_taken":0,"max_hp_gain":0,"max_hp_loss":0,"event_name":"Falling","floor":48,"gold_loss":0}],"is_beta":false,"boss_relics":[{"not_picked":["Velvet Choker","Runic Cube"],"picked":"Lizard Tail"},{"not_picked":["Runic Dome","Astrolabe"],"picked":"Philosopher\u0027s Stone"}],"items_purged_floors":[22],"is_endless":false,"potions_floor_spawned":[2,3,10,16,21,24,28,30,33,35,40,42],"ascension_level":1}