{"gold_per_floor":[113,125,140,56,231,266,289,289,370,370],"floor_reached":10,"playtime":405,"items_purged":[],"score":76,"play_id":"2f1d9393-5a40-4844-a559-c0e641a72f22","local_time":"20190420164747","is_ascension_mode":true,"campfire_choices":[{"data":"Neutralize","floor":8,"key":"SMITH"}],"neow_cost":"NONE","seed_source_timestamp":324944747551099,"circlet_count":0,"master_deck":["Defend_G","Defend_G","Defend_G","Defend_G","Defend_G","Strike_G","Strike_G","Strike_G","Strike_G","Strike_G","Survivor","Neutralize+1","Panacea","Well Laid Plans","Dash","Slice","Swift Strike","Doubt","Dash","Flying Knee"],"relics":["Ring of the Snake","Pen Nib","Odd Mushroom"],"potions_floor_usage":[6,6],"damage_taken":[{"damage":4,"enemies":"Jaw Worm","floor":1,"turns":5},{"damage":0,"enemies":"2 Louse","floor":2,"turns":3},{"damage":6,"enemies":"Cultist","floor":3,"turns":4},{"damage":22,"enemies":"3 Sentries","floor":6,"turns":14},{"damage":21,"enemies":"The Mushroom Lair","floor":7,"turns":6},{"damage":0,"enemies":"2 Fungi Beasts","floor":10,"turns":2}],"seed_played":"8014965566761229598","potions_obtained":[{"floor":1,"key":"LiquidBronze"},{"floor":2,"key":"PowerPotion"},{"floor":7,"key":"SteroidPotion"}],"is_trial":false,"path_per_floor":["M","M","M","$","?","E","?","R","T","M"],"character_chosen":"THE_SILENT","items_purchased":["Swift Strike"],"campfire_rested":0,"item_purchase_floors":[4],"current_hp_per_floor":[66,66,60,60,60,38,17,17,17,17],"gold":370,"neow_bonus":"RANDOM_COLORLESS","is_prod":false,"is_daily":false,"chose_seed":false,"campfire_upgraded":1,"win_rate":0,"timestamp":1555746467,"path_taken":["M","M","M","$","?","E","?","R","T","M"],"build_version":"2019-01-23","purchased_purges":0,"victory":false,"max_hp_per_floor":[70,70,70,70,70,70,70,70,70,70],"card_choices":[{"not_picked":["Deflect","Escape Plan"],"picked":"Well Laid Plans","floor":1},{"not_picked":["Quick Slash","Blur"],"picked":"Dash","floor":2},{"not_picked":["Blur","Bane"],"picked":"Slice","floor":3},{"not_picked":["Flying Knee","PiercingWail"],"picked":"Dash","floor":6},{"not_picked":["Outmaneuver","Slice"],"picked":"Flying Knee","floor":7}],"player_experience":321035,"relics_obtained":[{"floor":6,"key":"Pen Nib"},{"floor":7,"key":"Odd Mushroom"}],"event_choices":[{"damage_healed":0,"gold_gain":175,"player_choice":"AGREE","damage_taken":0,"max_hp_gain":0,"max_hp_loss":0,"event_name":"Liars Game","floor":5,"gold_loss":0,"cards_obtained":["Doubt"]},{"damage_healed":0,"gold_gain":0,"player_choice":"Fought Mushrooms","damage_taken":0,"max_hp_gain":0,"max_hp_loss":0,"event_name":"Mushrooms","floor":7,"gold_loss":0}],"is_beta":false,"boss_relics":[],"items_purged_floors":[],"is_endless":false,"potions_floor_spawned":[1,2,7],"killed_by":"2 Fungi Beasts","ascension_level":3}