{"gold_per_floor":[117,129,129,179,194,194,223,223,223,236,269,60,78,94,94,169,169,187,58,74,88,88,119,139,139,211,225,275,275,354,454,454,531,531,549,73,173,186,0,0,33,33,83,83,99,99,63,93,93,93],"floor_reached":51,"playtime":5071,"items_purged":["Strike_R","Writhe"],"score":1364,"play_id":"3fdfdc10-b010-46b9-80e5-f89dba1f21ac","local_time":"20190211000429","is_ascension_mode":true,"campfire_choices":[{"floor":6.0,"key":"REST"},{"floor":8.0,"key":"REST"},{"floor":15.0,"key":"REST"},{"floor":25.0,"key":"REST"},{"data":"Shockwave","floor":29.0,"key":"SMITH"},{"floor":32.0,"key":"REST"},{"floor":40.0,"key":"DIG"},{"floor":44.0,"key":"REST"},{"floor":46.0,"key":"DIG"},{"floor":49.0,"key":"REST"}],"neow_cost":"NONE","seed_source_timestamp":342165344455080,"circlet_count":0,"master_deck":["AscendersBane","Strike_R","Strike_R","Strike_R","Strike_R","Defend_R","Defend_R","Defend_R","Defend_R","Bash","Reaper","Ghostly Armor","Seeing Red","Flex","Clothesline","Inflame","Shrug It Off","Impervious","Headbutt","Feed","Shockwave+1","Pommel Strike+1","Reaper","Body Slam+1","Pummel","Feel No Pain","Flex+1","Ghostly Armor","Sever Soul+1","Impervious","Shame","Offering","Exhume","Clothesline+1","Evolve+1","Disarm","Shockwave","Feel No Pain+1","Mayhem+1","Secret Weapon","Master of Strategy","Mind Blast","Clumsy","Warcry","Spot Weakness","Demon Form+1"],"special_seed":0,"relics":["Orrery","Mango","Charon\u0027s Ashes","Pen Nib","Cursed Key","Vajra","Darkstone Periapt","Frozen Egg 2","Peace Pipe","Pear","Mark of Pain","Lee\u0027s Waffle","Shovel","Champion Belt","Kunai","Oddly Smooth Stone","Whetstone","Omamori"],"potions_floor_usage":[50,50],"damage_taken":[{"damage":4.0,"enemies":"Small Slimes","floor":1.0,"turns":3.0},{"damage":6.0,"enemies":"2 Louse","floor":2.0,"turns":3.0},{"damage":14.0,"enemies":"Cultist","floor":5.0,"turns":5.0},{"damage":44.0,"enemies":"Gremlin Nob","floor":7.0,"turns":6.0},{"damage":12.0,"enemies":"Blue Slaver","floor":10.0,"turns":4.0},{"damage":7.0,"enemies":"3 Sentries","floor":11.0,"turns":6.0},{"damage":16.0,"enemies":"Exordium Thugs","floor":13.0,"turns":5.0},{"damage":0.0,"enemies":"Large Slime","floor":14.0,"turns":6.0},{"damage":11.0,"enemies":"Slime Boss","floor":16.0,"turns":9.0},{"damage":4.0,"enemies":"Chosen","floor":18.0,"turns":4.0},{"damage":21.0,"enemies":"Shell Parasite","floor":20.0,"turns":5.0},{"damage":7.0,"enemies":"Chosen and Byrds","floor":21.0,"turns":4.0},{"damage":21.0,"enemies":"Book of Stabbing","floor":23.0,"turns":6.0},{"damage":8.0,"enemies":"Snake Plant","floor":24.0,"turns":4.0},{"damage":0.0,"enemies":"Snecko","floor":27.0,"turns":5.0},{"damage":9.0,"enemies":"Colosseum Slavers","floor":31.0,"turns":3.0},{"damage":38.0,"enemies":"Colosseum Nobs","floor":31.0,"turns":5.0},{"damage":115.0,"enemies":"Collector","floor":33.0,"turns":13.0},{"damage":17.0,"enemies":"Orb Walker","floor":35.0,"turns":4.0},{"damage":12.0,"enemies":"Mind Bloom Boss Battle","floor":37.0,"turns":7.0},{"damage":13.0,"enemies":"3 Shapes","floor":38.0,"turns":4.0},{"damage":53.0,"enemies":"Giant Head","floor":41.0,"turns":10.0},{"damage":17.0,"enemies":"Maw","floor":45.0,"turns":7.0},{"damage":40.0,"enemies":"Nemesis","floor":48.0,"turns":7.0},{"damage":60,"enemies":"Donu and Deca","floor":50,"turns":10}],"seed_played":"-4299378075519296185","potions_obtained":[{"floor":2.0,"key":"Ancient Potion"},{"floor":10.0,"key":"Energy Potion"},{"floor":11.0,"key":"Poison Potion"},{"floor":13.0,"key":"Block Potion"},{"floor":18.0,"key":"Ancient Potion"},{"floor":24.0,"key":"Dexterity Potion"},{"floor":27.0,"key":"GamblersBrew"},{"floor":31.0,"key":"SpeedPotion"},{"floor":37.0,"key":"PowerPotion"},{"floor":41.0,"key":"Strength Potion"}],"is_trial":false,"path_per_floor":["M","M","?","?","M","R","E","R","T","M","E","$","M","M","R","B",null,"M","$","M","M","?","E","M","R","T","M","?","R","T","?","R","B",null,"M","$","?","M","$","R","E","?","T","R","M","R","$","E","R","B",null],"character_chosen":"IRONCLAD","items_purchased":["Shockwave","PowerPotion","Pummel","Feel No Pain","Lee\u0027s Waffle","Evolve+1","Disarm","Mayhem+1","Spot Weakness"],"campfire_rested":7,"item_purchase_floors":[12,12,19,19,36,36,36,39,47],"current_hp_per_floor":[64,66,66,66,58,75,45,71,71,63,73,73,57,69,92,87,91,87,87,75,77,77,62,65,94,94,94,94,94,100,83,119,53,103,89,130,130,124,124,124,95,85,91,132,122,122,122,83,124,84],"gold":93,"neow_bonus":"BOSS_RELIC","is_prod":false,"is_daily":false,"chose_seed":false,"campfire_upgraded":1,"win_rate":0,"timestamp":1549836269,"path_taken":["M","M","?","?","M","R","E","R","T","M","E","$","M","M","R","BOSS","M","$","M","?","?","E","?","R","T","M","?","R","?","?","R","BOSS","M","$","?","M","$","R","E","?","T","R","M","R","$","E","R","BOSS"],"build_version":"2019-01-23","purchased_purges":2,"victory":true,"max_hp_per_floor":[75,75,75,75,75,75,89,89,89,89,89,89,89,92,92,92,92,92,92,92,95,95,95,98,98,98,98,98,98,104,120,120,120,120,123,130,133,133,133,133,133,133,139,139,139,139,139,139,139,139],"card_choices":[{"not_picked":["Twin Strike","Blood for Blood"],"picked":"Reaper","floor":0.0},{"not_picked":["Thunderclap","Clothesline"],"picked":"Ghostly Armor","floor":0.0},{"not_picked":["Wild Strike","Searing Blow"],"picked":"Seeing Red","floor":0.0},{"not_picked":["Thunderclap","Twin Strike"],"picked":"Flex","floor":0.0},{"not_picked":["Thunderclap","Evolve"],"picked":"Clothesline","floor":0.0},{"not_picked":["Clash","Sword Boomerang"],"picked":"Inflame","floor":1.0},{"not_picked":["Sword Boomerang","Combust","Clothesline"],"picked":"SKIP","floor":2.0},{"not_picked":["Wild Strike","Combust"],"picked":"Shrug It Off","floor":5.0},{"not_picked":["Heavy Blade","Reckless Charge"],"picked":"Impervious","floor":7.0},{"not_picked":["Feel No Pain","Seeing Red"],"picked":"Headbutt","floor":10.0},{"not_picked":["Wild Strike","True Grit"],"picked":"Feed","floor":11.0},{"not_picked":["Clothesline","Cleave"],"picked":"Pommel Strike","floor":13.0},{"not_picked":["Clash","Wild Strike","Body Slam"],"picked":"SKIP","floor":14.0},{"not_picked":["Bludgeon","Dark Embrace"],"picked":"Reaper","floor":16.0},{"not_picked":["Headbutt","Inflame"],"picked":"Body Slam+1","floor":18.0},{"not_picked":["Thunderclap","Heavy Blade"],"picked":"Flex+1","floor":20.0},{"not_picked":["Perfected Strike+1","Clash","Hemokinesis"],"picked":"SKIP","floor":21.0},{"not_picked":["Carnage","Searing Blow"],"picked":"Sever Soul","floor":23.0},{"not_picked":["Shrug It Off","Pommel Strike"],"picked":"Impervious","floor":24.0},{"not_picked":["Clash","Entrench","Sever Soul"],"picked":"SKIP","floor":27.0},{"not_picked":["Cleave+1","Flex"],"picked":"Offering","floor":31.0},{"not_picked":["Brutality+1","Double Tap"],"picked":"Exhume","floor":33.0},{"not_picked":["Shrug It Off","Rupture+1"],"picked":"Clothesline+1","floor":35.0},{"not_picked":["Shrug It Off","Thunderclap"],"picked":"Shockwave","floor":37.0},{"not_picked":["Armaments","True Grit"],"picked":"Feel No Pain+1","floor":38.0},{"not_picked":["Blood for Blood","Body Slam","Heavy Blade"],"picked":"SKIP","floor":41.0},{"not_picked":["Swift Strike","Sadistic Nature+1"],"picked":"Secret Weapon","floor":42.0},{"not_picked":["Sadistic Nature+1","Trip"],"picked":"Master of Strategy","floor":42.0},{"not_picked":["Good Instincts","Finesse"],"picked":"Mind Blast","floor":42.0},{"not_picked":["Heavy Blade","Anger"],"picked":"Warcry","floor":45.0},{"not_picked":["Iron Wave+1","Pummel"],"picked":"Demon Form+1","floor":48.0}],"player_experience":574824,"relics_obtained":[{"floor":7.0,"key":"Mango"},{"floor":9.0,"key":"Charon\u0027s Ashes"},{"floor":11.0,"key":"Pen Nib"},{"floor":23.0,"key":"Vajra"},{"floor":26.0,"key":"Darkstone Periapt"},{"floor":30.0,"key":"Frozen Egg 2"},{"floor":31.0,"key":"Peace Pipe"},{"floor":31.0,"key":"Pear"},{"floor":37.0,"key":"Shovel"},{"floor":40.0,"key":"Champion Belt"},{"floor":41.0,"key":"Kunai"},{"floor":43.0,"key":"Oddly Smooth Stone"},{"floor":46.0,"key":"Whetstone"},{"floor":48.0,"key":"Omamori"}],"event_choices":[{"damage_healed":0.0,"max_hp_gain":0.0,"max_hp_loss":0.0,"gold_gain":0.0,"event_name":"Liars Game","player_choice":"Ignored","floor":3.0,"gold_loss":0.0,"damage_taken":0.0},{"damage_healed":0.0,"max_hp_gain":0.0,"max_hp_loss":0.0,"gold_gain":50.0,"event_name":"Golden Shrine","player_choice":"Pray","floor":4.0,"gold_loss":0.0,"damage_taken":0.0},{"damage_healed":0.0,"max_hp_gain":0.0,"max_hp_loss":0.0,"gold_gain":0.0,"event_name":"Duplicator","player_choice":"Copied","floor":22.0,"gold_loss":0.0,"damage_taken":0.0,"cards_obtained":["Ghostly Armor"]},{"damage_healed":0.0,"max_hp_gain":0.0,"max_hp_loss":0.0,"gold_gain":50.0,"event_name":"Nest","player_choice":"Stole From Cult","floor":28.0,"gold_loss":0.0,"damage_taken":0.0},{"damage_healed":0.0,"max_hp_gain":0.0,"max_hp_loss":0.0,"gold_gain":0.0,"event_name":"Colosseum","player_choice":"Fight","floor":31.0,"gold_loss":0.0,"damage_taken":0.0},{"damage_healed":0.0,"max_hp_gain":0.0,"max_hp_loss":0.0,"gold_gain":0.0,"event_name":"Colosseum","player_choice":"Fought Nobs","floor":31.0,"gold_loss":0.0,"damage_taken":0.0},{"damage_healed":0.0,"max_hp_gain":0.0,"max_hp_loss":0.0,"gold_gain":0.0,"event_name":"MindBloom","player_choice":"Fight","floor":37.0,"gold_loss":0.0,"damage_taken":0.0},{"damage_healed":0.0,"max_hp_gain":0.0,"max_hp_loss":0.0,"gold_gain":0.0,"event_name":"SensoryStone","player_choice":"Memory 3","floor":42.0,"gold_loss":0.0,"damage_taken":10.0}],"is_beta":false,"boss_relics":[{"not_picked":["Astrolabe","Calling Bell"],"picked":"Cursed Key"},{"not_picked":["Black Star","Runic Cube"],"picked":"Mark of Pain"}],"items_purged_floors":[12,36],"is_endless":false,"potions_floor_spawned":[2,10,11,13,18,24,27,31,37,41,45],"ascension_level":17}