{"gold_per_floor":[114,131,32,49,49,84,84,104,104,136,151,151,170,180,180,284,284,284,65,65,65,65,65,42,42,42,42,42,42,42,42,42,42,42,42,42,42,42,42,42,42,42,42,42,42,42,0,0,0,0],"floor_reached":51,"playtime":10982,"items_purged":["Defend_R","Strike_R"],"score":675,"play_id":"abdae755-b57c-4271-866b-fed01cd84a00","local_time":"20190102163300","is_ascension_mode":false,"campfire_choices":[{"floor":7.0,"key":"REST"},{"data":"Flame Barrier","floor":12.0,"key":"SMITH"},{"data":"Rage","floor":15.0,"key":"SMITH"},{"data":"Infernal Blade","floor":28.0,"key":"SMITH"},{"data":"Brutality","floor":32.0,"key":"SMITH"},{"floor":41,"key":"REST"},{"data":"Juggernaut","floor":49,"key":"SMITH"}],"neow_cost":"NONE","seed_source_timestamp":0,"circlet_count":0,"master_deck":["Strike_R+1","Strike_R+1","Strike_R+1","Strike_R+1","Defend_R+1","Defend_R+1","Defend_R+1","Bash","Reaper","Rage+1","Flame Barrier+1","Flex","Shrug It Off+1","Infernal Blade+1","Thunderclap","Dropkick","Shockwave","Brutality+1","Dropkick","Rampage","Headbutt","Thunderclap+1","Headbutt","Bloodletting+1","Flame Barrier+1","Juggernaut+1","Uppercut+1","Doubt","Infernal Blade+1","Ghostly Armor+1"],"special_seed":0,"relics":["Burning Blood","PreservedInsect","Ancient Tea Set","Meat on the Bone","Ectoplasm","Incense Burner","Matryoshka","Letter Opener","Dodecahedron","Darkstone Periapt","Lantern","Runic Pyramid","Vajra","Bottled Lightning","Potion Belt","Mummified Hand","Red Mask"],"potions_floor_usage":[39,50],"damage_taken":[{"damage":1.0,"enemies":"Cultist","floor":1.0,"turns":4.0},{"damage":0.0,"enemies":"2 Louse","floor":2.0,"turns":3.0},{"damage":11.0,"enemies":"Jaw Worm","floor":4.0,"turns":4.0},{"damage":25.0,"enemies":"3 Sentries","floor":6.0,"turns":14.0},{"damage":6.0,"enemies":"3 Louse","floor":8.0,"turns":4.0},{"damage":9.0,"enemies":"Gremlin Nob","floor":10.0,"turns":4.0},{"damage":9.0,"enemies":"Exordium Thugs","floor":11.0,"turns":4.0},{"damage":8.0,"enemies":"Blue Slaver","floor":13.0,"turns":4.0},{"damage":7.0,"enemies":"Large Slime","floor":14.0,"turns":7.0},{"damage":19.0,"enemies":"Hexaghost","floor":16.0,"turns":9.0},{"damage":22.0,"enemies":"Spheric Guardian","floor":18.0,"turns":5.0},{"damage":29.0,"enemies":"Colosseum Slavers","floor":20.0,"turns":3.0},{"damage":9.0,"enemies":"Colosseum Nobs","floor":20.0,"turns":5.0},{"damage":1.0,"enemies":"3 Byrds","floor":21.0,"turns":3.0},{"damage":14.0,"enemies":"Slavers","floor":23.0,"turns":4.0},{"damage":8.0,"enemies":"Gremlin Leader","floor":25.0,"turns":5.0},{"damage":5.0,"enemies":"Shelled Parasite and Fungi","floor":29.0,"turns":4.0},{"damage":48.0,"enemies":"Champ","floor":33.0,"turns":11.0},{"damage":12,"enemies":"Orb Walker","floor":35,"turns":3},{"damage":19,"enemies":"3 Darklings","floor":39,"turns":4},{"damage":23,"enemies":"Reptomancer","floor":40,"turns":3},{"damage":16,"enemies":"4 Shapes","floor":44,"turns":4},{"damage":4,"enemies":"Jaw Worm Horde","floor":46,"turns":4},{"damage":7,"enemies":"Sphere and 2 Shapes","floor":48,"turns":5},{"damage":66,"enemies":"Awakened One","floor":50,"turns":15}],"seed_played":"962553802918491607","potions_obtained":[{"floor":6.0,"key":"Block Potion"},{"floor":8.0,"key":"Ancient Potion"},{"floor":11.0,"key":"EssenceOfSteel"},{"floor":13.0,"key":"SneckoOil"},{"floor":14.0,"key":"Regen Potion"},{"floor":16.0,"key":"EssenceOfSteel"},{"floor":20.0,"key":"Regen Potion"},{"floor":23.0,"key":"SteroidPotion"},{"floor":29.0,"key":"Regen Potion"},{"floor":35,"key":"Dexterity Potion"},{"floor":46,"key":"FearPotion"}],"is_trial":false,"path_per_floor":["M","M","$","M","?","E","R","M","T","E","M","R","M","M","R","B",null,"M","$","?","M","?","E","$","E","T","?","R","M","?","$","R","B",null,"M","?","$","?","M","E","R","T","T","M","?","M","?","M","R","B",null],"character_chosen":"IRONCLAD","items_purchased":["Flex","Dropkick","Rampage","Headbutt"],"campfire_rested":2,"item_purchase_floors":[3,19,19,24],"current_hp_per_floor":[80,80,80,75,59,52,76,80,80,77,74,74,80,79,79,80,80,66,66,64,69,69,79,79,77,77,77,77,80,80,80,80,55,80,74,74,74,74,76,59,76,76,76,66,82,82,82,81,81,40],"gold":0,"neow_bonus":"ONE_RANDOM_RARE_CARD","is_prod":false,"is_daily":false,"chose_seed":false,"campfire_upgraded":5,"win_rate":0.0,"timestamp":1546439580,"path_taken":["M","M","$","M","?","E","R","M","T","E","M","R","M","M","R","BOSS","M","$","?","M","?","E","$","E","T","?","R","M","?","$","R","BOSS","M","?","$","?","M","E","R","?","T","M","?","M","?","M","R","BOSS"],"build_version":"2018-12-20","purchased_purges":2,"victory":true,"max_hp_per_floor":[80,80,80,80,80,80,80,80,80,80,80,80,80,80,80,80,80,80,80,80,80,80,80,80,80,80,80,80,80,80,80,80,80,80,80,80,80,76,76,76,76,76,76,76,82,82,82,82,82,82],"card_choices":[{"not_picked":["Cleave","Clothesline"],"picked":"Rage","floor":1.0},{"not_picked":["Shrug It Off","Headbutt"],"picked":"Flame Barrier","floor":2.0},{"not_picked":["Power Through","Clothesline"],"picked":"Shrug It Off","floor":4.0},{"not_picked":["Dark Embrace","Clash"],"picked":"Infernal Blade","floor":6.0},{"not_picked":["Iron Wave","Second Wind"],"picked":"Thunderclap","floor":8.0},{"not_picked":["Twin Strike","Bludgeon"],"picked":"Dropkick","floor":10.0},{"not_picked":["Clash","Sword Boomerang","Whirlwind"],"picked":"SKIP","floor":11.0},{"not_picked":["Armaments","Sword Boomerang"],"picked":"Shockwave","floor":13.0},{"not_picked":["Flex","Searing Blow","Body Slam"],"picked":"SKIP","floor":14.0},{"not_picked":["Reaper","Juggernaut"],"picked":"Brutality","floor":16.0},{"not_picked":["Twin Strike","Sword Boomerang+1"],"picked":"Combust+1","floor":18.0},{"not_picked":["True Grit","Twin Strike+1"],"picked":"Headbutt","floor":21.0},{"not_picked":["Fire Breathing","Bludgeon"],"picked":"Thunderclap+1","floor":23.0},{"not_picked":["Body Slam","True Grit"],"picked":"Bloodletting+1","floor":25.0},{"not_picked":["Thunderclap","Headbutt","Anger+1"],"picked":"SKIP","floor":29.0},{"not_picked":["Dark Embrace","Fiend Fire"],"picked":"Juggernaut","floor":33.0},{"not_picked":["Carnage","Twin Strike"],"picked":"Uppercut+1","floor":35},{"not_picked":["Disarm+1","Thunderclap+1","Clothesline+1"],"picked":"SKIP","floor":39},{"not_picked":["Disarm+1","Sword Boomerang","Searing Blow+1"],"picked":"SKIP","floor":40},{"not_picked":["Warcry","Burning Pact+1","Clash"],"picked":"SKIP","floor":44},{"not_picked":["Iron Wave+1","Flex"],"picked":"Infernal Blade+1","floor":46},{"not_picked":["True Grit","Rupture"],"picked":"Ghostly Armor+1","floor":48}],"player_experience":5121,"relics_obtained":[{"floor":6.0,"key":"PreservedInsect"},{"floor":9.0,"key":"Ancient Tea Set"},{"floor":10.0,"key":"Meat on the Bone"},{"floor":20.0,"key":"Incense Burner"},{"floor":20.0,"key":"Matryoshka"},{"floor":23.0,"key":"Letter Opener"},{"floor":25.0,"key":"Dodecahedron"},{"floor":26.0,"key":"Darkstone Periapt"},{"floor":26.0,"key":"Lantern"},{"floor":40,"key":"Vajra"},{"floor":42,"key":"Bottled Lightning"},{"floor":42,"key":"Potion Belt"},{"floor":43,"key":"Mummified Hand"}],"event_choices":[{"damage_healed":0.0,"max_hp_gain":0.0,"max_hp_loss":0.0,"gold_gain":0.0,"event_name":"Shining Light","player_choice":"Entered Light","floor":5.0,"gold_loss":0.0,"damage_taken":16.0,"cards_upgraded":["Shrug It Off","Strike_R"]},{"damage_healed":0.0,"max_hp_gain":0.0,"max_hp_loss":0.0,"gold_gain":0.0,"event_name":"Colosseum","player_choice":"Fight","floor":20.0,"gold_loss":0.0,"damage_taken":0.0},{"damage_healed":0.0,"max_hp_gain":0.0,"max_hp_loss":0.0,"gold_gain":0.0,"event_name":"Colosseum","player_choice":"Fought Nobs","floor":20.0,"gold_loss":0.0,"damage_taken":0.0},{"damage_healed":0.0,"max_hp_gain":0.0,"max_hp_loss":0.0,"gold_gain":0.0,"event_name":"Back to Basics","player_choice":"Simplicity","floor":22.0,"gold_loss":0.0,"damage_taken":0.0,"cards_upgraded":["Strike_R","Strike_R","Strike_R","Defend_R","Defend_R","Defend_R"]},{"damage_healed":0.0,"max_hp_gain":0.0,"max_hp_loss":0.0,"gold_gain":0.0,"event_name":"Vampires","player_choice":"Ignored","floor":27.0,"gold_loss":0.0,"damage_taken":0.0},{"damage_healed":0.0,"max_hp_gain":0.0,"max_hp_loss":0.0,"gold_gain":0.0,"event_name":"Duplicator","player_choice":"Copied","floor":30.0,"gold_loss":0.0,"damage_taken":0.0,"cards_obtained":["Flame Barrier"]},{"cards_removed":["Combust"],"damage_healed":0,"gold_gain":0,"player_choice":"Removed Power","damage_taken":0,"max_hp_gain":0,"max_hp_loss":0,"event_name":"Falling","floor":36,"gold_loss":0},{"damage_healed":0,"gold_gain":0,"player_choice":"Max HP","damage_taken":0,"max_hp_gain":0,"max_hp_loss":4,"event_name":"Winding Halls","floor":38,"gold_loss":0},{"damage_healed":10,"gold_gain":0,"player_choice":"Heal","damage_taken":0,"max_hp_gain":0,"max_hp_loss":0,"event_name":"MindBloom","floor":45,"gold_loss":0,"cards_obtained":["Doubt"]},{"damage_healed":0,"gold_gain":0,"player_choice":"Paid","damage_taken":0,"relics_obtained":["Red Mask"],"max_hp_gain":0,"max_hp_loss":0,"event_name":"Tomb of Lord Red Mask","floor":47,"gold_loss":42}],"is_beta":false,"boss_relics":[{"not_picked":["Busted Crown","Runic Dome"],"picked":"Ectoplasm"},{"not_picked":["Black Star","Black Blood"],"picked":"Runic Pyramid"}],"items_purged_floors":[3,19],"is_endless":false,"potions_floor_spawned":[6,8,11,13,14,16,20,21,23,25,29,35,46],"ascension_level":0}