{"gold_per_floor":[112,130,144,162,162,162,187,187,187,207,207,226,258,41,41,136,136,152,167,184,184,200,200,133,133,160,194,210,210,2,20,20,120,120,134,9,26,39,58,58,12,43,43,43,43,63,63,93,93,93],"floor_reached":51,"playtime":4421,"items_purged":["Strike_G","Strike_G","Strike_G"],"score":1021,"play_id":"4a32e692-7a42-4052-bb80-a96f31417e4f","local_time":"20190221224807","is_ascension_mode":true,"campfire_choices":[{"data":"Neutralize","floor":6,"key":"SMITH"},{"floor":11,"key":"REST"},{"data":"Leg Sweep","floor":15,"key":"SMITH"},{"floor":23,"key":"REST"},{"data":"Well Laid Plans","floor":25,"key":"SMITH"},{"data":"Acrobatics","floor":29,"key":"SMITH"},{"floor":32,"key":"REST"},{"data":"Noxious Fumes","floor":40,"key":"SMITH"},{"data":"Footwork","floor":45,"key":"SMITH"},{"data":"Malaise","floor":47,"key":"SMITH"},{"data":"Crippling Poison","floor":49,"key":"SMITH"}],"neow_cost":"NONE","seed_source_timestamp":371716191117950,"circlet_count":0,"master_deck":["Defend_G","Defend_G","Defend_G","Defend_G","Defend_G","Strike_G+1","Strike_G+1","Survivor","Neutralize+1","Quick Slash","Well Laid Plans+1","Die Die Die","Acrobatics+1","Backflip","Deadly Poison","Backstab","Leg Sweep+1","Caltrops","Blur","Bullet Time","Acrobatics+1","Backflip","Calculated Gamble","Crippling Poison+1","Blur","Noxious Fumes+1","Blur","Footwork+1","Night Terror","Cloak And Dagger+1","Deflect+1","PiercingWail","Malaise+1","Leg Sweep","Dodge and Roll+1"],"relics":["Ring of the Snake","Paper Crane","Dream Catcher","Letter Opener","Odd Mushroom","Whetstone","Velvet Choker","Bag of Marbles","Vajra","Eternal Feather","Juzu Bracelet","Question Card","PreservedInsect"],"potions_floor_usage":[7,33,42,50,50],"damage_taken":[{"damage":0,"enemies":"Cultist","floor":1,"turns":4},{"damage":0,"enemies":"Jaw Worm","floor":2,"turns":4},{"damage":0,"enemies":"2 Louse","floor":3,"turns":2},{"damage":1,"enemies":"Blue Slaver","floor":4,"turns":4},{"damage":18,"enemies":"Gremlin Nob","floor":7,"turns":4},{"damage":15,"enemies":"The Mushroom Lair","floor":10,"turns":4},{"damage":12,"enemies":"Gremlin Gang","floor":12,"turns":5},{"damage":12,"enemies":"3 Sentries","floor":13,"turns":8},{"damage":18,"enemies":"Hexaghost","floor":16,"turns":15},{"damage":5,"enemies":"Shell Parasite","floor":18,"turns":7},{"damage":2,"enemies":"Chosen","floor":19,"turns":5},{"damage":16,"enemies":"Snake Plant","floor":20,"turns":4},{"damage":2,"enemies":"3 Cultists","floor":22,"turns":5},{"damage":22,"enemies":"Slavers","floor":27,"turns":5},{"damage":2,"enemies":"Chosen and Byrds","floor":28,"turns":6},{"damage":0,"enemies":"Snake Plant","floor":31,"turns":5},{"damage":10,"enemies":"Automaton","floor":33,"turns":14},{"damage":3,"enemies":"3 Darklings","floor":35,"turns":5},{"damage":0,"enemies":"Orb Walker","floor":37,"turns":5},{"damage":0,"enemies":"Maw","floor":38,"turns":12},{"damage":19,"enemies":"3 Darklings","floor":39,"turns":6},{"damage":9,"enemies":"Reptomancer","floor":42,"turns":12},{"damage":2,"enemies":"Jaw Worm Horde","floor":46,"turns":9},{"damage":28,"enemies":"Nemesis","floor":48,"turns":13},{"damage":14,"enemies":"Awakened One","floor":50,"turns":32}],"seed_played":"5343569940340728609","potions_obtained":[{"floor":0,"key":"FearPotion"},{"floor":0,"key":"LiquidBronze"},{"floor":0,"key":"SkillPotion"},{"floor":4,"key":"Weak Potion"},{"floor":10,"key":"Block Potion"},{"floor":31,"key":"Fire Potion"},{"floor":33,"key":"Explosive Potion"},{"floor":35,"key":"Block Potion"},{"floor":42,"key":"EssenceOfSteel"}],"is_trial":false,"path_per_floor":["M","M","M","M","?","R","E","?","T","?","R","M","E","$","R","B",null,"M","M","M","$","M","R","$","R","T","E","M","R","$","M","R","B",null,"M","$","M","M","M","R","$","E","T","$","R","M","R","E","R","B",null],"character_chosen":"THE_SILENT","items_purchased":["Caltrops","Blur","Crippling Poison","Noxious Fumes","Blur","PiercingWail"],"campfire_rested":3,"item_purchase_floors":[14,14,24,30,30,41],"current_hp_per_floor":[63,63,63,62,59,59,41,41,41,26,47,35,23,23,23,5,54,49,47,31,31,29,50,50,50,50,28,26,26,26,26,47,37,62,59,59,59,59,40,58,58,49,49,49,67,65,70,42,63,49],"gold":93,"neow_bonus":"THREE_SMALL_POTIONS","is_prod":false,"is_daily":false,"chose_seed":false,"campfire_upgraded":8,"win_rate":0,"timestamp":1550807287,"path_taken":["M","M","M","M","?","R","E","?","T","?","R","M","E","?","R","BOSS","M","M","?","$","M","R","?","R","T","E","M","R","$","M","R","BOSS","M","$","M","M","?","R","$","E","T","?","R","M","R","E","R","BOSS"],"build_version":"2019-01-23","purchased_purges":3,"victory":true,"max_hp_per_floor":[70,70,70,70,70,70,70,70,70,70,70,70,70,70,70,70,70,70,70,70,70,70,70,70,70,70,70,70,70,70,70,70,70,70,70,70,70,70,70,70,70,70,70,70,70,70,70,70,70,70],"card_choices":[{"not_picked":["Masterful Stab","Terror"],"picked":"Quick Slash","floor":1},{"not_picked":["Quick Slash","Slice"],"picked":"Well Laid Plans","floor":2},{"not_picked":["Cloak And Dagger","Deadly Poison"],"picked":"Die Die Die","floor":3},{"not_picked":["Concentrate","Flechettes"],"picked":"Acrobatics","floor":4},{"not_picked":["Dagger Throw","Outmaneuver"],"picked":"Backflip","floor":7},{"not_picked":["Poisoned Stab","Blade Dance"],"picked":"Deadly Poison","floor":11},{"not_picked":["Choke","Flying Knee"],"picked":"Backstab","floor":12},{"not_picked":["Blur","Expertise"],"picked":"Leg Sweep","floor":13},{"not_picked":["Wraith Form v2","Doppelganger"],"picked":"Bullet Time","floor":16},{"not_picked":["Prepared","Accuracy"],"picked":"Acrobatics+1","floor":18},{"not_picked":["Catalyst","Poisoned Stab+1"],"picked":"Backflip","floor":19},{"not_picked":["Outmaneuver","Quick Slash+1","Prepared+1"],"picked":"SKIP","floor":20},{"not_picked":["Dash+1","Well Laid Plans"],"picked":"Calculated Gamble","floor":22},{"not_picked":["Bane","Phantasmal Killer"],"picked":"Blur","floor":27},{"not_picked":["Flying Knee","Dagger Throw","Setup"],"picked":"SKIP","floor":28},{"not_picked":["Sucker Punch","Underhanded Strike","Bouncing Flask"],"picked":"SKIP","floor":31},{"not_picked":["Quick Slash","Slice"],"picked":"Footwork","floor":32},{"not_picked":["Wraith Form v2","Envenom"],"picked":"Night Terror","floor":33},{"not_picked":["All Out Attack","Setup"],"picked":"Cloak And Dagger+1","floor":35},{"not_picked":["Sucker Punch+1","Reflex","Outmaneuver"],"picked":"SKIP","floor":37},{"not_picked":["Underhanded Strike","Sucker Punch"],"picked":"Deflect+1","floor":38},{"not_picked":["Dagger Throw","Predator+1","Deadly Poison"],"picked":"SKIP","floor":39},{"not_picked":["Deflect","Flying Knee"],"picked":"Malaise","floor":42},{"not_picked":["Predator+1","Backstab","Sucker Punch+1"],"picked":"Leg Sweep","floor":46},{"not_picked":["Prepared+1","Bouncing Flask+1","Backstab"],"picked":"Dodge and Roll+1","floor":48}],"player_experience":421428,"relics_obtained":[{"floor":7,"key":"Dream Catcher"},{"floor":9,"key":"Letter Opener"},{"floor":10,"key":"Odd Mushroom"},{"floor":13,"key":"Whetstone"},{"floor":26,"key":"Bag of Marbles"},{"floor":27,"key":"Vajra"},{"floor":42,"key":"Juzu Bracelet"},{"floor":43,"key":"Question Card"},{"floor":48,"key":"PreservedInsect"}],"event_choices":[{"damage_healed":0,"gold_gain":0,"player_choice":"Success","damage_taken":3,"relics_obtained":["Paper Crane"],"max_hp_gain":0,"max_hp_loss":0,"event_name":"Scrap Ooze","floor":5,"gold_loss":0},{"damage_healed":0,"gold_gain":0,"player_choice":"Ignored","damage_taken":0,"max_hp_gain":0,"max_hp_loss":0,"event_name":"Liars Game","floor":8,"gold_loss":0},{"damage_healed":0,"gold_gain":0,"player_choice":"Fought Mushrooms","damage_taken":0,"max_hp_gain":0,"max_hp_loss":0,"event_name":"Mushrooms","floor":10,"gold_loss":0}],"is_beta":false,"boss_relics":[{"not_picked":["HoveringKite","Pandora\u0027s Box"],"picked":"Velvet Choker"},{"not_picked":["Snecko Eye","WristBlade"],"picked":"Eternal Feather"}],"items_purged_floors":[14,30,36],"is_endless":false,"potions_floor_spawned":[4,10,13,18,22,31,33,35,37,42],"ascension_level":9}