{"gold_per_floor":[112,62,62,79,105,139,139,173,197,212,229,304,329,329,329,434,434,454,454,454,379,379,379],"floor_reached":23,"playtime":682,"items_purged":["Strike_R"],"score":253,"play_id":"fa13a25a-6b29-4009-82df-b75c76de997c","local_time":"20190422114106","is_ascension_mode":true,"campfire_choices":[{"data":"Bash","floor":7,"key":"SMITH"},{"data":"Spot Weakness","floor":15,"key":"SMITH"}],"neow_cost":"NONE","seed_source_timestamp":71702776419996,"circlet_count":0,"master_deck":["Strike_R+1","Strike_R","Strike_R","Defend_R","Defend_R","Defend_R","Defend_R","Bash+1","Evolve+1","Shrug It Off","Battle Trance","Spot Weakness+1","Sever Soul","Double Tap","True Grit","Enlightenment","Barricade"],"relics":["Burning Blood","NeowsBlessing","Boot","Ginger","Anchor","Vajra","Ornamental Fan","Juzu Bracelet","White Beast Statue","Enchiridion","MutagenicStrength"],"potions_floor_usage":[8,13,16],"damage_taken":[{"damage":0,"enemies":"Jaw Worm","floor":1,"turns":1},{"damage":0,"enemies":"2 Louse","floor":4,"turns":1},{"damage":0,"enemies":"Gremlin Nob","floor":6,"turns":1},{"damage":18,"enemies":"3 Sentries","floor":8,"turns":8},{"damage":0,"enemies":"Cultist","floor":10,"turns":3},{"damage":15,"enemies":"3 Louse","floor":11,"turns":4},{"damage":32,"enemies":"Lagavulin","floor":13,"turns":5},{"damage":34,"enemies":"The Guardian","floor":16,"turns":11},{"damage":10,"enemies":"Chosen","floor":18,"turns":4},{"damage":57,"enemies":"Book of Stabbing","floor":23,"turns":6}],"seed_played":"-1593563518598182446","potions_obtained":[{"floor":4,"key":"Fire Potion"},{"floor":8,"key":"SkillPotion"},{"floor":11,"key":"SpeedPotion"},{"floor":13,"key":"Explosive Potion"},{"floor":18,"key":"SpeedPotion"}],"is_trial":false,"path_per_floor":["M","?","?","M","T","E","R","E","T","M","M","T","E","?","R","B",null,"M","?","?","$","?","E"],"character_chosen":"IRONCLAD","items_purchased":[],"campfire_rested":0,"item_purchase_floors":[],"current_hp_per_floor":[80,80,64,70,70,76,76,64,64,70,61,61,35,80,80,52,80,76,60,60,60,60,3],"gold":379,"neow_bonus":"THREE_ENEMY_KILL","is_prod":false,"is_daily":false,"chose_seed":false,"campfire_upgraded":2,"win_rate":0,"timestamp":1555900866,"path_taken":["M","?","?","M","?","E","R","E","T","M","M","?","E","?","R","BOSS","M","?","?","$","?","E"],"build_version":"2019-01-23","purchased_purges":1,"victory":false,"max_hp_per_floor":[80,80,80,80,80,80,80,80,80,80,80,80,80,80,80,80,80,80,80,80,80,80,80],"card_choices":[{"not_picked":["Thunderclap","Dual Wield"],"picked":"Evolve","floor":1},{"not_picked":["Perfected Strike","Dual Wield"],"picked":"Shrug It Off","floor":4},{"not_picked":["Heavy Blade","Clothesline"],"picked":"Battle Trance","floor":6},{"not_picked":["Battle Trance","Cleave"],"picked":"Spot Weakness","floor":8},{"not_picked":["Warcry","Thunderclap"],"picked":"Sever Soul","floor":10},{"not_picked":["Anger","Havoc","Thunderclap"],"picked":"SKIP","floor":11},{"not_picked":["Rage","Fire Breathing","Perfected Strike"],"picked":"SKIP","floor":13},{"not_picked":["Fiend Fire","Brutality"],"picked":"Double Tap","floor":16},{"not_picked":["Sentinel","Twin Strike"],"picked":"True Grit","floor":18}],"player_experience":334694,"relics_obtained":[{"floor":5,"key":"Boot"},{"floor":6,"key":"Ginger"},{"floor":8,"key":"Anchor"},{"floor":9,"key":"Vajra"},{"floor":12,"key":"Ornamental Fan"},{"floor":13,"key":"Juzu Bracelet"},{"floor":19,"key":"Enchiridion"}],"event_choices":[{"cards_removed":["Strike_R"],"damage_healed":0,"gold_gain":0,"player_choice":"Card Removal","damage_taken":0,"max_hp_gain":0,"max_hp_loss":0,"event_name":"The Cleric","floor":2,"gold_loss":50},{"damage_healed":0,"gold_gain":0,"player_choice":"Entered Light","damage_taken":16,"max_hp_gain":0,"max_hp_loss":0,"event_name":"Shining Light","floor":3,"gold_loss":0,"cards_upgraded":["Evolve","Strike_R"]},{"damage_healed":45,"gold_gain":0,"player_choice":"Full Heal","damage_taken":0,"max_hp_gain":0,"max_hp_loss":0,"event_name":"Wheel of Change","floor":14,"gold_loss":0},{"damage_healed":0,"gold_gain":0,"player_choice":"Obtained Book","damage_taken":16,"max_hp_gain":0,"max_hp_loss":0,"event_name":"Cursed Tome","floor":19,"gold_loss":0},{"damage_healed":0,"gold_gain":0,"player_choice":"2 cards matched","damage_taken":0,"max_hp_gain":0,"max_hp_loss":0,"event_name":"Match and Keep!","floor":20,"gold_loss":0,"cards_obtained":["Enlightenment","Barricade"]},{"damage_healed":0,"gold_gain":0,"player_choice":"Inject Mutagens","damage_taken":0,"relics_obtained":["MutagenicStrength"],"max_hp_gain":0,"max_hp_loss":0,"event_name":"Drug Dealer","floor":22,"gold_loss":0}],"is_beta":false,"boss_relics":[{"not_picked":["Velvet Choker","Snecko Eye"],"picked":"White Beast Statue"}],"items_purged_floors":[21],"is_endless":false,"potions_floor_spawned":[4,8,11,13,18],"killed_by":"Book of Stabbing","ascension_level":2}