{"gold_per_floor":[112,62,62,62,38,69,69,101,101,101,132,132,22,22,22,123,123,138,154,51,64,81,99,129,129,152,162,162,35,35,50,50,152,152,163,176,176,29,129,129,154,154,181,181,197,211,221,221,221,221,221,221,85,110,110],"floor_reached":55,"playtime":8631,"items_purged":["Defend_R"],"score":1025,"play_id":"05beb9e3-2495-4c7e-8d6d-2922e6d4516b","local_time":"20190115193442","is_ascension_mode":true,"campfire_choices":[{"floor":7,"key":"REST"},{"floor":10,"key":"REST"},{"floor":12,"key":"REST"},{"floor":15,"key":"RECALL"},{"data":"1","floor":25,"key":"LIFT"},{"floor":30,"key":"REST"},{"data":"2","floor":32,"key":"LIFT"},{"data":"3","floor":40,"key":"LIFT"},{"floor":42,"key":"REST"},{"data":"Body Slam","floor":44,"key":"SMITH"},{"data":"Heavy Blade","floor":49,"key":"SMITH"},{"floor":52,"key":"REST"}],"neow_cost":"NONE","seed_source_timestamp":343010508237630,"circlet_count":0,"master_deck":["Strike_R","Strike_R+1","Strike_R","Strike_R","Defend_R","Defend_R","Bash+1","Power Through+1","Headbutt","Flame Barrier+1","Shrug It Off+1","Rampage","Battle Trance+1","Impervious+1","Flex+1","Flame Barrier+1","Sever Soul","Infernal Blade+1","Armaments+1","Cleave+1","Thunderclap","True Grit+1","True Grit+1","Sentinel+1","Body Slam+1","Limit Break+1","Flex+1","Flex+1","Chrysalis+1","Blind+1","Purity+1","Limit Break+1","Flex+1","Normality","Entrench+1","Heavy Blade+1","Shockwave+1","Body Slam","True Grit+1","Headbutt+1"],"relics":["Burning Blood","Toxic Egg 2","Pantograph","Whetstone","Paper Frog","Runic Pyramid","Girya","Centennial Puzzle","Cursed Key","Pen Nib","Red Skull","FaceOfCleric","Bronze Scales"],"potions_floor_usage":[11,16,18,24,24,33,33,47,50,50],"damage_taken":[{"damage":10,"enemies":"Jaw Worm","floor":1,"turns":6},{"damage":52,"enemies":"Gremlin Nob","floor":6,"turns":6},{"damage":36,"enemies":"Lagavulin","floor":8,"turns":7},{"damage":0,"enemies":"Gremlin Nob","floor":11,"turns":4},{"damage":32,"enemies":"Hexaghost","floor":16,"turns":9},{"damage":7,"enemies":"Spheric Guardian","floor":18,"turns":8},{"damage":0,"enemies":"Chosen","floor":19,"turns":6},{"damage":4,"enemies":"Snake Plant","floor":21,"turns":3},{"damage":0,"enemies":"Cultist and Chosen","floor":22,"turns":7},{"damage":7,"enemies":"Snecko","floor":23,"turns":7},{"damage":26,"enemies":"Book of Stabbing","floor":24,"turns":8},{"damage":8,"enemies":"Centurion and Healer","floor":27,"turns":6},{"damage":1,"enemies":"3 Cultists","floor":31,"turns":5},{"damage":33,"enemies":"Collector","floor":33,"turns":10},{"damage":1,"enemies":"3 Shapes","floor":35,"turns":4},{"damage":0,"enemies":"Orb Walker","floor":36,"turns":2},{"damage":15,"enemies":"Giant Head","floor":41,"turns":7},{"damage":4,"enemies":"4 Shapes","floor":45,"turns":3},{"damage":0,"enemies":"Transient","floor":46,"turns":5},{"damage":0,"enemies":"Writhing Mass","floor":47,"turns":4},{"damage":65,"enemies":"Donu and Deca","floor":50,"turns":8},{"damage":44,"enemies":"Shield and Spear","floor":54,"turns":4},{"damage":82,"enemies":"The Heart","floor":55,"turns":5}],"seed_played":"7844259641472012509","potions_obtained":[{"floor":6,"key":"SpeedPotion"},{"floor":8,"key":"AttackPotion"},{"floor":11,"key":"Weak Potion"},{"floor":18,"key":"Explosive Potion"},{"floor":19,"key":"Poison Potion"},{"floor":22,"key":"EssenceOfSteel"},{"floor":27,"key":"Explosive Potion"},{"floor":28,"key":"SteroidPotion"},{"floor":28,"key":"Block Potion"},{"floor":28,"key":"LiquidBronze"},{"floor":33,"key":"Fire Potion"},{"floor":41,"key":"Dexterity Potion"},{"floor":47,"key":"Fruit Juice"}],"is_trial":false,"path_per_floor":["M","?","?","?","$","E","R","E","T","R","E","R","$","?","R","B",null,"M","M","$","M","M","M","E","R","T","M","?","$","R","M","R","B",null,"M","M","?","$","?","R","E","R","T","R","M","M","M","?","R","B",null,"R","$","E","B"],"character_chosen":"IRONCLAD","items_purchased":["Headbutt","Battle Trance+1","Sever Soul","Infernal Blade+1","True Grit+1","Sentinel+1","Limit Break+1","Shockwave+1","Body Slam","True Grit+1"],"campfire_rested":6,"item_purchase_floors":[5,13,20,20,29,29,38,53,53,53],"current_hp_per_floor":[76,76,73,73,73,27,53,23,23,49,55,81,81,74,74,62,82,81,87,87,88,88,87,67,67,67,65,65,65,88,88,88,61,81,86,88,78,78,78,78,69,88,88,88,88,88,88,88,88,35,79,94,94,57,0],"gold":110,"neow_bonus":"TEN_PERCENT_HP_BONUS","is_prod":false,"is_daily":false,"chose_seed":false,"campfire_upgraded":2,"win_rate":0,"timestamp":1547573682,"path_taken":["M","?","?","?","?","E","R","E","T","R","E","R","$","?","R","BOSS","M","M","$","M","M","M","E","R","T","M","?","?","R","?","R","BOSS","M","M","?","$","?","R","E","R","T","R","M","?","M","?","R","BOSS","R","$","E","BOSS"],"build_version":"2019-01-10","purchased_purges":1,"victory":false,"max_hp_per_floor":[88,88,88,88,88,88,88,88,88,88,88,88,88,88,88,88,88,88,88,88,88,88,88,88,88,88,88,88,88,88,88,88,88,88,88,88,88,88,88,88,88,88,88,88,88,88,88,88,88,94,94,94,94,95,95],"card_choices":[{"not_picked":["Heavy Blade","Pommel Strike"],"picked":"Power Through","floor":1},{"not_picked":["Rampage","Feel No Pain"],"picked":"Flame Barrier+1","floor":6},{"not_picked":["Clothesline","Body Slam"],"picked":"Shrug It Off+1","floor":8},{"not_picked":["Feel No Pain","Pummel"],"picked":"Rampage","floor":11},{"not_picked":["Exhume+1","Demon Form"],"picked":"Impervious+1","floor":16},{"not_picked":["Thunderclap","Feel No Pain"],"picked":"Flex+1","floor":18},{"not_picked":["Twin Strike","Wild Strike"],"picked":"Flame Barrier+1","floor":19},{"not_picked":["Perfected Strike+1","Heavy Blade+1"],"picked":"Armaments+1","floor":21},{"not_picked":["Havoc+1","Sword Boomerang+1"],"picked":"Cleave+1","floor":22},{"not_picked":["Wild Strike+1","Warcry+1","Clash"],"picked":"SKIP","floor":23},{"not_picked":["Carnage","Perfected Strike"],"picked":"Thunderclap","floor":24},{"not_picked":["Perfected Strike+1","Iron Wave"],"picked":"True Grit+1","floor":27},{"not_picked":["Twin Strike","Shrug It Off+1"],"picked":"Body Slam","floor":31},{"not_picked":["Demon Form","Barricade"],"picked":"Limit Break+1","floor":33},{"not_picked":["Cleave+1","Sentinel+1"],"picked":"Flex+1","floor":35},{"not_picked":["Pummel+1","Combust+1"],"picked":"Flex+1","floor":36},{"not_picked":["HandOfGreed","Jack Of All Trades+1"],"picked":"Chrysalis+1","floor":37},{"not_picked":["Mind Blast","Flash of Steel"],"picked":"Blind+1","floor":37},{"not_picked":["Finesse+1","The Bomb+1"],"picked":"Purity+1","floor":37},{"not_picked":["Clothesline","Armaments+1"],"picked":"Flex+1","floor":41},{"not_picked":["Combust+1","Dropkick","Headbutt"],"picked":"SKIP","floor":45},{"not_picked":["Shrug It Off+1","Warcry+1"],"picked":"Entrench+1","floor":46},{"not_picked":["Flex+1","Wild Strike+1"],"picked":"Heavy Blade","floor":47},{"not_picked":["Iron Wave","Warcry+1"],"picked":"Headbutt+1","floor":54}],"player_experience":273797,"relics_obtained":[{"floor":6,"key":"Pantograph"},{"floor":8,"key":"Whetstone"},{"floor":11,"key":"Paper Frog"},{"floor":24,"key":"Girya"},{"floor":26,"key":"Centennial Puzzle"},{"floor":41,"key":"Pen Nib"},{"floor":43,"key":"Red Skull"},{"floor":54,"key":"Bronze Scales"}],"event_choices":[{"cards_removed":["Defend_R"],"damage_healed":0,"gold_gain":0,"player_choice":"Card Removal","damage_taken":0,"max_hp_gain":0,"max_hp_loss":0,"event_name":"The Cleric","floor":2,"gold_loss":50},{"damage_healed":0,"gold_gain":0,"player_choice":"Success","damage_taken":3,"relics_obtained":["Toxic Egg 2"],"max_hp_gain":0,"max_hp_loss":0,"event_name":"Scrap Ooze","floor":3,"gold_loss":0},{"damage_healed":0,"gold_gain":0,"player_choice":"Grow","damage_taken":0,"max_hp_gain":0,"max_hp_loss":0,"event_name":"Living Wall","floor":4,"gold_loss":0,"cards_upgraded":["Power Through"]},{"cards_removed":["Strike_R"],"damage_healed":0,"gold_gain":0,"player_choice":"Card Removal","damage_taken":7,"max_hp_gain":0,"max_hp_loss":0,"event_name":"Golden Wing","floor":14,"gold_loss":0},{"damage_healed":0,"gold_gain":0,"player_choice":"Got Potions","damage_taken":0,"max_hp_gain":0,"max_hp_loss":0,"event_name":"Lab","floor":28,"gold_loss":0},{"damage_healed":0,"gold_gain":0,"player_choice":"Memory 3","damage_taken":10,"max_hp_gain":0,"max_hp_loss":0,"event_name":"SensoryStone","floor":37,"gold_loss":0},{"damage_healed":0,"gold_gain":100,"player_choice":"Pray","damage_taken":0,"max_hp_gain":0,"max_hp_loss":0,"event_name":"Golden Shrine","floor":39,"gold_loss":0},{"damage_healed":0,"gold_gain":0,"player_choice":"Trade","damage_taken":0,"relics_obtained":["FaceOfCleric"],"max_hp_gain":0,"max_hp_loss":0,"event_name":"FaceTrader","floor":48,"gold_loss":0}],"is_beta":false,"boss_relics":[{"not_picked":["Lizard Tail","Astrolabe"],"picked":"Runic Pyramid"},{"not_picked":["Coffee Dripper","Orrery"],"picked":"Cursed Key"}],"items_purged_floors":[13],"is_endless":false,"potions_floor_spawned":[6,8,11,18,19,22,27,33,41,45,47],"killed_by":"The Heart","ascension_level":6}