{"gold_per_floor":[214,264,278,298,298,331,331,363,363,363],"floor_reached":10,"playtime":335,"items_purged":[],"score":133,"play_id":"ad21bcd6-a9e6-47c0-b784-01fb31a46bcc","local_time":"20190325230445","is_ascension_mode":true,"campfire_choices":[{"floor":7,"key":"REST"}],"neow_cost":"NONE","seed_source_timestamp":204677503699198,"circlet_count":0,"master_deck":["AscendersBane","Defend_G","Defend_G","Defend_G","Defend_G","Defend_G","Strike_G","Strike_G","Strike_G","Strike_G","Survivor","Neutralize","Dagger Throw","Noxious Fumes","Quick Slash","Well Laid Plans"],"relics":["Ring of the Snake","Du-Vu Doll","Torii","Tough Bandages"],"potions_floor_usage":[6],"damage_taken":[{"damage":2,"enemies":"Small Slimes","floor":1,"turns":4},{"damage":2,"enemies":"Cultist","floor":3,"turns":4},{"damage":1,"enemies":"2 Louse","floor":4,"turns":3},{"damage":26,"enemies":"Lagavulin","floor":6,"turns":10},{"damage":32,"enemies":"Gremlin Nob","floor":8,"turns":4},{"damage":0,"enemies":"Gremlin Gang","floor":10,"turns":1}],"seed_played":"5345289126995105090","potions_obtained":[{"floor":1,"key":"Dexterity Potion"}],"is_trial":false,"path_per_floor":["M","?","M","M","?","E","R","E","T","M"],"character_chosen":"THE_SILENT","items_purchased":[],"campfire_rested":1,"item_purchase_floors":[],"current_hp_per_floor":[57,51,49,48,48,22,41,9,9,9],"gold":363,"neow_bonus":"HUNDRED_GOLD","is_prod":false,"is_daily":false,"chose_seed":false,"campfire_upgraded":0,"win_rate":0,"timestamp":1553569485,"path_taken":["M","?","?","M","?","E","R","E","T","?"],"build_version":"2019-01-23","purchased_purges":0,"victory":false,"max_hp_per_floor":[66,66,66,66,66,66,66,66,66,66],"card_choices":[{"not_picked":["Underhanded Strike","Distraction"],"picked":"Dagger Throw","floor":1},{"not_picked":["PiercingWail","Expertise"],"picked":"Noxious Fumes","floor":3},{"not_picked":["Underhanded Strike","Flying Knee"],"picked":"Quick Slash","floor":4},{"not_picked":["Tactician","Slice"],"picked":"Well Laid Plans","floor":6},{"not_picked":["Expertise","Sucker Punch","Flying Knee"],"picked":"SKIP","floor":8}],"player_experience":518301,"relics_obtained":[{"floor":6,"key":"Du-Vu Doll"},{"floor":8,"key":"Torii"},{"floor":9,"key":"Tough Bandages"}],"event_choices":[{"damage_healed":0,"gold_gain":50,"player_choice":"Touch","damage_taken":6,"max_hp_gain":0,"max_hp_loss":0,"event_name":"FaceTrader","floor":2,"gold_loss":0},{"cards_removed":["Strike_G"],"damage_healed":0,"gold_gain":0,"player_choice":"Offered Basic","damage_taken":0,"max_hp_gain":0,"max_hp_loss":0,"event_name":"Bonfire Elementals","floor":5,"gold_loss":0}],"is_beta":false,"boss_relics":[],"items_purged_floors":[],"is_endless":false,"potions_floor_spawned":[1],"killed_by":"Gremlin Gang","ascension_level":15}