{"gold_per_floor":[214,168,186,202,76,76,86,115,115,141,141,51,81,98,98,201,201,111,111,111,36,36,36,0,0,0,0,0,0,0,0,0,0],"floor_reached":33,"playtime":1460,"items_purged":["Strike_B","Strike_B"],"score":328,"play_id":"d57c634c-6c26-41e4-9c86-befe7abe5a12","local_time":"20190302181447","is_ascension_mode":true,"campfire_choices":[{"data":"Zap","floor":6,"key":"SMITH"},{"data":"Genetic Algorithm","floor":11,"key":"SMITH"},{"data":"Defragment","floor":15,"key":"SMITH"},{"data":"Sweeping Beam","floor":23,"key":"SMITH"},{"data":"Biased Cognition","floor":27,"key":"SMITH"},{"data":"Go for the Eyes","floor":29,"key":"SMITH"},{"data":"Go for the Eyes","floor":32,"key":"SMITH"}],"neow_cost":"NONE","seed_source_timestamp":12649611667546,"circlet_count":0,"master_deck":["Defend_B","Defend_B","Defend_B","Zap+1","Dualcast","Conserve Battery","Go for the Eyes+1","Sweeping Beam+1","Ball Lightning","Conserve Battery","Genetic Algorithm+1","Defragment+1","Chill","Biased Cognition+1","Chill+1","Go for the Eyes+1","BootSequence","Chaos"],"relics":["Cracked Core","Ginger","Mummified Hand","Smiling Mask","Bottled Tornado","Ectoplasm","Blood Vial","Dodecahedron"],"potions_floor_usage":[13,25],"damage_taken":[{"damage":1,"enemies":"Cultist","floor":1,"turns":3},{"damage":0,"enemies":"2 Louse","floor":3,"turns":3},{"damage":2,"enemies":"Jaw Worm","floor":4,"turns":3},{"damage":0,"enemies":"3 Louse","floor":7,"turns":3},{"damage":27,"enemies":"3 Sentries","floor":8,"turns":5},{"damage":7,"enemies":"Lagavulin","floor":13,"turns":6},{"damage":0,"enemies":"2 Fungi Beasts","floor":14,"turns":4},{"damage":5,"enemies":"The Guardian","floor":16,"turns":13},{"damage":0,"enemies":"2 Thieves","floor":18,"turns":4},{"damage":0,"enemies":"Spheric Guardian","floor":19,"turns":4},{"damage":14,"enemies":"Book of Stabbing","floor":25,"turns":7},{"damage":3,"enemies":"Snake Plant","floor":28,"turns":4},{"damage":0,"enemies":"Centurion and Healer","floor":31,"turns":10},{"damage":53,"enemies":"Champ","floor":33,"turns":21}],"seed_played":"5482135520147711786","potions_obtained":[{"floor":1,"key":"Poison Potion"},{"floor":7,"key":"Energy Potion"},{"floor":13,"key":"FearPotion"},{"floor":18,"key":"SpeedPotion"},{"floor":31,"key":"Strength Potion"}],"is_trial":false,"path_per_floor":["M","$","M","M","$","R","M","E","T","T","R","$","E","M","R","B",null,"M","M","?","?","?","R","?","E","T","R","M","R","?","M","R","B"],"character_chosen":"DEFECT","items_purchased":["Go for the Eyes","Conserve Battery","Chill"],"campfire_rested":0,"item_purchase_floors":[2,5,12],"current_hp_per_floor":[74,74,74,72,72,72,72,45,45,45,45,45,38,38,38,33,75,75,75,75,75,61,61,61,47,47,47,46,46,46,48,48,0],"gold":0,"neow_bonus":"HUNDRED_GOLD","is_prod":false,"is_daily":false,"chose_seed":false,"campfire_upgraded":7,"win_rate":0,"timestamp":1551568487,"path_taken":["M","?","M","?","$","R","M","E","T","?","R","$","E","M","R","BOSS","M","M","?","?","?","R","?","E","T","R","M","R","?","M","R","BOSS"],"build_version":"2019-01-23","purchased_purges":2,"victory":false,"max_hp_per_floor":[75,75,75,75,75,75,75,75,75,75,75,75,75,75,75,75,75,75,75,75,75,80,80,80,80,80,80,80,80,80,80,80,80],"card_choices":[{"not_picked":["Blizzard","Leap"],"picked":"Conserve Battery","floor":1},{"not_picked":["Skim","Force Field"],"picked":"Sweeping Beam","floor":3},{"not_picked":["Leap","Barrage"],"picked":"Ball Lightning","floor":4},{"not_picked":["Rebound","Fusion"],"picked":"Genetic Algorithm","floor":7},{"not_picked":["Static Discharge","Recycle"],"picked":"Defragment","floor":8},{"not_picked":["Double Energy","Gash","Turbo"],"picked":"SKIP","floor":13},{"not_picked":["Rainbow","Leap","Scrape"],"picked":"SKIP","floor":14},{"not_picked":["Core Surge","Creative AI"],"picked":"Biased Cognition","floor":16},{"not_picked":["Stack","Streamline+1"],"picked":"Chill+1","floor":18},{"not_picked":["Consume","Beam Cell","Chill+1"],"picked":"SKIP","floor":19},{"not_picked":["Fission","Turbo","Leap+1"],"picked":"SKIP","floor":25},{"not_picked":["Genetic Algorithm","Sweeping Beam","Go for the Eyes"],"picked":"SKIP","floor":28},{"not_picked":["FTL","Auto Shields"],"picked":"Chaos","floor":31}],"player_experience":444571,"relics_obtained":[{"floor":8,"key":"Ginger"},{"floor":9,"key":"Mummified Hand"},{"floor":10,"key":"Smiling Mask"},{"floor":13,"key":"Bottled Tornado"},{"floor":25,"key":"Blood Vial"},{"floor":26,"key":"Dodecahedron"}],"event_choices":[{"damage_healed":0,"gold_gain":0,"player_choice":"Ignored","damage_taken":0,"max_hp_gain":0,"max_hp_loss":0,"event_name":"Vampires","floor":20,"gold_loss":0},{"cards_removed":["Strike_B"],"damage_healed":0,"gold_gain":0,"player_choice":"Gave Gold","damage_taken":0,"max_hp_gain":0,"max_hp_loss":0,"event_name":"Beggar","floor":21,"gold_loss":75},{"damage_healed":0,"gold_gain":0,"player_choice":"Shed Blood","damage_taken":19,"max_hp_gain":5,"max_hp_loss":0,"event_name":"Forgotten Altar","floor":22,"gold_loss":0},{"damage_healed":0,"gold_gain":0,"player_choice":"Paid Fearfully","damage_taken":0,"max_hp_gain":0,"max_hp_loss":0,"event_name":"Masked Bandits","floor":24,"gold_loss":36},{"damage_healed":0,"gold_gain":0,"cards_transformed":["Strike_B","Defend_B"],"player_choice":"Became Test Subject","damage_taken":0,"max_hp_gain":0,"max_hp_loss":0,"event_name":"Drug Dealer","floor":30,"gold_loss":0,"cards_obtained":["Go for the Eyes","BootSequence"]}],"is_beta":false,"boss_relics":[{"not_picked":["Empty Cage","Fusion Hammer"],"picked":"Ectoplasm"}],"items_purged_floors":[5,12],"is_endless":false,"potions_floor_spawned":[1,7,13,18,31],"killed_by":"Champ","ascension_level":4}