{"gold_per_floor":[109,124,49,49,49,49,67,83,83,83,27,27,47,65,65,142,142,156,156,25,25,45,45,45,45,45,45,57,71,71],"floor_reached":30,"playtime":1799,"items_purged":["Strike_B"],"score":454,"play_id":"c8efb966-2cf0-4158-b89c-b96f7cad8824","local_time":"20190418014720","is_ascension_mode":true,"campfire_choices":[{"data":"Buffer","floor":6.0,"key":"SMITH"},{"data":"Gash","floor":10.0,"key":"SMITH"},{"data":"Gash","floor":12.0,"key":"SMITH"},{"floor":15.0,"key":"REST"},{"floor":23.0,"key":"REST"},{"floor":25.0,"key":"REST"}],"neow_cost":"NONE","seed_source_timestamp":619668537396529,"circlet_count":0,"master_deck":["AscendersBane","Defend_B","Defend_B","Defend_B","Defend_B","Zap","Dualcast","Buffer+1","Go for the Eyes+1","Coolheaded","Gash+1","Gash+1","Ball Lightning","Go for the Eyes","Echo Form","Conserve Battery","Bite","Bite","Bite","Bite","Bite","Undo","Rebound"],"special_seed":0,"relics":["Cracked Core","Nunchaku","Cursed Key"],"potions_floor_usage":[29],"damage_taken":[{"damage":5.0,"enemies":"Small Slimes","floor":1.0,"turns":4.0},{"damage":1.0,"enemies":"Cultist","floor":2.0,"turns":3.0},{"damage":0.0,"enemies":"2 Louse","floor":7.0,"turns":3.0},{"damage":0.0,"enemies":"Blue Slaver","floor":8.0,"turns":3.0},{"damage":17.0,"enemies":"Gremlin Gang","floor":13.0,"turns":5.0},{"damage":3.0,"enemies":"Exordium Thugs","floor":14.0,"turns":4.0},{"damage":38.0,"enemies":"Hexaghost","floor":16.0,"turns":11.0},{"damage":29.0,"enemies":"3 Byrds","floor":18.0,"turns":5.0},{"damage":19.0,"enemies":"Shell Parasite","floor":22.0,"turns":6.0},{"damage":23,"enemies":"Centurion and Healer","floor":28,"turns":6},{"damage":27,"enemies":"Cultist and Chosen","floor":29,"turns":9},{"damage":33,"enemies":"Snake Plant","floor":30,"turns":4}],"seed_played":"378853741919775629","potions_obtained":[{"floor":16.0,"key":"FearPotion"},{"floor":18.0,"key":"Ancient Potion"},{"floor":28,"key":"Energy Potion"}],"is_trial":false,"path_per_floor":["M","M","?","$","?","R","M","M","T","R","$","R","M","M","R","B",null,"M","?","$","?","M","R","?","R","T","$","M","M","M"],"character_chosen":"DEFECT","items_purchased":["Gash","Conserve Battery"],"campfire_rested":3,"item_purchase_floors":[11,20],"current_hp_per_floor":[59,58,58,58,58,58,58,58,58,58,58,58,41,38,59,21,59,30,30,30,30,19,33,33,47,47,47,36,25,0],"gold":71,"neow_bonus":"ONE_RANDOM_RARE_CARD","is_prod":false,"is_daily":false,"chose_seed":false,"campfire_upgraded":3,"win_rate":0,"timestamp":1555541240,"path_taken":["M","M","?","$","?","R","?","?","T","R","$","R","M","M","R","BOSS","M","?","$","?","M","R","?","R","T","?","M","?","M"],"build_version":"2019-01-23","purchased_purges":1,"victory":false,"max_hp_per_floor":[71,71,71,71,71,71,71,71,71,71,71,71,71,71,71,71,71,71,71,71,49,49,49,49,49,49,49,49,49,49],"card_choices":[{"not_picked":["Sweeping Beam","Hologram","Stack"],"picked":"SKIP","floor":1.0},{"not_picked":["Scrape","Beam Cell"],"picked":"Go for the Eyes","floor":2.0},{"not_picked":["Aggregate","Sweeping Beam"],"picked":"Coolheaded","floor":7.0},{"not_picked":["Redo","Heatsinks"],"picked":"Gash","floor":8.0},{"not_picked":["Static Discharge","Fission"],"picked":"Ball Lightning","floor":13.0},{"not_picked":["Coolheaded","Consume"],"picked":"Go for the Eyes","floor":14.0},{"not_picked":["Creative AI","Buffer"],"picked":"Echo Form","floor":16.0},{"not_picked":["Ball Lightning","Aggregate","Lockon"],"picked":"SKIP","floor":18.0},{"not_picked":["Force Field+1","Blizzard"],"picked":"Undo","floor":22.0},{"not_picked":["Conserve Battery","Coolheaded","Redo"],"picked":"SKIP","floor":28},{"not_picked":["Steam","Sweeping Beam"],"picked":"Rebound","floor":29}],"player_experience":822295,"relics_obtained":[{"floor":9.0,"key":"Nunchaku"}],"event_choices":[{"cards_removed":["Strike_B"],"damage_healed":0.0,"max_hp_gain":0.0,"max_hp_loss":0.0,"gold_gain":0.0,"event_name":"The Cleric","player_choice":"Card Removal","floor":3.0,"gold_loss":75.0,"damage_taken":0.0},{"damage_healed":0.0,"max_hp_gain":0.0,"max_hp_loss":0.0,"gold_gain":0.0,"event_name":"Accursed Blacksmith","player_choice":"Forge","floor":5.0,"gold_loss":0.0,"damage_taken":0.0,"cards_upgraded":["Go for the Eyes"]},{"damage_healed":0.0,"max_hp_gain":0.0,"max_hp_loss":0.0,"gold_gain":0.0,"event_name":"The Mausoleum","player_choice":"Ignored","floor":19.0,"gold_loss":0.0,"damage_taken":0.0},{"damage_healed":0.0,"max_hp_gain":0.0,"max_hp_loss":22.0,"gold_gain":0.0,"event_name":"Vampires","player_choice":"Became a vampire","floor":21.0,"gold_loss":0.0,"damage_taken":0.0,"cards_obtained":["Bite","Bite","Bite","Bite","Bite"]},{"damage_healed":0.0,"max_hp_gain":0.0,"max_hp_loss":0.0,"gold_gain":0.0,"event_name":"Cursed Tome","player_choice":"Ignored","floor":24.0,"gold_loss":0.0,"damage_taken":0.0}],"is_beta":false,"boss_relics":[{"not_picked":["Velvet Choker","Orrery"],"picked":"Cursed Key"}],"items_purged_floors":[20],"is_endless":false,"potions_floor_spawned":[16,18,28],"killed_by":"Snake Plant","ascension_level":19}