{"gold_per_floor":[111,121,140,165,165,194,9,9,9,29,56,56,68,86,86,86],"floor_reached":16,"playtime":780,"items_purged":[],"score":140,"play_id":"b925e9bc-33f6-4057-8a0a-3461505e2bbc","local_time":"20190508221930","is_ascension_mode":true,"campfire_choices":[{"data":"Apotheosis","floor":8,"key":"SMITH"},{"floor":12,"key":"REST"},{"floor":15,"key":"REST"}],"neow_cost":"NONE","seed_source_timestamp":2102472376420758,"circlet_count":0,"master_deck":["Strike_R","Strike_R","Strike_R","Strike_R","Strike_R","Defend_R","Defend_R","Defend_R","Defend_R","Bash","Panacea","Infernal Blade","Clothesline","Shrug It Off","Regret","Brutality","Apotheosis+1","Thunderclap","Headbutt"],"relics":["Burning Blood","Art of War","PreservedInsect","Juzu Bracelet","Gambling Chip","Matryoshka"],"potions_floor_usage":[11,11,14,16],"damage_taken":[{"damage":23,"enemies":"Cultist","floor":1,"turns":6},{"damage":13,"enemies":"2 Louse","floor":2,"turns":3},{"damage":2,"enemies":"Jaw Worm","floor":3,"turns":3},{"damage":37,"enemies":"Gremlin Nob","floor":6,"turns":4},{"damage":13,"enemies":"3 Louse","floor":10,"turns":3},{"damage":16,"enemies":"3 Sentries","floor":11,"turns":3},{"damage":9,"enemies":"Large Slime","floor":13,"turns":5},{"damage":19,"enemies":"Blue Slaver","floor":14,"turns":4},{"damage":56,"enemies":"Hexaghost","floor":16,"turns":9}],"seed_played":"-1909291797132063705","potions_obtained":[{"floor":6,"key":"Strength Potion"},{"floor":10,"key":"Regen Potion"},{"floor":11,"key":"PowerPotion"},{"floor":14,"key":"Fire Potion"}],"is_trial":false,"path_per_floor":["M","M","M","T","?","E","$","R","T","M","E","R","M","M","R","B"],"character_chosen":"IRONCLAD","items_purchased":["Apotheosis"],"campfire_rested":2,"item_purchase_floors":[7],"current_hp_per_floor":[63,56,60,60,60,29,29,29,29,22,21,45,42,29,53,0],"gold":86,"neow_bonus":"RANDOM_COLORLESS","is_prod":false,"is_daily":false,"chose_seed":false,"campfire_upgraded":1,"win_rate":0,"timestamp":1557368370,"path_taken":["M","M","M","?","?","E","$","R","T","M","E","R","M","M","R","BOSS"],"build_version":"2019-01-23","purchased_purges":0,"victory":false,"max_hp_per_floor":[80,80,80,80,80,80,80,80,80,80,80,80,80,80,80,80],"card_choices":[{"not_picked":["Cleave","Bloodletting"],"picked":"Infernal Blade","floor":1},{"not_picked":["Heavy Blade","Flex"],"picked":"Clothesline","floor":2},{"not_picked":["Flex","Corruption"],"picked":"Shrug It Off","floor":3},{"not_picked":["Evolve","Reckless Charge"],"picked":"Brutality","floor":6},{"not_picked":["Corruption","Perfected Strike"],"picked":"Thunderclap","floor":10},{"not_picked":["Blood for Blood","Second Wind","Sword Boomerang"],"picked":"SKIP","floor":11},{"not_picked":["Anger","Corruption"],"picked":"Headbutt","floor":13},{"not_picked":["Havoc","Wild Strike","Limit Break"],"picked":"SKIP","floor":14}],"player_experience":198625,"relics_obtained":[{"floor":4,"key":"Art of War"},{"floor":6,"key":"Juzu Bracelet"},{"floor":9,"key":"Gambling Chip"},{"floor":11,"key":"Matryoshka"}],"event_choices":[{"damage_healed":0,"gold_gain":0,"player_choice":"Box","damage_taken":0,"relics_obtained":["PreservedInsect"],"max_hp_gain":0,"max_hp_loss":0,"event_name":"Big Fish","floor":5,"gold_loss":0,"cards_obtained":["Regret"]}],"is_beta":false,"boss_relics":[],"items_purged_floors":[],"is_endless":false,"potions_floor_spawned":[6,10,11,14],"killed_by":"Hexaghost","ascension_level":5}