{"gold_per_floor":[110,110,110,110,110,110,148,148,148,173,173,187,187,200,200,324,324,340,79,118,118,139,139],"floor_reached":23,"playtime":522,"items_purged":[],"score":212,"play_id":"f9efd997-1b4b-4c3d-970a-51c1c70c8d27","local_time":"20190508185426","is_ascension_mode":false,"campfire_choices":[{"data":"Flying Knee","floor":6,"key":"SMITH"},{"data":"Neutralize","floor":11,"key":"SMITH"},{"data":"Dagger Spray","floor":13,"key":"SMITH"},{"data":"Survivor","floor":15,"key":"SMITH"}],"neow_cost":"NONE","seed_source_timestamp":7623893030400,"circlet_count":0,"master_deck":["Defend_G","Defend_G+1","Defend_G","Defend_G","Defend_G+1","Strike_G","Strike_G","Strike_G","Strike_G","Strike_G","Survivor+1","Neutralize+1","Flying Knee+1","Dagger Spray+1","Blade Dance+1","Venomology+1","Dagger Spray","Storm of Steel+1"],"relics":["Ring of the Snake","NeowsBlessing","Juzu Bracelet","Golden Idol","Lantern","FaceOfCleric","Toxic Egg 2","Cursed Key","Ornamental Fan","Red Mask"],"potions_floor_usage":[16,16,20,20,22,23],"damage_taken":[{"damage":0,"enemies":"Small Slimes","floor":1,"turns":1},{"damage":0,"enemies":"Lagavulin","floor":7,"turns":1},{"damage":0,"enemies":"2 Louse","floor":10,"turns":1},{"damage":0,"enemies":"Cultist","floor":12,"turns":3},{"damage":4,"enemies":"2 Fungi Beasts","floor":14,"turns":3},{"damage":18,"enemies":"Hexaghost","floor":16,"turns":11},{"damage":4,"enemies":"2 Thieves","floor":18,"turns":4},{"damage":0,"enemies":"Masked Bandits","floor":20,"turns":2},{"damage":10,"enemies":"Shell Parasite","floor":22,"turns":5},{"damage":63,"enemies":"Gremlin Leader","floor":23,"turns":9}],"seed_played":"8732028590942067344","potions_obtained":[{"floor":1,"key":"Fire Potion"},{"floor":7,"key":"Poison Potion"},{"floor":16,"key":"Ancient Potion"},{"floor":18,"key":"Block Potion"}],"is_trial":false,"path_per_floor":["M","?","?","$","?","R","E","?","T","M","R","M","R","M","R","B",null,"M","$","?","?","M","E"],"character_chosen":"THE_SILENT","items_purchased":["Ornamental Fan"],"campfire_rested":0,"item_purchase_floors":[19],"current_hp_per_floor":[70,56,49,49,32,32,32,32,32,33,33,34,34,31,31,14,74,71,71,72,72,63,0],"gold":139,"neow_bonus":"THREE_ENEMY_KILL","is_prod":false,"is_daily":false,"chose_seed":false,"campfire_upgraded":4,"win_rate":0,"timestamp":1557330866,"path_taken":["M","?","?","$","?","R","E","?","T","M","R","M","R","M","R","BOSS","M","$","?","?","M","E"],"build_version":"2019-01-23","purchased_purges":0,"victory":false,"max_hp_per_floor":[70,70,70,70,70,70,70,70,70,71,71,72,72,73,73,74,74,75,75,76,76,77,77],"card_choices":[{"not_picked":["Terror","Setup"],"picked":"Flying Knee","floor":1},{"not_picked":["PiercingWail","Dodge and Roll","Bane"],"picked":"SKIP","floor":7},{"not_picked":["PiercingWail+1","Expertise+1","Tactician+1"],"picked":"SKIP","floor":10},{"not_picked":["Slice","Glass Knife"],"picked":"Dagger Spray","floor":12},{"not_picked":["Deflect+1","Cloak And Dagger+1"],"picked":"Blade Dance+1","floor":14},{"not_picked":["A Thousand Cuts","Burst+1"],"picked":"Venomology+1","floor":16},{"not_picked":["Eviscerate","Slice"],"picked":"Dagger Spray","floor":18},{"not_picked":["Outmaneuver+1","Slice"],"picked":"Dash","floor":20},{"not_picked":["Dodge and Roll+1","Backflip+1","Sucker Punch"],"picked":"SKIP","floor":22}],"player_experience":306732,"relics_obtained":[{"floor":7,"key":"Lantern"},{"floor":9,"key":"Toxic Egg 2"},{"floor":20,"key":"Red Mask"}],"event_choices":[{"damage_healed":0,"gold_gain":0,"player_choice":"Entered Light","damage_taken":14,"max_hp_gain":0,"max_hp_loss":0,"event_name":"Shining Light","floor":2,"gold_loss":0,"cards_upgraded":["Defend_G","Defend_G"]},{"damage_healed":0,"gold_gain":0,"player_choice":"Success","damage_taken":7,"relics_obtained":["Juzu Bracelet"],"max_hp_gain":0,"max_hp_loss":0,"event_name":"Scrap Ooze","floor":3,"gold_loss":0},{"damage_healed":0,"gold_gain":0,"player_choice":"Take Damage","damage_taken":17,"relics_obtained":["Golden Idol"],"max_hp_gain":0,"max_hp_loss":0,"event_name":"Golden Idol","floor":5,"gold_loss":0},{"damage_healed":0,"gold_gain":0,"player_choice":"Trade","damage_taken":0,"relics_obtained":["FaceOfCleric"],"max_hp_gain":0,"max_hp_loss":0,"event_name":"FaceTrader","floor":8,"gold_loss":0},{"damage_healed":0,"gold_gain":0,"player_choice":"Fought Bandits","damage_taken":0,"max_hp_gain":0,"max_hp_loss":0,"event_name":"Masked Bandits","floor":20,"gold_loss":0},{"damage_healed":0,"gold_gain":0,"cards_transformed":["Dash"],"player_choice":"Transformed","damage_taken":0,"max_hp_gain":0,"max_hp_loss":0,"event_name":"Transmorgrifier","floor":21,"gold_loss":0,"cards_obtained":["Storm of Steel"]}],"is_beta":false,"boss_relics":[{"not_picked":["Astrolabe","Ectoplasm"],"picked":"Cursed Key"}],"items_purged_floors":[],"is_endless":false,"potions_floor_spawned":[1,7,16,18],"killed_by":"Gremlin Leader","ascension_level":0}