{"gold_per_floor":[109,124,9,25,25,25,54,54,109,141,151,163,163,182,182,284,284,295,72,88,88,101,101,118,147,147,147,147,147,165,165,165,165],"floor_reached":33,"playtime":3044,"items_purged":["Strike_G"],"score":346,"play_id":"525437eb-ae48-4752-8f30-a23d3f0ff9cf","local_time":"20181214175523","is_ascension_mode":true,"campfire_choices":[{"data":"Neutralize","floor":6,"key":"SMITH"},{"floor":8,"key":"REST"},{"floor":13,"key":"REST"},{"data":"Crippling Poison","floor":15,"key":"SMITH"},{"data":"Well Laid Plans","floor":23,"key":"SMITH"},{"floor":28,"key":"REST"},{"data":"Malaise","floor":32,"key":"SMITH"}],"neow_cost":"TEN_PERCENT_HP_LOSS","seed_source_timestamp":111721735607976,"circlet_count":0,"master_deck":["Defend_G","Defend_G","Defend_G","Defend_G","Defend_G","Strike_G+1","Survivor","Neutralize+1","Dagger Spray","Flying Knee","Blade Dance","Terror","Leg Sweep+1","Sucker Punch","PiercingWail","Wraith Form v2","Dash","Poisoned Stab","Cloak And Dagger","Backflip","Backflip","Crippling Poison+1","Die Die Die","Malaise+1","Endless Agony","Well Laid Plans+1","Deadly Poison","All Out Attack","Bouncing Flask","Outmaneuver","Prepared","Leg Sweep","Slice"],"relics":["Ring of the Snake","Prayer Wheel","Bag of Preparation","Potion Belt","Ice Cream","White Beast Statue","Juzu Bracelet","Smiling Mask","Anchor"],"potions_floor_usage":[25,25,25,25,33,33,33],"damage_taken":[{"damage":4,"enemies":"Small Slimes","floor":1,"turns":4},{"damage":2,"enemies":"Jaw Worm","floor":2,"turns":4},{"damage":0,"enemies":"Cultist","floor":4,"turns":3},{"damage":24,"enemies":"3 Sentries","floor":7,"turns":8},{"damage":17,"enemies":"Gremlin Nob","floor":10,"turns":6},{"damage":4,"enemies":"2 Fungi Beasts","floor":11,"turns":3},{"damage":0,"enemies":"3 Louse","floor":12,"turns":2},{"damage":0,"enemies":"Blue Slaver","floor":14,"turns":3},{"damage":4,"enemies":"The Guardian","floor":16,"turns":11},{"damage":22,"enemies":"Chosen","floor":18,"turns":8},{"damage":5,"enemies":"Shell Parasite","floor":20,"turns":7},{"damage":13,"enemies":"Snake Plant","floor":22,"turns":7},{"damage":1,"enemies":"Chosen and Byrds","floor":24,"turns":6},{"damage":16,"enemies":"Book of Stabbing","floor":25,"turns":8},{"damage":13,"enemies":"Centurion and Healer","floor":30,"turns":8},{"damage":57,"enemies":"Collector","floor":33,"turns":12}],"seed_played":"6794798937774884348","potions_obtained":[{"floor":1,"key":"Regen Potion"},{"floor":7,"key":"Dexterity Potion"},{"floor":14,"key":"Fire Potion"},{"floor":16,"key":"SkillPotion"},{"floor":18,"key":"SpeedPotion"},{"floor":20,"key":"Dexterity Potion"},{"floor":25,"key":"SpeedPotion"},{"floor":30,"key":"AttackPotion"}],"is_trial":false,"path_per_floor":["M","M","$","M","?","R","E","R","T","E","M","M","R","M","R","B",null,"M","$","M","?","M","R","M","E","T","?","R","?","M","?","R","B"],"character_chosen":"THE_SILENT","items_purchased":["Leg Sweep","Sucker Punch","Juzu Bracelet"],"campfire_rested":3,"item_purchase_floors":[3,3,19],"current_hp_per_floor":[59,57,57,57,44,44,20,38,38,21,17,17,35,35,35,31,55,33,33,28,28,15,15,14,13,13,13,31,31,18,39,39,0],"gold":165,"neow_bonus":"ONE_RARE_RELIC","is_prod":false,"is_daily":false,"chose_seed":false,"campfire_upgraded":4,"win_rate":0,"timestamp":1544828123,"path_taken":["M","M","$","M","?","R","E","R","T","E","M","M","R","M","R","BOSS","M","$","M","?","M","R","M","E","T","?","R","?","M","?","R","BOSS"],"build_version":"2018-12-13","purchased_purges":1,"victory":false,"max_hp_per_floor":[63,63,63,63,63,63,63,63,63,63,63,63,63,63,63,63,63,63,63,63,63,63,63,63,63,63,63,63,63,63,63,63,63],"card_choices":[{"not_picked":["Masterful Stab","Expertise"],"picked":"Dagger Spray","floor":1},{"not_picked":["Reflex","PiercingWail"],"picked":"Flying Knee","floor":1},{"not_picked":["Reflex","Slice"],"picked":"Blade Dance","floor":2},{"not_picked":["Dagger Throw","Reflex"],"picked":"Terror","floor":2},{"not_picked":["Blade Dance","Deadly Poison"],"picked":"PiercingWail","floor":4},{"not_picked":["Blade Dance","Outmaneuver"],"picked":"Wraith Form v2","floor":4},{"not_picked":["Underhanded Strike","Expertise"],"picked":"Dash","floor":7},{"not_picked":["Outmaneuver","Dodge and Roll"],"picked":"Poisoned Stab","floor":10},{"not_picked":["Masterful Stab","Blade Dance"],"picked":"Cloak And Dagger","floor":11},{"not_picked":["Caltrops","After Image"],"picked":"Backflip","floor":11},{"not_picked":["Dagger Throw","Skewer"],"picked":"Backflip","floor":12},{"not_picked":["Dagger Throw","Dodge and Roll","Bane"],"picked":"SKIP","floor":12},{"not_picked":["Dagger Throw","Deflect"],"picked":"Crippling Poison","floor":14},{"not_picked":["Dash","Deadly Poison"],"picked":"Die Die Die","floor":14},{"not_picked":["Burst","Wraith Form v2"],"picked":"Malaise","floor":16},{"not_picked":["Outmaneuver","Heel Hook+1"],"picked":"Endless Agony","floor":18},{"not_picked":["Backflip","Heel Hook","Masterful Stab"],"picked":"SKIP","floor":18},{"not_picked":["PiercingWail+1","Poisoned Stab"],"picked":"Well Laid Plans","floor":20},{"not_picked":["Blade Dance+1","Deflect","Masterful Stab"],"picked":"SKIP","floor":20},{"not_picked":["PiercingWail","Backflip"],"picked":"Deadly Poison","floor":22},{"not_picked":["Poisoned Stab","Die Die Die","Predator"],"picked":"SKIP","floor":22},{"not_picked":["Masterful Stab+1","Deadly Poison"],"picked":"All Out Attack","floor":24},{"not_picked":["Deadly Poison","Sucker Punch","Acrobatics"],"picked":"SKIP","floor":24},{"not_picked":["Acrobatics","Dagger Spray"],"picked":"Bouncing Flask","floor":25},{"not_picked":["Dodge and Roll","Glass Knife"],"picked":"Leg Sweep","floor":30},{"not_picked":["Reflex","Eviscerate"],"picked":"Slice","floor":30}],"player_experience":327514,"relics_obtained":[{"floor":7,"key":"Bag of Preparation"},{"floor":9,"key":"Potion Belt"},{"floor":10,"key":"Ice Cream"},{"floor":25,"key":"Smiling Mask"},{"floor":26,"key":"Anchor"}],"event_choices":[{"damage_healed":0,"gold_gain":0,"player_choice":"Entered Light","damage_taken":13,"max_hp_gain":0,"max_hp_loss":0,"event_name":"Shining Light","floor":5,"gold_loss":0,"cards_upgraded":["Strike_G","Leg Sweep"]},{"cards_removed":["Strike_G"],"damage_healed":0,"gold_gain":0,"player_choice":"Card Removal","damage_taken":0,"max_hp_gain":0,"max_hp_loss":0,"event_name":"Wheel of Change","floor":21,"gold_loss":0},{"damage_healed":0,"gold_gain":0,"cards_transformed":["Strike_G","Strike_G"],"player_choice":"Became Test Subject","damage_taken":0,"max_hp_gain":0,"max_hp_loss":0,"event_name":"Drug Dealer","floor":27,"gold_loss":0,"cards_obtained":["Outmaneuver","Prepared"]},{"damage_healed":0,"gold_gain":0,"player_choice":"Ignored","damage_taken":0,"max_hp_gain":0,"max_hp_loss":0,"event_name":"Cursed Tome","floor":29,"gold_loss":0},{"damage_healed":21,"gold_gain":0,"player_choice":"Heal","damage_taken":0,"max_hp_gain":0,"max_hp_loss":0,"event_name":"The Library","floor":31,"gold_loss":0}],"is_beta":false,"boss_relics":[{"not_picked":["Cursed Key","Runic Pyramid"],"picked":"White Beast Statue"}],"items_purged_floors":[19],"is_endless":false,"potions_floor_spawned":[1,7,14,16,18,20,22,24,25,30],"killed_by":"Collector","ascension_level":5}