{"gold_per_floor":[117,6,25,41,41,41,75,105,105,117,132,132,166,201,213,322,334,362,474,514,543,9,9,44,44,44,44,61,120,134,153,153,258,258,270,1269,1078,1097,36,36,55,55,55,86,99,99,114,114,114,114],"floor_reached":51,"playtime":2473,"items_purged":["Strike_R","Normality","Normality"],"score":950,"play_id":"0f1d6aa2-63d1-4dcb-bbcf-0578084c5c5c","local_time":"20190304185333","is_ascension_mode":false,"campfire_choices":[{"data":"Bash","floor":6,"key":"SMITH"},{"data":"Carnage","floor":12,"key":"SMITH"},{"data":"True Grit","floor":15,"key":"SMITH"},{"data":"Inflame","floor":23,"key":"SMITH"},{"data":"True Grit","floor":27,"key":"SMITH"},{"data":"Spot Weakness","floor":32,"key":"SMITH"},{"data":"Feed","floor":40,"key":"SMITH"},{"data":"Juggernaut","floor":42,"key":"SMITH"},{"data":"Spot Weakness","floor":46,"key":"SMITH"},{"data":"Metallicize","floor":49,"key":"SMITH"}],"neow_cost":"NONE","seed_source_timestamp":186761926791825,"circlet_count":0,"master_deck":["Strike_R","Strike_R","Strike_R+1","Strike_R","Defend_R","Defend_R","Defend_R+1","Bash+1","Twin Strike","Corruption","Carnage+1","Shrug It Off","Metallicize+1","Spot Weakness+1","Sword Boomerang+1","Offering+1","True Grit+1","Juggernaut+1","Sentinel+1","Rampage","Corruption","Inflame+1","Dark Embrace","True Grit+1","Shrug It Off","Impervious","Feed+1","Metallicize","Metallicize","Secret Technique","Body Slam","True Grit+1","Corruption","Spot Weakness+1","Disarm"],"relics":["Burning Blood","NeowsBlessing","Turnip","The Courier","Mango","MawBank","Odd Mushroom","Mark of Pain","Du-Vu Doll","Self Forming Clay","Red Mask","Membership Card","Kunai","War Paint","Dodecahedron","Smiling Mask","Tiny Chest","Busted Crown","Oddly Smooth Stone","PreservedInsect","Mummified Hand","Ginger","Happy Flower","Bronze Scales","Charon\u0027s Ashes","Whetstone","Blue Candle","Incense Burner","Singing Bowl","Champion Belt","Letter Opener"],"potions_floor_usage":[19,33,33,44,50,50],"damage_taken":[{"damage":0,"enemies":"Jaw Worm","floor":1,"turns":1},{"damage":0,"enemies":"2 Louse","floor":3,"turns":1},{"damage":0,"enemies":"Small Slimes","floor":4,"turns":1},{"damage":11,"enemies":"Lagavulin","floor":7,"turns":7},{"damage":17,"enemies":"Exordium Wildlife","floor":10,"turns":6},{"damage":2,"enemies":"Blue Slaver","floor":11,"turns":4},{"damage":19,"enemies":"3 Sentries","floor":13,"turns":5},{"damage":18,"enemies":"The Mushroom Lair","floor":14,"turns":4},{"damage":47,"enemies":"Hexaghost","floor":16,"turns":8},{"damage":7,"enemies":"Chosen","floor":18,"turns":4},{"damage":9,"enemies":"Colosseum Slavers","floor":19,"turns":4},{"damage":10,"enemies":"Colosseum Nobs","floor":19,"turns":5},{"damage":16,"enemies":"Masked Bandits","floor":20,"turns":5},{"damage":6,"enemies":"2 Thieves","floor":21,"turns":3},{"damage":29,"enemies":"Slavers","floor":24,"turns":6},{"damage":7,"enemies":"Snecko","floor":28,"turns":4},{"damage":13,"enemies":"Gremlin Leader","floor":29,"turns":5},{"damage":6,"enemies":"Chosen and Byrds","floor":30,"turns":5},{"damage":25,"enemies":"Cultist and Chosen","floor":31,"turns":6},{"damage":39,"enemies":"Collector","floor":33,"turns":9},{"damage":0,"enemies":"3 Shapes","floor":35,"turns":9},{"damage":6,"enemies":"3 Darklings","floor":38,"turns":6},{"damage":17,"enemies":"Writhing Mass","floor":41,"turns":3},{"damage":1,"enemies":"Giant Head","floor":44,"turns":4},{"damage":6,"enemies":"Maw","floor":45,"turns":4},{"damage":21,"enemies":"Spire Growth","floor":47,"turns":4},{"damage":6,"enemies":"Donu and Deca","floor":50,"turns":6}],"seed_played":"2813004378184097121","potions_obtained":[{"floor":1,"key":"AttackPotion"},{"floor":4,"key":"SpeedPotion"},{"floor":13,"key":"SpeedPotion"},{"floor":16,"key":"Explosive Potion"},{"floor":19,"key":"Weak Potion"},{"floor":21,"key":"Regen Potion"},{"floor":24,"key":"PowerPotion"},{"floor":33,"key":"Explosive Potion"},{"floor":41,"key":"Regen Potion"}],"is_trial":false,"path_per_floor":["M","$","M","M","?","R","E","?","T","M","M","R","E","?","R","B",null,"M","?","?","M","$","R","E","$","T","R","M","E","M","M","R","B",null,"M","?","$","M","$","R","M","R","T","E","M","R","M","?","R","B",null],"character_chosen":"IRONCLAD","items_purchased":["Corruption","Carnage","Membership Card","Inflame","Dark Embrace","Kunai","War Paint","True Grit","Shrug It Off","Impervious","Metallicize","Metallicize","Secret Technique","Body Slam","Oddly Smooth Stone","PreservedInsect","Mummified Hand","Ginger","Happy Flower","Bronze Scales","Charon\u0027s Ashes","Corruption","Whetstone","Blue Candle","Incense Burner","Singing Bowl","Spot Weakness"],"campfire_rested":0,"item_purchase_floors":[2,2,22,22,22,22,22,22,22,22,37,37,37,37,39,39,39,39,39,39,39,39,39,39,39,39,39],"current_hp_per_floor":[80,80,80,80,85,85,80,80,94,83,87,87,74,62,62,21,99,98,91,81,81,81,81,58,58,58,58,57,50,50,31,31,13,99,99,99,99,99,99,99,94,94,94,103,109,109,96,96,96,115],"gold":114,"neow_bonus":"THREE_ENEMY_KILL","is_prod":false,"is_daily":false,"chose_seed":false,"campfire_upgraded":10,"win_rate":0,"timestamp":1551743613,"path_taken":["M","$","M","M","?","R","E","?","T","M","M","R","E","?","R","BOSS","M","?","?","M","$","R","E","?","T","R","M","E","?","M","R","BOSS","M","?","$","M","$","R","M","R","T","E","M","R","M","?","R","BOSS"],"build_version":"2019-01-23","purchased_purges":3,"victory":true,"max_hp_per_floor":[80,80,80,80,85,85,85,85,99,99,99,99,99,99,99,99,99,99,99,99,99,99,99,99,99,99,99,99,99,99,99,99,99,99,99,99,99,99,99,99,105,105,105,109,115,115,117,117,117,121],"card_choices":[{"not_picked":["Sentinel","Clash"],"picked":"Twin Strike","floor":1},{"not_picked":["Armaments","Hemokinesis"],"picked":"Shrug It Off","floor":3},{"not_picked":["True Grit","Wild Strike"],"picked":"Metallicize","floor":4},{"not_picked":["Power Through","Fiend Fire"],"picked":"Spot Weakness","floor":7},{"not_picked":["Blood for Blood","Headbutt","Anger"],"picked":"SKIP","floor":10},{"not_picked":["Twin Strike","Cleave"],"picked":"Sword Boomerang","floor":11},{"not_picked":["Twin Strike","Warcry"],"picked":"Offering","floor":13},{"not_picked":["Thunderclap","Pummel"],"picked":"True Grit","floor":14},{"not_picked":["Exhume","Limit Break"],"picked":"Juggernaut","floor":16},{"not_picked":["Body Slam","Wild Strike"],"picked":"Sentinel+1","floor":18},{"not_picked":["Perfected Strike+1","Headbutt"],"picked":"Rampage","floor":19},{"not_picked":["Warcry+1","Thunderclap"],"picked":"Corruption","floor":20},{"not_picked":["Rupture","Clash","Power Through"],"picked":"SKIP","floor":21},{"not_picked":["Corruption","Dropkick+1","Cleave"],"picked":"SKIP","floor":24},{"not_picked":["Twin Strike","Seeing Red","Hemokinesis"],"picked":"SKIP","floor":28},{"not_picked":["Dropkick+1","Clothesline+1","Headbutt"],"picked":"SKIP","floor":29},{"not_picked":["Infernal Blade","Rupture","Evolve"],"picked":"SKIP","floor":30},{"not_picked":["Sword Boomerang","Armaments","Wild Strike+1"],"picked":"SKIP","floor":31},{"not_picked":["Brutality","Berserk"],"picked":"Feed","floor":33},{"not_picked":["Flame Barrier"],"picked":"SKIP","floor":35},{"not_picked":[],"picked":"True Grit+1","floor":38},{"not_picked":["Clothesline+1"],"picked":"Singing Bowl","floor":41},{"not_picked":[],"picked":"Disarm","floor":44},{"not_picked":["Havoc"],"picked":"Singing Bowl","floor":45},{"not_picked":["Corruption"],"picked":"Singing Bowl","floor":47}],"player_experience":449090,"relics_obtained":[{"floor":7,"key":"Turnip"},{"floor":9,"key":"Mango"},{"floor":13,"key":"MawBank"},{"floor":14,"key":"Odd Mushroom"},{"floor":19,"key":"Du-Vu Doll"},{"floor":19,"key":"Self Forming Clay"},{"floor":20,"key":"Red Mask"},{"floor":24,"key":"Dodecahedron"},{"floor":26,"key":"Smiling Mask"},{"floor":29,"key":"Tiny Chest"},{"floor":43,"key":"Champion Belt"},{"floor":44,"key":"Letter Opener"}],"event_choices":[{"damage_healed":0,"gold_gain":0,"player_choice":"Donut","damage_taken":0,"max_hp_gain":5,"max_hp_loss":0,"event_name":"Big Fish","floor":5,"gold_loss":0},{"damage_healed":0,"gold_gain":30,"player_choice":"Searched \u00272\u0027 times","damage_taken":0,"relics_obtained":["The Courier"],"max_hp_gain":0,"max_hp_loss":0,"event_name":"Dead Adventurer","floor":8,"gold_loss":0},{"damage_healed":0,"gold_gain":0,"player_choice":"Fought Mushrooms","damage_taken":0,"max_hp_gain":0,"max_hp_loss":0,"event_name":"Mushrooms","floor":14,"gold_loss":0},{"damage_healed":0,"gold_gain":0,"player_choice":"Fight","damage_taken":0,"max_hp_gain":0,"max_hp_loss":0,"event_name":"Colosseum","floor":19,"gold_loss":0},{"damage_healed":0,"gold_gain":0,"player_choice":"Fought Nobs","damage_taken":0,"max_hp_gain":0,"max_hp_loss":0,"event_name":"Colosseum","floor":19,"gold_loss":0},{"damage_healed":0,"gold_gain":0,"player_choice":"Fought Bandits","damage_taken":0,"max_hp_gain":0,"max_hp_loss":0,"event_name":"Masked Bandits","floor":20,"gold_loss":0},{"damage_healed":0,"gold_gain":999,"player_choice":"Gold","damage_taken":0,"max_hp_gain":0,"max_hp_loss":0,"event_name":"MindBloom","floor":36,"gold_loss":0,"cards_obtained":["Normality","Normality"]},{"cards_removed":["Defend_R"],"damage_healed":0,"gold_gain":0,"player_choice":"Removed Skill","damage_taken":0,"max_hp_gain":0,"max_hp_loss":0,"event_name":"Falling","floor":48,"gold_loss":0}],"is_beta":false,"boss_relics":[{"not_picked":["Cursed Key","Calling Bell"],"picked":"Mark of Pain"},{"not_picked":["Eternal Feather","White Beast Statue"],"picked":"Busted Crown"}],"items_purged_floors":[22,37,39],"is_endless":false,"potions_floor_spawned":[1,4,13,16,19,20,21,24,33,38,41],"ascension_level":0}