{"gold_per_floor":[119,89,102,1,18,18,34,46,46,64,64,90,165,179,179,252,252,264,66,82,82,7,7,21,21],"floor_reached":25,"playtime":2813,"items_purged":["Strike_R","Strike_R"],"score":388,"play_id":"d03fe64a-55d0-4d6e-a847-961d2485631c","local_time":"20190128083114","is_ascension_mode":true,"campfire_choices":[{"data":"Feed","floor":6.0,"key":"SMITH"},{"data":"Shockwave","floor":11.0,"key":"SMITH"},{"floor":15.0,"key":"REST"},{"data":"Barricade","floor":23,"key":"SMITH"}],"neow_cost":"PERCENT_DAMAGE","seed_source_timestamp":0,"circlet_count":0,"master_deck":["AscendersBane","Strike_R","Strike_R","Defend_R","Defend_R","Defend_R","Bash","Feed+1","True Grit","Shockwave+1","Shrug It Off","Anger","Bludgeon","Shrug It Off","Barricade+1","Pommel Strike","Rampage","Rage+1","Infernal Blade","Cleave"],"special_seed":0,"relics":["Burning Blood","Gremlin Horn","Sundial","Sozu"],"potions_floor_usage":[],"damage_taken":[{"damage":3.0,"enemies":"Jaw Worm","floor":1.0,"turns":5.0},{"damage":1.0,"enemies":"Cultist","floor":3.0,"turns":4.0},{"damage":8.0,"enemies":"Small Slimes","floor":5.0,"turns":5.0},{"damage":1.0,"enemies":"Looter","floor":7.0,"turns":3.0},{"damage":11.0,"enemies":"3 Louse","floor":8.0,"turns":4.0},{"damage":9.0,"enemies":"Lots of Slimes","floor":10.0,"turns":3.0},{"damage":6.0,"enemies":"Gremlin Nob","floor":12.0,"turns":3.0},{"damage":0.0,"enemies":"Looter","floor":14.0,"turns":1.0},{"damage":79.0,"enemies":"Hexaghost","floor":16.0,"turns":11.0},{"damage":16,"enemies":"Shell Parasite","floor":18,"turns":9},{"damage":4,"enemies":"3 Byrds","floor":20,"turns":5},{"damage":48,"enemies":"Snake Plant","floor":24,"turns":6},{"damage":49,"enemies":"Book of Stabbing","floor":25,"turns":5}],"seed_played":"-8358063776646045093","potions_obtained":[{"floor":2.0,"key":"Explosive Potion"},{"floor":2.0,"key":"Energy Potion"},{"floor":8.0,"key":"Regen Potion"},{"floor":10.0,"key":"Energy Potion"},{"floor":12.0,"key":"SteroidPotion"},{"floor":14.0,"key":"Fire Potion"}],"is_trial":false,"path_per_floor":["M","?","M","$","M","R","M","M","T","M","R","E","?","M","R","B",null,"M","$","M","?","?","R","M","E"],"character_chosen":"IRONCLAD","items_purchased":["Shrug It Off","Pommel Strike","Rampage"],"campfire_rested":1,"item_purchase_floors":[4,19,19],"current_hp_per_floor":[57,57,65,65,66,66,75,74,74,84,84,88,77,87,109,36,91,85,85,91,91,91,91,49,0],"gold":21,"neow_bonus":"THREE_RARE_CARDS","is_prod":false,"is_daily":false,"chose_seed":false,"campfire_upgraded":3,"win_rate":0,"timestamp":1548657074,"path_taken":["M","?","M","?","?","R","M","M","T","M","R","E","?","M","R","BOSS","M","$","M","?","?","R","M","E"],"build_version":"2019-01-23","purchased_purges":2,"victory":false,"max_hp_per_floor":[83,83,86,86,89,89,93,97,97,101,101,105,105,109,109,109,109,113,113,117,117,117,117,117,117],"card_choices":[{"not_picked":["Barricade","Immolate"],"picked":"Feed","floor":0.0},{"not_picked":["Hemokinesis","Cleave"],"picked":"True Grit","floor":1.0},{"not_picked":["Whirlwind","Bloodletting"],"picked":"Shockwave","floor":3.0},{"not_picked":["Searing Blow","Disarm"],"picked":"Anger","floor":5.0},{"not_picked":["Havoc","Clothesline","Perfected Strike"],"picked":"SKIP","floor":7.0},{"not_picked":["Heavy Blade","Clash","Rupture"],"picked":"SKIP","floor":8.0},{"not_picked":["Rupture","Thunderclap"],"picked":"Bludgeon","floor":10.0},{"not_picked":["Corruption","Combust","Anger"],"picked":"SKIP","floor":12.0},{"not_picked":["Hemokinesis","Iron Wave"],"picked":"Shrug It Off","floor":14.0},{"not_picked":["Exhume","Limit Break"],"picked":"Barricade","floor":16.0},{"not_picked":["Wild Strike","Rupture","Reckless Charge"],"picked":"SKIP","floor":18},{"not_picked":["Clothesline","Dual Wield"],"picked":"Rage+1","floor":20},{"not_picked":["Corruption","Shrug It Off"],"picked":"Cleave","floor":24}],"player_experience":408716,"relics_obtained":[{"floor":9.0,"key":"Gremlin Horn"},{"floor":12.0,"key":"Sundial"}],"event_choices":[{"damage_healed":0.0,"max_hp_gain":0.0,"max_hp_loss":0.0,"gold_gain":0.0,"event_name":"The Woman in Blue","player_choice":"Bought 2 Potions","floor":2.0,"gold_loss":0.0,"damage_taken":0.0},{"damage_healed":0.0,"max_hp_gain":0.0,"max_hp_loss":0.0,"gold_gain":75.0,"event_name":"World of Goop","player_choice":"Gather Gold","floor":13.0,"gold_loss":0.0,"damage_taken":11.0},{"damage_healed":0,"gold_gain":0,"cards_transformed":["Defend_R","Strike_R"],"player_choice":"Became Test Subject","damage_taken":0,"max_hp_gain":0,"max_hp_loss":0,"event_name":"Drug Dealer","floor":21,"gold_loss":0,"cards_obtained":["Infernal Blade","Clash"]},{"cards_removed":["Clash"],"damage_healed":0,"gold_gain":0,"player_choice":"Gave Gold","damage_taken":0,"max_hp_gain":0,"max_hp_loss":0,"event_name":"Beggar","floor":22,"gold_loss":75}],"is_beta":false,"boss_relics":[{"not_picked":["Empty Cage","Velvet Choker"],"picked":"Sozu"}],"items_purged_floors":[4,19],"is_endless":false,"potions_floor_spawned":[5,8,10,12,14,18,24],"killed_by":"Book of Stabbing","ascension_level":13}