{"gold_per_floor":[115,115,115,126,126,126,126,401,401,401,413,439,290,307,307,404,404,415,415],"floor_reached":19,"playtime":415,"items_purged":[],"score":155,"play_id":"9ddbf21b-9f03-4247-ac31-a2442a039aff","local_time":"20190430201839","is_ascension_mode":false,"campfire_choices":[{"data":"Zap","floor":6,"key":"SMITH"},{"data":"Dualcast","floor":10,"key":"SMITH"},{"data":"Ball Lightning","floor":15,"key":"SMITH"}],"neow_cost":"NONE","seed_source_timestamp":5426414107200,"circlet_count":0,"master_deck":["Strike_B+1","Strike_B+1","Strike_B","Strike_B+1","Defend_B+1","Defend_B","Defend_B","Defend_B","Zap+1","Dualcast+1","Chaos+1","Consume","Ball Lightning+1","Echo Form","Echo Form","Sweeping Beam+1","Coolheaded"],"relics":["Cracked Core","Omamori","Prayer Wheel","Whetstone","Boot","Sozu"],"potions_floor_usage":[16],"damage_taken":[{"damage":3,"enemies":"Small Slimes","floor":1,"turns":2},{"damage":4,"enemies":"2 Louse","floor":4,"turns":3},{"damage":0,"enemies":"Cultist","floor":11,"turns":3},{"damage":0,"enemies":"Exordium Wildlife","floor":14,"turns":2},{"damage":40,"enemies":"The Guardian","floor":16,"turns":7},{"damage":20,"enemies":"Chosen","floor":18,"turns":5},{"damage":23,"enemies":"Colosseum Slavers","floor":19,"turns":4},{"damage":32,"enemies":"Colosseum Nobs","floor":19,"turns":2}],"seed_played":"-8399413689471688288","potions_obtained":[{"floor":1,"key":"FearPotion"}],"is_trial":false,"path_per_floor":["M","?","?","M","$","R","$","?","T","R","M","T","$","M","R","B",null,"M","?"],"character_chosen":"DEFECT","items_purchased":["Boot"],"campfire_rested":0,"item_purchase_floors":[13],"current_hp_per_floor":[72,57,57,53,53,53,53,53,53,53,53,53,53,53,53,13,75,55,0],"gold":415,"neow_bonus":"RANDOM_COMMON_RELIC","is_prod":false,"is_daily":false,"chose_seed":false,"campfire_upgraded":3,"win_rate":0,"timestamp":1556644719,"path_taken":["M","?","?","M","$","R","$","?","T","R","?","?","?","M","R","BOSS","M","?"],"build_version":"2019-01-23","purchased_purges":0,"victory":false,"max_hp_per_floor":[75,75,75,75,75,75,75,75,75,75,75,75,75,75,75,75,75,75,75],"card_choices":[{"not_picked":["Turbo","Go for the Eyes"],"picked":"Chaos","floor":1},{"not_picked":["Rip and Tear","Streamline","Conserve Battery"],"picked":"SKIP","floor":4},{"not_picked":["Turbo","Beam Cell"],"picked":"Consume","floor":11},{"not_picked":["Force Field","Beam Cell"],"picked":"Ball Lightning","floor":11},{"not_picked":["Redo","Sweeping Beam"],"picked":"Echo Form","floor":14},{"not_picked":["Static Discharge","Streamline","Leap"],"picked":"SKIP","floor":14},{"not_picked":["Reboot","Seek"],"picked":"Echo Form","floor":16},{"not_picked":["Glacier","Conserve Battery"],"picked":"Sweeping Beam+1","floor":18},{"not_picked":["Genetic Algorithm+1","Reinforced Body"],"picked":"Coolheaded","floor":18}],"player_experience":273794,"relics_obtained":[{"floor":9,"key":"Prayer Wheel"},{"floor":12,"key":"Whetstone"}],"event_choices":[{"damage_healed":0,"gold_gain":0,"player_choice":"Entered Light","damage_taken":15,"max_hp_gain":0,"max_hp_loss":0,"event_name":"Shining Light","floor":2,"gold_loss":0,"cards_upgraded":["Defend_B","Strike_B"]},{"damage_healed":0,"gold_gain":0,"player_choice":"Grow","damage_taken":0,"max_hp_gain":0,"max_hp_loss":0,"event_name":"Living Wall","floor":3,"gold_loss":0,"cards_upgraded":["Chaos"]},{"damage_healed":0,"gold_gain":275,"player_choice":"Desecrate","damage_taken":0,"max_hp_gain":0,"max_hp_loss":0,"event_name":"Golden Shrine","floor":8,"gold_loss":0,"cards_obtained":["Regret"]},{"damage_healed":0,"gold_gain":0,"player_choice":"Fight","damage_taken":0,"max_hp_gain":0,"max_hp_loss":0,"event_name":"Colosseum","floor":19,"gold_loss":0},{"damage_healed":0,"gold_gain":0,"player_choice":"Fought Nobs","damage_taken":0,"max_hp_gain":0,"max_hp_loss":0,"event_name":"Colosseum","floor":19,"gold_loss":0}],"is_beta":false,"boss_relics":[{"not_picked":["Busted Crown","Philosopher\u0027s Stone"],"picked":"Sozu"}],"items_purged_floors":[],"is_endless":false,"potions_floor_spawned":[1,19],"killed_by":"Colosseum Nobs","ascension_level":0}