{"gold_per_floor":[116,128,139,139,150,150,184,113,113,61,61,73,105,105,105,203,203,222,28,34,34,34,59,59,89,142,158,187,137,150,164,164,265,265,280,290,171,188,67,99,99,49,49,49,59,159,178,27,27,27],"floor_reached":51,"playtime":2694,"items_purged":["Strike_R","Strike_R","Strike_R","Strike_R"],"score":884,"play_id":"51c7b6aa-0a85-4d42-96f4-8e7b95d202d3","local_time":"20181123173034","is_ascension_mode":true,"campfire_choices":[{"data":"Pommel Strike","floor":6,"key":"SMITH"},{"data":"Armaments","floor":11,"key":"SMITH"},{"data":"Barricade","floor":15,"key":"SMITH"},{"floor":32,"key":"REST"},{"data":"Impervious","floor":44,"key":"SMITH"},{"data":"Impervious","floor":49,"key":"SMITH"}],"neow_cost":"NONE","seed_source_timestamp":66258235729919,"circlet_count":0,"master_deck":["Strike_R","Defend_R","Defend_R","Defend_R","Defend_R","Bash+1","Armaments+1","Pommel Strike+1","Dropkick","Twin Strike","Shockwave","Cleave","Thunderclap","Barricade+1","Impervious","Whirlwind","True Grit","Body Slam","J.A.X.","Disarm","Impervious+1","Metallicize","Inflame","Juggernaut","Battle Trance","Flame Barrier+1","Entrench+1","Impervious+1","Entrench+1"],"relics":["Burning Blood","Blue Candle","Singing Bowl","Self Forming Clay","Orichalcum","Mark of Pain","PreservedInsect","Bottled Flame","Charon\u0027s Ashes","Smiling Mask","Art of War","Sozu","Frozen Egg 2","Mango","StoneCalendar","Bronze Scales"],"potions_floor_usage":[7,16,31,33,47],"damage_taken":[{"damage":6,"enemies":"Cultist","floor":1,"turns":3},{"damage":0,"enemies":"Small Slimes","floor":2,"turns":3},{"damage":6,"enemies":"Jaw Worm","floor":3,"turns":3},{"damage":4,"enemies":"Exordium Wildlife","floor":5,"turns":3},{"damage":22,"enemies":"3 Sentries","floor":7,"turns":8},{"damage":8,"enemies":"Lots of Slimes","floor":12,"turns":2},{"damage":31,"enemies":"Lagavulin","floor":13,"turns":6},{"damage":30,"enemies":"Hexaghost","floor":16,"turns":12},{"damage":12,"enemies":"Spheric Guardian","floor":18,"turns":6},{"damage":15,"enemies":"2 Thieves","floor":20,"turns":4},{"damage":16,"enemies":"Slavers","floor":23,"turns":3},{"damage":3,"enemies":"Gremlin Leader","floor":25,"turns":7},{"damage":16,"enemies":"Centurion and Healer","floor":27,"turns":4},{"damage":26,"enemies":"Slavers","floor":28,"turns":4},{"damage":9,"enemies":"Snake Plant","floor":30,"turns":4},{"damage":10,"enemies":"Shelled Parasite and Fungi","floor":31,"turns":8},{"damage":26,"enemies":"Automaton","floor":33,"turns":9},{"damage":15,"enemies":"3 Shapes","floor":35,"turns":2},{"damage":14,"enemies":"3 Darklings","floor":36,"turns":4},{"damage":26,"enemies":"Jaw Worm Horde","floor":38,"turns":5},{"damage":3,"enemies":"Giant Head","floor":40,"turns":7},{"damage":3,"enemies":"Sphere and 2 Shapes","floor":45,"turns":4},{"damage":0,"enemies":"Mind Bloom Boss Battle","floor":46,"turns":3},{"damage":15,"enemies":"Writhing Mass","floor":47,"turns":6},{"damage":20,"enemies":"Awakened One","floor":50,"turns":11}],"seed_played":"2410264409106546157","potions_obtained":[{"floor":0,"key":"FairyPotion"},{"floor":0,"key":"GamblersBrew"},{"floor":0,"key":"SteroidPotion"},{"floor":1,"key":"LiquidBronze"},{"floor":5,"key":"Weak Potion"},{"floor":20,"key":"EssenceOfSteel"},{"floor":27,"key":"EssenceOfSteel"},{"floor":28,"key":"PowerPotion"},{"floor":33,"key":"Weak Potion"}],"is_trial":false,"path_per_floor":["M","M","M","?","M","R","E","$","T","$","R","M","E","T","R","B",null,"M","$","M","$","?","E","?","E","T","M","E","$","M","M","R","B",null,"M","M","$","M","$","E","?","$","T","R","M","?","M","$","R","B",null],"character_chosen":"IRONCLAD","items_purchased":["Shockwave","Cleave","PreservedInsect","True Grit","Battle Trance","Entrench","Bronze Scales"],"campfire_rested":1,"item_purchase_floors":[8,10,19,19,37,39,48],"current_hp_per_floor":[80,80,80,80,80,80,64,64,64,64,64,62,37,37,37,13,80,74,74,65,65,65,55,55,58,58,50,32,32,29,25,50,30,84,77,71,71,51,51,54,54,54,68,68,73,79,72,72,72,58],"gold":27,"neow_bonus":"THREE_SMALL_POTIONS","is_prod":false,"is_daily":false,"chose_seed":false,"campfire_upgraded":5,"win_rate":0,"timestamp":1543012234,"path_taken":["M","?","M","?","M","R","E","?","T","$","R","M","E","?","R","BOSS","M","?","M","$","?","E","?","E","T","M","E","$","M","M","R","BOSS","M","M","$","M","$","E","?","?","T","R","M","?","M","?","R","BOSS"],"build_version":"2018-11-15","purchased_purges":4,"victory":true,"max_hp_per_floor":[80,80,80,80,80,80,80,80,80,80,80,80,80,80,80,80,80,80,80,80,80,80,80,80,80,80,82,84,84,84,84,84,84,84,86,88,88,88,88,88,88,88,102,102,104,104,106,106,106,106],"card_choices":[{"not_picked":["Seeing Red","Body Slam"],"picked":"Armaments","floor":1},{"not_picked":["True Grit","Sentinel"],"picked":"Pommel Strike","floor":2},{"not_picked":["Flex","Clash"],"picked":"Dropkick","floor":3},{"not_picked":["Havoc","Armaments","Body Slam"],"picked":"SKIP","floor":5},{"not_picked":["Headbutt","Havoc"],"picked":"Twin Strike","floor":7},{"not_picked":["True Grit","Warcry"],"picked":"Thunderclap","floor":12},{"not_picked":["Infernal Blade","Pommel Strike"],"picked":"Barricade","floor":13},{"not_picked":["Reaper","Feed"],"picked":"Impervious","floor":16},{"not_picked":["Warcry","Clash"],"picked":"Whirlwind","floor":18},{"not_picked":["Perfected Strike","Shockwave+1"],"picked":"Body Slam","floor":20},{"not_picked":["True Grit","Pummel"],"picked":"Disarm","floor":23},{"not_picked":["True Grit","Metallicize"],"picked":"Impervious","floor":25},{"not_picked":["True Grit","Anger+1","Thunderclap"],"picked":"Singing Bowl","floor":27},{"not_picked":["Warcry","Flex","Intimidate"],"picked":"Singing Bowl","floor":28},{"not_picked":["Power Through","Cleave+1"],"picked":"Metallicize","floor":30},{"not_picked":["Shockwave+1","True Grit"],"picked":"Inflame","floor":31},{"not_picked":["Immolate","Limit Break"],"picked":"Juggernaut","floor":33},{"not_picked":["Heavy Blade+1","Twin Strike+1","Cleave"],"picked":"Singing Bowl","floor":35},{"not_picked":["Spot Weakness+1","Feel No Pain+1","Dropkick"],"picked":"Singing Bowl","floor":36},{"not_picked":["Thunderclap","Wild Strike+1"],"picked":"Flame Barrier+1","floor":38},{"not_picked":["Twin Strike","Hemokinesis"],"picked":"Impervious","floor":40},{"not_picked":["Searing Blow+1","Anger+1","Cleave+1"],"picked":"Singing Bowl","floor":45},{"not_picked":["Rage+1","Ghostly Armor"],"picked":"Entrench+1","floor":46},{"not_picked":["Second Wind","Spot Weakness","Anger"],"picked":"Singing Bowl","floor":47}],"player_experience":211814,"relics_obtained":[{"floor":7,"key":"Blue Candle"},{"floor":9,"key":"Singing Bowl"},{"floor":13,"key":"Self Forming Clay"},{"floor":14,"key":"Orichalcum"},{"floor":23,"key":"Bottled Flame"},{"floor":25,"key":"Charon\u0027s Ashes"},{"floor":26,"key":"Smiling Mask"},{"floor":28,"key":"Art of War"},{"floor":40,"key":"Frozen Egg 2"},{"floor":43,"key":"Mango"},{"floor":46,"key":"StoneCalendar"}],"event_choices":[{"damage_healed":0,"gold_gain":0,"player_choice":"Grow","damage_taken":0,"max_hp_gain":0,"max_hp_loss":0,"event_name":"Living Wall","floor":4,"gold_loss":0,"cards_upgraded":["Bash"]},{"damage_healed":0,"gold_gain":0,"player_choice":"Obtain J.A.X.","damage_taken":0,"max_hp_gain":0,"max_hp_loss":0,"event_name":"Drug Dealer","floor":22,"gold_loss":0,"cards_obtained":["J.A.X."]},{"damage_healed":0,"gold_gain":0,"player_choice":"Ignored","damage_taken":0,"max_hp_gain":0,"max_hp_loss":0,"event_name":"Beggar","floor":24,"gold_loss":0},{"damage_healed":0,"gold_gain":0,"player_choice":"Upgraded","damage_taken":0,"max_hp_gain":0,"max_hp_loss":0,"event_name":"Upgrade Shrine","floor":41,"gold_loss":0,"cards_upgraded":["Entrench"]},{"damage_healed":0,"gold_gain":0,"player_choice":"Fight","damage_taken":0,"max_hp_gain":0,"max_hp_loss":0,"event_name":"MindBloom","floor":46,"gold_loss":0}],"is_beta":false,"boss_relics":[{"not_picked":["Calling Bell","Astrolabe"],"picked":"Mark of Pain"},{"not_picked":["Cursed Key","Pandora\u0027s Box"],"picked":"Sozu"}],"items_purged_floors":[29,37,39,42],"is_endless":false,"potions_floor_spawned":[1,5,20,27,28,33,35,40,46,47],"ascension_level":1}