{"gold_per_floor":[111,127,127,127,141,170,170,199,199,231,244,244,257,257,257,350,350,363,24,24,24,43,72,72,172,172,172,201,218,234,251,251,323,323,341,47,61,78,78,107,107,139,139,139,166,36,54,70,70,70],"floor_reached":51,"playtime":3345,"items_purged":["Strike_R"],"score":1481,"play_id":"bb7488bd-3c25-461b-b1c6-4c32f987f95b","local_time":"20190518141149","is_ascension_mode":true,"campfire_choices":[{"data":"Iron Wave","floor":7.0,"key":"SMITH"},{"data":"Defend_R","floor":12.0,"key":"SMITH"},{"data":"Defend_R","floor":15.0,"key":"SMITH"},{"data":"Whirlwind","floor":24.0,"key":"SMITH"},{"data":"Clothesline","floor":27.0,"key":"SMITH"},{"data":"Fiend Fire","floor":32.0,"key":"SMITH"},{"data":"Heavy Blade","floor":41,"key":"SMITH"},{"floor":44,"key":"DIG"},{"data":"Clothesline","floor":49,"key":"SMITH"}],"neow_cost":"NONE","seed_source_timestamp":119539069467100,"circlet_count":0,"master_deck":["AscendersBane","Strike_R","Strike_R+1","Strike_R","Defend_R+1","Defend_R+1","Defend_R","Defend_R","Bash+1","Spot Weakness+1","Anger","Iron Wave+1","Impervious","Rage+1","Warcry+1","True Grit+1","Injury","Double Tap+1","Clothesline+1","RitualDagger+1","Whirlwind+1","Double Tap+1","Clothesline+1","Entrench+1","Shrug It Off+1","Fiend Fire+1","Immolate","Intimidate+1","Corruption+1","Burning Pact+1","Metallicize+1","Heavy Blade+1","Power Through+1","Pommel Strike+1","Sentinel+1","Disarm+1","Parasite","Power Through+1"],"special_seed":0,"relics":["Burning Blood","Frozen Egg 2","Blue Candle","Toxic Egg 2","Smiling Mask","Bloody Idol","Snecko Eye","Du-Vu Doll","Happy Flower","Ginger","Paper Frog","Mummified Hand","Shovel","Eternal Feather","Membership Card","Nunchaku","Peace Pipe","Whetstone","Centennial Puzzle","Mercury Hourglass"],"potions_floor_usage":[37,40,50,50,50],"damage_taken":[{"damage":0.0,"enemies":"2 Louse","floor":1.0,"turns":3.0},{"damage":4.0,"enemies":"Small Slimes","floor":2.0,"turns":4.0},{"damage":1.0,"enemies":"Cultist","floor":5.0,"turns":4.0},{"damage":25.0,"enemies":"3 Sentries","floor":6.0,"turns":7.0},{"damage":23.0,"enemies":"Lagavulin","floor":8.0,"turns":5.0},{"damage":5.0,"enemies":"Gremlin Nob","floor":10.0,"turns":4.0},{"damage":0.0,"enemies":"3 Louse","floor":11.0,"turns":4.0},{"damage":1.0,"enemies":"Blue Slaver","floor":13.0,"turns":4.0},{"damage":28.0,"enemies":"The Guardian","floor":16.0,"turns":10.0},{"damage":7.0,"enemies":"Chosen","floor":18.0,"turns":5.0},{"damage":0.0,"enemies":"Spheric Guardian","floor":22.0,"turns":3.0},{"damage":7.0,"enemies":"Gremlin Leader","floor":23.0,"turns":4.0},{"damage":18.0,"enemies":"Colosseum Slavers","floor":25.0,"turns":5.0},{"damage":7.0,"enemies":"Colosseum Nobs","floor":25.0,"turns":5.0},{"damage":6.0,"enemies":"Book of Stabbing","floor":28.0,"turns":4.0},{"damage":1.0,"enemies":"Centurion and Healer","floor":29.0,"turns":4.0},{"damage":20.0,"enemies":"Cultist and Chosen","floor":30.0,"turns":5.0},{"damage":4.0,"enemies":"Shelled Parasite and Fungi","floor":31.0,"turns":5.0},{"damage":44.0,"enemies":"Automaton","floor":33.0,"turns":8.0},{"damage":18.0,"enemies":"3 Darklings","floor":35.0,"turns":3.0},{"damage":8,"enemies":"3 Shapes","floor":37,"turns":5},{"damage":19,"enemies":"Sphere and 2 Shapes","floor":38,"turns":4},{"damage":31,"enemies":"Reptomancer","floor":40,"turns":8},{"damage":0,"enemies":"Nemesis","floor":42,"turns":3},{"damage":10,"enemies":"Reptomancer","floor":45,"turns":5},{"damage":0,"enemies":"Spire Growth","floor":47,"turns":3},{"damage":0,"enemies":"Writhing Mass","floor":48,"turns":4},{"damage":26,"enemies":"Time Eater","floor":50,"turns":11}],"seed_played":"-2468530375927228284","potions_obtained":[{"floor":1.0,"key":"Fire Potion"},{"floor":2.0,"key":"EntropicBrew"},{"floor":10.0,"key":"Energy Potion"},{"floor":16.0,"key":"SkillPotion"},{"floor":22.0,"key":"AttackPotion"},{"floor":28.0,"key":"Explosive Potion"},{"floor":31.0,"key":"SpeedPotion"},{"floor":33.0,"key":"AttackPotion"},{"floor":37,"key":"Ancient Potion"},{"floor":40,"key":"Strength Potion"},{"floor":47,"key":"EntropicBrew"}],"is_trial":false,"path_per_floor":["M","M","?","?","M","E","R","E","T","E","M","R","M","?","R","B",null,"M","$","?","?","M","E","R","?","T","R","E","M","M","M","R","B",null,"M","$","M","M","?","E","R","E","T","R","E","$","M","M","R","B",null],"character_chosen":"IRONCLAD","items_purchased":["Du-Vu Doll","Membership Card","Corruption+1","Burning Pact+1","Disarm+1","LiquidBronze"],"campfire_rested":0,"item_purchase_floors":[19,36,36,36,46,46],"current_hp_per_floor":[74,75,75,75,75,56,56,39,39,40,46,46,51,51,51,29,64,63,63,63,57,68,72,72,64,64,64,69,75,66,73,73,40,66,59,59,62,54,54,34,52,63,63,75,75,75,75,75,75,55],"gold":70,"neow_bonus":"UPGRADE_CARD","is_prod":false,"is_daily":false,"chose_seed":false,"campfire_upgraded":8,"win_rate":1,"timestamp":1558213909,"path_taken":["M","M","?","?","M","E","R","E","T","E","M","R","?","?","R","BOSS","M","$","?","?","M","E","R","?","T","R","E","M","?","M","R","BOSS","M","$","M","M","?","E","R","E","T","R","E","$","M","M","R","BOSS"],"build_version":"2019-01-23","purchased_purges":1,"victory":true,"max_hp_per_floor":[75,75,75,75,75,75,75,75,75,75,75,75,75,75,75,75,75,75,75,75,75,75,75,75,75,75,75,75,75,75,75,75,75,75,75,75,75,75,75,75,75,75,75,75,75,75,75,75,75,75],"card_choices":[{"not_picked":["Sword Boomerang","Armaments"],"picked":"Spot Weakness","floor":1.0},{"not_picked":["True Grit","Twin Strike"],"picked":"Anger","floor":2.0},{"not_picked":["Heavy Blade","Second Wind"],"picked":"Iron Wave","floor":5.0},{"not_picked":["Hemokinesis","Warcry"],"picked":"Impervious","floor":6.0},{"not_picked":["Hemokinesis","Thunderclap","Anger"],"picked":"SKIP","floor":8.0},{"not_picked":["Havoc+1","Dual Wield+1"],"picked":"Rage+1","floor":10.0},{"not_picked":["Sword Boomerang","Wild Strike"],"picked":"Warcry+1","floor":11.0},{"not_picked":["Dark Embrace+1","Havoc+1"],"picked":"True Grit+1","floor":13.0},{"not_picked":["Exhume+1","Fiend Fire"],"picked":"Double Tap+1","floor":16.0},{"not_picked":["Battle Trance+1","Pommel Strike+1"],"picked":"Clothesline","floor":18.0},{"not_picked":["Uppercut","Power Through+1"],"picked":"Whirlwind","floor":22.0},{"not_picked":["Entrench+1","Sever Soul+1"],"picked":"Double Tap+1","floor":23.0},{"not_picked":["Twin Strike","True Grit+1"],"picked":"Clothesline","floor":25.0},{"not_picked":["Clash","Havoc+1","Entrench+1"],"picked":"SKIP","floor":28.0},{"not_picked":["Clash","Havoc+1"],"picked":"Entrench+1","floor":28.0},{"not_picked":["Havoc+1","Armaments+1"],"picked":"Shrug It Off+1","floor":29.0},{"not_picked":["Twin Strike","Cleave"],"picked":"Fiend Fire","floor":30.0},{"not_picked":["Perfected Strike+1","Pommel Strike","Warcry+1"],"picked":"SKIP","floor":31.0},{"not_picked":["Double Tap+1","Barricade+1"],"picked":"Immolate","floor":33.0},{"not_picked":["Sword Boomerang","Twin Strike"],"picked":"Intimidate+1","floor":35.0},{"not_picked":["Armaments+1","Blood for Blood"],"picked":"Metallicize+1","floor":37},{"not_picked":["Armaments+1","Clash"],"picked":"Heavy Blade","floor":38},{"not_picked":["Flex+1","Havoc+1"],"picked":"Power Through+1","floor":40},{"not_picked":["Bloodletting+1","Searing Blow"],"picked":"Pommel Strike+1","floor":42},{"not_picked":["Metallicize+1","True Grit+1"],"picked":"Sentinel+1","floor":45},{"not_picked":["Reckless Charge","Anger","Warcry+1"],"picked":"SKIP","floor":47},{"not_picked":["Immolate","Whirlwind"],"picked":"Power Through+1","floor":48}],"player_experience":814801,"relics_obtained":[{"floor":6.0,"key":"Frozen Egg 2"},{"floor":8.0,"key":"Blue Candle"},{"floor":9.0,"key":"Toxic Egg 2"},{"floor":10.0,"key":"Smiling Mask"},{"floor":23.0,"key":"Happy Flower"},{"floor":25.0,"key":"Ginger"},{"floor":25.0,"key":"Paper Frog"},{"floor":26.0,"key":"Mummified Hand"},{"floor":28.0,"key":"Shovel"},{"floor":40,"key":"Nunchaku"},{"floor":42,"key":"Peace Pipe"},{"floor":43,"key":"Whetstone"},{"floor":44,"key":"Centennial Puzzle"},{"floor":45,"key":"Mercury Hourglass"}],"event_choices":[{"damage_healed":0.0,"max_hp_gain":0.0,"max_hp_loss":0.0,"gold_gain":0.0,"event_name":"Living Wall","player_choice":"Grow","floor":3.0,"gold_loss":0.0,"damage_taken":0.0,"cards_upgraded":["Spot Weakness"]},{"cards_removed":["Strike_R"],"damage_healed":0.0,"max_hp_gain":0.0,"max_hp_loss":0.0,"gold_gain":0.0,"event_name":"Purifier","player_choice":"Purged","floor":4.0,"gold_loss":0.0,"damage_taken":0.0},{"damage_healed":0.0,"max_hp_gain":0.0,"max_hp_loss":0.0,"gold_gain":0.0,"event_name":"Golden Idol","player_choice":"Take Wound","floor":14.0,"gold_loss":0.0,"damage_taken":0.0,"relics_obtained":["Golden Idol"],"cards_obtained":["Injury"]},{"damage_healed":0.0,"max_hp_gain":0.0,"max_hp_loss":0.0,"gold_gain":0.0,"event_name":"Forgotten Altar","player_choice":"Gave Idol","floor":20.0,"relics_lost":["Golden Idol"],"gold_loss":0.0,"damage_taken":0.0,"relics_obtained":["Bloody Idol"]},{"damage_healed":0.0,"max_hp_gain":0.0,"max_hp_loss":0.0,"gold_gain":0.0,"event_name":"Nest","player_choice":"Joined the Cult","floor":21.0,"gold_loss":0.0,"damage_taken":6.0,"cards_obtained":["RitualDagger"]},{"damage_healed":0.0,"max_hp_gain":0.0,"max_hp_loss":0.0,"gold_gain":0.0,"event_name":"Colosseum","player_choice":"Fight","floor":25.0,"gold_loss":0.0,"damage_taken":0.0},{"damage_healed":0.0,"max_hp_gain":0.0,"max_hp_loss":0.0,"gold_gain":0.0,"event_name":"Colosseum","player_choice":"Fought Nobs","floor":25.0,"gold_loss":0.0,"damage_taken":0.0},{"damage_healed":0,"gold_gain":0,"player_choice":"Ignored","damage_taken":0,"max_hp_gain":0,"max_hp_loss":0,"event_name":"Mysterious Sphere","floor":39,"gold_loss":0}],"is_beta":false,"boss_relics":[{"not_picked":["Coffee Dripper","Calling Bell"],"picked":"Snecko Eye"},{"not_picked":["Lizard Tail","White Beast Statue"],"picked":"Eternal Feather"}],"items_purged_floors":[46],"is_endless":false,"potions_floor_spawned":[1,2,10,16,22,28,31,33,37,40,47],"ascension_level":16}