{"gold_per_floor":[114,1,1,21,21,49,62,89,89,89,108,23,50,61,61,156,156,174,193,193,193,193,226,526,526,551,561,561,590,590,590,590,688,688,698,698,263,280,280,280,296,296,322,322,332,332],"floor_reached":46,"playtime":3486,"items_purged":["Defend_G","Storm of Steel"],"score":703,"play_id":"cfa8eb81-4c7c-4942-9762-eaa5fd889b83","local_time":"20190111174907","is_ascension_mode":true,"campfire_choices":[{"floor":10.0,"key":"REST"},{"floor":15.0,"key":"REST"},{"floor":25,"key":"REST"},{"floor":28,"key":"REST"},{"floor":30,"key":"REST"},{"floor":32,"key":"DIG"},{"floor":40,"key":"REST"},{"floor":42,"key":"RECALL"}],"neow_cost":"NONE","seed_source_timestamp":17544909136709,"circlet_count":0,"master_deck":["Defend_G+1","Defend_G+1","Defend_G+1","Defend_G+1","Strike_G+1","Strike_G+1","Strike_G+1","Strike_G+1","Survivor","Neutralize","Poisoned Stab","Sucker Punch","Backflip","Poisoned Stab","Noxious Fumes","Deadly Poison","Bane","Terror","Sucker Punch","Catalyst","Quick Slash","Bouncing Flask","Dagger Throw","Catalyst","Crippling Poison+1","Poisoned Stab","Catalyst","Caltrops","Poisoned Stab","Dagger Throw+1","Bouncing Flask+1","Acrobatics","Deadly Poison","Doppelganger","Deadly Poison+1","Outmaneuver","Footwork","Dark Shackles","Catalyst+1","Crippling Poison+1","Deadly Poison"],"special_seed":0,"relics":["Ring of the Snake","NeowsBlessing","Prayer Wheel","Mummified Hand","Bronze Scales","Sozu","Shuriken","Shovel","Old Coin","Regal Pillow","Sundial","StoneCalendar","Fusion Hammer","TwistedFunnel","Snake Skull"],"potions_floor_usage":[29,33],"damage_taken":[{"damage":0.0,"enemies":"Small Slimes","floor":1.0,"turns":1.0},{"damage":0.0,"enemies":"Cultist","floor":4.0,"turns":1.0},{"damage":0.0,"enemies":"Gremlin Nob","floor":6.0,"turns":1.0},{"damage":3.0,"enemies":"Jaw Worm","floor":7.0,"turns":4.0},{"damage":28.0,"enemies":"Lagavulin","floor":8.0,"turns":9.0},{"damage":5.0,"enemies":"Large Slime","floor":11.0,"turns":6.0},{"damage":51.0,"enemies":"3 Sentries","floor":13.0,"turns":7.0},{"damage":1.0,"enemies":"Blue Slaver","floor":14.0,"turns":2.0},{"damage":11.0,"enemies":"Slime Boss","floor":16.0,"turns":7.0},{"damage":8.0,"enemies":"3 Byrds","floor":18.0,"turns":3.0},{"damage":13.0,"enemies":"Spheric Guardian","floor":19.0,"turns":4.0},{"damage":37,"enemies":"Slavers","floor":23,"turns":4},{"damage":13,"enemies":"Snake Plant","floor":27,"turns":3},{"damage":25,"enemies":"Book of Stabbing","floor":29,"turns":4},{"damage":18,"enemies":"Champ","floor":33,"turns":5},{"damage":22,"enemies":"3 Shapes","floor":35,"turns":3},{"damage":12,"enemies":"3 Darklings","floor":38,"turns":4},{"damage":8,"enemies":"Transient","floor":41,"turns":5},{"damage":42,"enemies":"Sphere and 2 Shapes","floor":45,"turns":4},{"damage":29,"enemies":"Giant Head","floor":46,"turns":5}],"seed_played":"-7403515350360227786","potions_obtained":[{"floor":11.0,"key":"FearPotion"},{"floor":13.0,"key":"AttackPotion"},{"floor":14.0,"key":"GamblersBrew"}],"is_trial":false,"path_per_floor":["M","$","?","M","?","E","M","E","T","R","M","$","E","M","R","B",null,"M","M","?","?","?","E","T","R","T","M","R","E","R","?","R","B",null,"M","?","$","M","?","R","M","R","T","?","M","E"],"character_chosen":"THE_SILENT","items_purchased":["Accuracy","Terror","Sucker Punch","TwistedFunnel","Footwork","Dark Shackles"],"campfire_rested":6,"item_purchase_floors":[2,12,12,37,37,37],"current_hp_per_floor":[70,70,70,70,70,70,67,39,39,60,55,55,4,3,24,13,70,62,49,49,49,49,12,12,33,33,20,56,31,67,67,67,49,70,48,48,48,36,36,70,62,62,62,62,20,0],"gold":332,"neow_bonus":"THREE_ENEMY_KILL","is_prod":false,"is_daily":false,"chose_seed":false,"campfire_upgraded":0,"win_rate":0,"timestamp":1547221747,"path_taken":["M","$","?","M","?","E","M","E","T","R","M","$","E","?","R","BOSS","M","M","?","?","?","E","?","R","T","M","R","E","R","?","R","BOSS","M","?","$","M","?","R","?","R","T","?","M","E"],"build_version":"2019-01-10","purchased_purges":2,"victory":false,"max_hp_per_floor":[70,70,70,70,70,70,70,70,70,70,70,70,70,70,70,70,70,70,70,70,70,70,70,70,70,70,70,70,70,70,70,70,70,70,70,70,70,70,70,70,70,70,70,70,70,70],"card_choices":[{"not_picked":["Sucker Punch","Flying Knee"],"picked":"Poisoned Stab","floor":1.0},{"not_picked":["Endless Agony","Dash"],"picked":"Accuracy","floor":4.0},{"not_picked":["Wraith Form v2","Skewer"],"picked":"Sucker Punch","floor":6.0},{"not_picked":["Setup","Underhanded Strike"],"picked":"Backflip","floor":7.0},{"not_picked":["Flechettes","Quick Slash"],"picked":"Poisoned Stab","floor":7.0},{"not_picked":["Backflip","Slice"],"picked":"Noxious Fumes","floor":8.0},{"not_picked":["Underhanded Strike","Masterful Stab"],"picked":"Deadly Poison","floor":11.0},{"not_picked":["Phantasmal Killer","Concentrate"],"picked":"Bane","floor":11.0},{"not_picked":["Terror","Masterful Stab"],"picked":"Catalyst","floor":13.0},{"not_picked":["Dagger Spray","Underhanded Strike"],"picked":"Quick Slash","floor":14.0},{"not_picked":["Riddle With Holes","Acrobatics"],"picked":"Bouncing Flask","floor":14.0},{"not_picked":["Night Terror","Glass Knife"],"picked":"Storm of Steel","floor":16.0},{"not_picked":["Slice","Underhanded Strike"],"picked":"Dagger Throw","floor":18.0},{"not_picked":["Skewer","Slice"],"picked":"Catalyst","floor":18.0},{"not_picked":["PiercingWail","Slice"],"picked":"Crippling Poison+1","floor":19.0},{"not_picked":["Dagger Spray","Expertise"],"picked":"Poisoned Stab","floor":19.0},{"not_picked":["Bullet Time","Blade Dance"],"picked":"Poisoned Stab","floor":23},{"not_picked":["Bane","Dagger Spray+1"],"picked":"Dagger Throw+1","floor":27},{"not_picked":["Endless Agony","Acrobatics"],"picked":"Bouncing Flask+1","floor":27},{"not_picked":["Prepared","A Thousand Cuts"],"picked":"Acrobatics","floor":29},{"not_picked":["After Image","Venomology"],"picked":"Doppelganger","floor":33},{"not_picked":["Flying Knee+1","Deflect+1"],"picked":"Deadly Poison+1","floor":35},{"not_picked":["Cloak And Dagger+1","Reflex"],"picked":"Outmaneuver","floor":35},{"not_picked":["Slice","Infinite Blades+1","Flying Knee"],"picked":"SKIP","floor":38},{"not_picked":["Distraction","Underhanded Strike","Choke"],"picked":"SKIP","floor":38},{"not_picked":["Tactician","After Image"],"picked":"Catalyst+1","floor":41},{"not_picked":["Underhanded Strike+1","Blade Dance","PiercingWail"],"picked":"SKIP","floor":41},{"not_picked":["Predator+1","Sucker Punch+1"],"picked":"Crippling Poison+1","floor":45},{"not_picked":["Quick Slash+1","Setup"],"picked":"Deadly Poison","floor":45}],"player_experience":188039,"relics_obtained":[{"floor":6.0,"key":"Prayer Wheel"},{"floor":8.0,"key":"Mummified Hand"},{"floor":13.0,"key":"Bronze Scales"},{"floor":23,"key":"Shovel"},{"floor":24,"key":"Old Coin"},{"floor":26,"key":"Regal Pillow"},{"floor":29,"key":"Sundial"},{"floor":32,"key":"StoneCalendar"},{"floor":43,"key":"Snake Skull"}],"event_choices":[{"damage_healed":0.0,"max_hp_gain":0.0,"max_hp_loss":0.0,"gold_gain":0.0,"event_name":"Living Wall","player_choice":"Grow","floor":3.0,"gold_loss":0.0,"damage_taken":0.0,"cards_upgraded":["Accuracy"]},{"cards_removed":["Strike_G"],"damage_healed":0.0,"max_hp_gain":0.0,"max_hp_loss":0.0,"gold_gain":0.0,"event_name":"Purifier","player_choice":"Purged","floor":5.0,"gold_loss":0.0,"damage_taken":0.0},{"damage_healed":0.0,"max_hp_gain":0.0,"max_hp_loss":0.0,"gold_gain":0.0,"event_name":"Back to Basics","player_choice":"Simplicity","floor":20.0,"gold_loss":0.0,"damage_taken":0.0,"cards_upgraded":["Defend_G","Defend_G","Defend_G","Defend_G","Strike_G","Strike_G","Strike_G","Strike_G"]},{"damage_healed":0,"gold_gain":0,"cards_transformed":["Accuracy","Accuracy"],"player_choice":"Became Test Subject","damage_taken":0,"max_hp_gain":0,"max_hp_loss":0,"event_name":"Drug Dealer","floor":21,"gold_loss":0,"cards_obtained":["Catalyst","Caltrops"]},{"damage_healed":0,"gold_gain":0,"player_choice":"Opened","damage_taken":0,"relics_obtained":["Shuriken"],"max_hp_gain":0,"max_hp_loss":0,"event_name":"The Mausoleum","floor":22,"gold_loss":0},{"damage_healed":0,"gold_gain":0,"player_choice":"Read","damage_taken":0,"max_hp_gain":0,"max_hp_loss":0,"event_name":"The Library","floor":31,"gold_loss":0,"cards_obtained":["Deadly Poison"]},{"damage_healed":0,"gold_gain":0,"player_choice":"Ignored","damage_taken":0,"max_hp_gain":0,"max_hp_loss":0,"event_name":"Mysterious Sphere","floor":36,"gold_loss":0},{"damage_healed":0,"gold_gain":0,"player_choice":"Bought 0 Potions","damage_taken":0,"max_hp_gain":0,"max_hp_loss":0,"event_name":"The Woman in Blue","floor":39,"gold_loss":0},{"damage_healed":0,"gold_gain":0,"player_choice":"Memory 1","damage_taken":0,"max_hp_gain":0,"max_hp_loss":0,"event_name":"SensoryStone","floor":44,"gold_loss":0}],"is_beta":false,"boss_relics":[{"not_picked":["Eternal Feather","Lizard Tail"],"picked":"Sozu"},{"not_picked":["Empty Cage","Pandora\u0027s Box"],"picked":"Fusion Hammer"}],"items_purged_floors":[2,37],"is_endless":false,"potions_floor_spawned":[11,13,14,19,23,27,35,41],"killed_by":"Giant Head","ascension_level":3}