{"gold_per_floor":[117,2,18,28,45,80,92,92,92,119,119,42,42,54,54,54],"floor_reached":16,"playtime":620,"items_purged":[],"score":123,"play_id":"a66e1bb0-2e4a-4945-807f-b118c083c67a","local_time":"20181120002148","is_ascension_mode":true,"campfire_choices":[{"data":"Defragment","floor":8,"key":"SMITH"},{"floor":13,"key":"REST"},{"data":"Sunder","floor":15,"key":"SMITH"}],"neow_cost":"NONE","seed_source_timestamp":36197427654096,"circlet_count":0,"master_deck":["Strike_B","Strike_B","Strike_B","Defend_B","Defend_B","Defend_B","Defend_B","Zap","Dualcast","Multi-Cast","Undo","Loop","Sunder+1","Cold Snap","Streamline","Defragment+1","Streamline","Doom and Gloom","Coolheaded","Capacitor","Barrage"],"relics":["Cracked Core","DataDisk","Ice Cream","WingedGreaves"],"potions_floor_usage":[],"damage_taken":[{"damage":4,"enemies":"Jaw Worm","floor":1,"turns":4},{"damage":0,"enemies":"Cultist","floor":3,"turns":3},{"damage":0,"enemies":"Small Slimes","floor":4,"turns":3},{"damage":2,"enemies":"2 Fungi Beasts","floor":5,"turns":3},{"damage":28,"enemies":"3 Sentries","floor":6,"turns":7},{"damage":9,"enemies":"Exordium Wildlife","floor":7,"turns":5},{"damage":24,"enemies":"Gremlin Nob","floor":10,"turns":4},{"damage":1,"enemies":"Exordium Thugs","floor":14,"turns":4},{"damage":12,"enemies":"Slime Boss","floor":16,"turns":5}],"seed_played":"6408681877310545078","potions_obtained":[{"floor":1,"key":"Explosive Potion"},{"floor":4,"key":"SkillPotion"}],"is_trial":false,"path_per_floor":["M","$","M","M","M","E","M","R","T","E","?","$","R","M","R","B"],"character_chosen":"DEFECT","items_purchased":["Loop","Sunder","Capacitor"],"campfire_rested":1,"item_purchase_floors":[2,2,12],"current_hp_per_floor":[71,71,71,71,69,41,32,32,32,8,8,8,30,29,29,17],"gold":54,"neow_bonus":"ONE_RANDOM_RARE_CARD","is_prod":false,"is_daily":false,"chose_seed":false,"campfire_upgraded":2,"win_rate":0,"timestamp":1542691308,"path_taken":["M","$","M","M","M","E","M","R","T","E","?","$","R","M","R","BOSS"],"build_version":"2018-11-15","purchased_purges":0,"victory":false,"max_hp_per_floor":[75,75,75,75,75,75,75,75,75,75,75,75,75,75,75,75],"card_choices":[{"not_picked":["Turbo","Gash"],"picked":"Undo","floor":1},{"not_picked":["Undo","Gash"],"picked":"Cold Snap","floor":3},{"not_picked":["Conserve Battery","Aggregate"],"picked":"Streamline","floor":4},{"not_picked":["Coolheaded","Turbo"],"picked":"Defragment","floor":5},{"not_picked":["Rebound","Redo"],"picked":"Streamline","floor":6},{"not_picked":["Glacier","Heatsinks"],"picked":"Doom and Gloom","floor":7},{"not_picked":["Hologram","Steam"],"picked":"Coolheaded","floor":10},{"not_picked":["Stack","Steam"],"picked":"Barrage","floor":14}],"player_experience":195150,"relics_obtained":[{"floor":6,"key":"DataDisk"},{"floor":9,"key":"Ice Cream"},{"floor":10,"key":"WingedGreaves"}],"event_choices":[{"cards_removed":["Strike_B"],"damage_healed":0,"gold_gain":0,"player_choice":"Purged","damage_taken":0,"max_hp_gain":0,"max_hp_loss":0,"event_name":"Purifier","floor":11,"gold_loss":0}],"is_beta":false,"boss_relics":[],"items_purged_floors":[],"is_endless":false,"potions_floor_spawned":[1,4,10],"killed_by":"Slime Boss","ascension_level":2}