{"gold_per_floor":[112,189,189,203,218,218,231,231,258,292,307,66,66,66,66,171,171,191,191,191,204,220,220,239,239,239,251,176,176,176,176,176,280,280,291,391,391,131,131,131,146,146,146,158,184,195,195,205,205,205],"floor_reached":51,"playtime":983,"items_purged":["Defend_R","Defend_R"],"score":705,"play_id":"d4c455f8-6f1d-42c5-bf85-0bd5af696a09","local_time":"20181209152607","is_ascension_mode":true,"campfire_choices":[{"data":"Sword Boomerang","floor":6,"key":"SMITH"},{"data":"Flex","floor":8,"key":"SMITH"},{"data":"Spot Weakness","floor":13,"key":"SMITH"},{"data":"Heavy Blade","floor":15,"key":"SMITH"},{"data":"Immolate","floor":23,"key":"SMITH"},{"data":"Cleave","floor":25,"key":"SMITH"},{"data":"Strike_R","floor":30,"key":"SMITH"},{"data":"Inflame","floor":32,"key":"SMITH"},{"data":"Limit Break","floor":40,"key":"SMITH"},{"data":"Strike_R","floor":42,"key":"SMITH"},{"floor":49,"key":"REST"}],"neow_cost":"NONE","seed_source_timestamp":195310007595224,"circlet_count":0,"master_deck":["Strike_R","Strike_R","Strike_R+1","Strike_R+1","Strike_R+1","Defend_R","Defend_R","Bash+1","Sword Boomerang+1","Flex+1","Heavy Blade+1","Spot Weakness+1","Immolate+1","Thunderclap+1","Cleave+1","Inflame+1","Flex+1","Clash+1","Limit Break+1"],"relics":["Black Blood","Happy Flower","Bag of Preparation","Bottled Flame","Paper Frog","Velvet Choker","Regal Pillow","Ornamental Fan","Orichalcum","Mango","Spirit Poop","Shuriken","Anchor"],"potions_floor_usage":[16,33,33,50],"damage_taken":[{"damage":8,"enemies":"Jaw Worm","floor":1,"turns":3},{"damage":3,"enemies":"Small Slimes","floor":4,"turns":3},{"damage":6,"enemies":"2 Louse","floor":5,"turns":2},{"damage":9,"enemies":"Blue Slaver","floor":7,"turns":3},{"damage":26,"enemies":"Lagavulin","floor":10,"turns":4},{"damage":11,"enemies":"Lots of Slimes","floor":11,"turns":4},{"damage":34,"enemies":"Hexaghost","floor":16,"turns":5},{"damage":0,"enemies":"Spheric Guardian","floor":18,"turns":2},{"damage":10,"enemies":"2 Thieves","floor":21,"turns":2},{"damage":1,"enemies":"3 Cultists","floor":22,"turns":3},{"damage":20,"enemies":"Centurion and Healer","floor":24,"turns":2},{"damage":21,"enemies":"Snake Plant","floor":27,"turns":2},{"damage":32,"enemies":"Automaton","floor":33,"turns":6},{"damage":30,"enemies":"3 Shapes","floor":35,"turns":3},{"damage":17,"enemies":"Mind Bloom Boss Battle","floor":36,"turns":3},{"damage":9,"enemies":"3 Darklings","floor":41,"turns":2},{"damage":15,"enemies":"Writhing Mass","floor":44,"turns":2},{"damage":47,"enemies":"Nemesis","floor":45,"turns":5},{"damage":0,"enemies":"Jaw Worm Horde","floor":46,"turns":1},{"damage":0,"enemies":"Transient","floor":48,"turns":5},{"damage":47,"enemies":"Time Eater","floor":50,"turns":6}],"seed_played":"2315819378388507222","potions_obtained":[{"floor":4,"key":"Poison Potion"},{"floor":5,"key":"Fire Potion"},{"floor":7,"key":"SteroidPotion"},{"floor":24,"key":"Poison Potion"},{"floor":35,"key":"Explosive Potion"},{"floor":36,"key":"Ancient Potion"},{"floor":46,"key":"PowerPotion"}],"is_trial":false,"path_per_floor":["M","?","?","M","M","R","M","R","T","E","M","$","R","$","R","B",null,"M","?","?","M","M","R","M","R","T","M","$","T","R","?","R","B",null,"M","?","?","$","?","R","M","R","T","M","E","M","?","M","R","B",null],"character_chosen":"IRONCLAD","items_purchased":["Paper Frog","Limit Break"],"campfire_rested":1,"item_purchase_floors":[12,38],"current_hp_per_floor":[78,78,60,63,63,63,60,60,60,40,35,35,35,35,35,7,80,80,80,80,76,80,80,66,66,66,51,51,51,51,51,51,25,80,60,67,67,67,67,67,68,68,68,63,26,36,36,46,89,52],"gold":205,"neow_bonus":"UPGRADE_CARD","is_prod":false,"is_daily":false,"chose_seed":false,"campfire_upgraded":10,"win_rate":0,"timestamp":1544387167,"path_taken":["M","?","?","M","M","R","M","R","T","E","M","$","R","$","R","BOSS","M","?","?","M","M","R","M","R","T","M","$","?","R","?","R","BOSS","M","?","?","$","?","R","?","R","T","M","E","M","?","M","R","BOSS"],"build_version":"2018-12-06","purchased_purges":2,"victory":true,"max_hp_per_floor":[80,80,80,80,80,80,80,80,80,80,80,80,80,80,80,80,80,80,80,80,80,80,80,80,80,80,80,80,80,80,80,80,80,80,80,94,94,94,94,94,94,94,94,94,94,94,94,94,94,94],"card_choices":[{"not_picked":["Rage","Pummel"],"picked":"Sword Boomerang","floor":1},{"not_picked":["Armaments","Combust"],"picked":"Flex","floor":4},{"not_picked":["Dropkick","Armaments","Warcry"],"picked":"SKIP","floor":5},{"not_picked":["Havoc","Armaments"],"picked":"Heavy Blade","floor":7},{"not_picked":["Pommel Strike","Power Through","Perfected Strike"],"picked":"SKIP","floor":10},{"not_picked":["Rampage","Flex"],"picked":"Spot Weakness","floor":11},{"not_picked":["Bludgeon","Offering"],"picked":"Immolate","floor":16},{"not_picked":["Iron Wave","Power Through+1"],"picked":"Thunderclap+1","floor":18},{"not_picked":["Dropkick","Iron Wave"],"picked":"Cleave","floor":21},{"not_picked":["Clothesline","Twin Strike","Combust"],"picked":"SKIP","floor":22},{"not_picked":["Wild Strike","Warcry","Corruption+1"],"picked":"SKIP","floor":24},{"not_picked":["Clothesline","Seeing Red+1","Power Through+1"],"picked":"SKIP","floor":27},{"not_picked":["Body Slam","Fire Breathing+1"],"picked":"Flex+1","floor":35},{"not_picked":["Flex","True Grit"],"picked":"Clash+1","floor":36},{"not_picked":["Heavy Blade+1","Impervious","Shrug It Off+1"],"picked":"SKIP","floor":41},{"not_picked":["Warcry","Disarm","Rage+1"],"picked":"SKIP","floor":44},{"not_picked":["Sever Soul","Anger","Uppercut+1"],"picked":"SKIP","floor":45},{"not_picked":["Shrug It Off","Thunderclap","Havoc+1"],"picked":"SKIP","floor":46},{"not_picked":["Shockwave+1","Clash","True Grit"],"picked":"SKIP","floor":48}],"player_experience":301752,"relics_obtained":[{"floor":9,"key":"Bag of Preparation"},{"floor":10,"key":"Bottled Flame"},{"floor":26,"key":"Ornamental Fan"},{"floor":29,"key":"Orichalcum"},{"floor":36,"key":"Mango"},{"floor":43,"key":"Shuriken"},{"floor":45,"key":"Anchor"}],"event_choices":[{"damage_healed":0,"gold_gain":77,"player_choice":"Gained Gold","damage_taken":0,"max_hp_gain":0,"max_hp_loss":0,"event_name":"Golden Wing","floor":2,"gold_loss":0},{"damage_healed":0,"gold_gain":0,"player_choice":"Success","damage_taken":18,"relics_obtained":["Happy Flower"],"max_hp_gain":0,"max_hp_loss":0,"event_name":"Scrap Ooze","floor":3,"gold_loss":0},{"damage_healed":0,"gold_gain":0,"player_choice":"Ignored","damage_taken":0,"max_hp_gain":0,"max_hp_loss":0,"event_name":"Ghosts","floor":19,"gold_loss":0},{"damage_healed":0,"gold_gain":0,"player_choice":"Opened","damage_taken":0,"relics_obtained":["Regal Pillow"],"max_hp_gain":0,"max_hp_loss":0,"event_name":"The Mausoleum","floor":20,"gold_loss":0,"cards_obtained":["Writhe"]},{"damage_healed":0,"gold_gain":0,"player_choice":"Read","damage_taken":0,"max_hp_gain":0,"max_hp_loss":0,"event_name":"The Library","floor":31,"gold_loss":0,"cards_obtained":["Inflame"]},{"damage_healed":0,"gold_gain":0,"player_choice":"Fight","damage_taken":0,"max_hp_gain":0,"max_hp_loss":0,"event_name":"MindBloom","floor":36,"gold_loss":0},{"damage_healed":0,"gold_gain":0,"player_choice":"Ignored","damage_taken":0,"max_hp_gain":0,"max_hp_loss":0,"event_name":"Mysterious Sphere","floor":37,"gold_loss":0},{"cards_removed":["Writhe"],"damage_healed":0,"gold_gain":0,"player_choice":"Offered Curse","damage_taken":0,"relics_obtained":["Spirit Poop"],"max_hp_gain":0,"max_hp_loss":0,"event_name":"Bonfire Elementals","floor":39,"gold_loss":0},{"damage_healed":0,"gold_gain":0,"player_choice":"Upgraded","damage_taken":0,"max_hp_gain":0,"max_hp_loss":0,"event_name":"Upgrade Shrine","floor":47,"gold_loss":0,"cards_upgraded":["Strike_R"]}],"is_beta":false,"boss_relics":[{"not_picked":["Lizard Tail","Black Star"],"picked":"Velvet Choker"},{"not_picked":["White Beast Statue","Sozu"],"picked":"Black Blood"}],"items_purged_floors":[28,38],"is_endless":false,"potions_floor_spawned":[4,5,7,11,24,27,35,36,45,46,48],"ascension_level":1}