{"gold_per_floor":[116,41,58,58,58,89,89,123,123,141,151,204,222,20,20,92,92,92,15,15,15,15,15,15,15,15,15,15,15,15,15,15,15,15,15,15,15,15,15,15,15,15,15,15,15],"floor_reached":45,"playtime":2814,"items_purged":["Strike_R","Strike_R"],"score":1015,"play_id":"238aaa28-9e18-49bb-a510-a9e8b55fcce8","local_time":"20190212021929","is_ascension_mode":true,"campfire_choices":[{"data":"Flame Barrier","floor":7.0,"key":"SMITH"},{"data":"Demon Form","floor":15.0,"key":"SMITH"},{"data":"Clothesline","floor":23.0,"key":"SMITH"},{"floor":29.0,"key":"REST"},{"floor":32.0,"key":"REST"},{"floor":40.0,"key":"REST"}],"neow_cost":"NONE","seed_source_timestamp":438755806622758,"circlet_count":0,"master_deck":["AscendersBane","Strike_R","Defend_R","Defend_R","Defend_R","Defend_R","Bash","Spot Weakness","Clothesline+1","Flame Barrier+1","Spot Weakness+1","Armaments+1","Twin Strike","Demon Form+1","Madness+1","Impervious+1","Shockwave+1","Pummel","True Grit+1","Limit Break+1","Flame Barrier+1","True Grit+1","Shrug It Off+1"],"special_seed":0,"relics":["Burning Blood","NeowsBlessing","Question Card","Toxic Egg 2","Orichalcum","Tiny Chest","Ectoplasm","FaceOfCleric","Bag of Preparation","Bronze Scales","Singing Bowl","Empty Cage","Shovel"],"potions_floor_usage":[],"damage_taken":[{"damage":0.0,"enemies":"Jaw Worm","floor":1.0,"turns":1.0},{"damage":0.0,"enemies":"Small Slimes","floor":3.0,"turns":1.0},{"damage":0.0,"enemies":"Lagavulin","floor":6.0,"turns":1.0},{"damage":5.0,"enemies":"3 Sentries","floor":8.0,"turns":7.0},{"damage":3.0,"enemies":"Cultist","floor":10.0,"turns":4.0},{"damage":17.0,"enemies":"Exordium Thugs","floor":11.0,"turns":6.0},{"damage":6.0,"enemies":"Looter","floor":13.0,"turns":3.0},{"damage":18.0,"enemies":"Slime Boss","floor":16.0,"turns":9.0},{"damage":0.0,"enemies":"3 Byrds","floor":18.0,"turns":1.0},{"damage":17.0,"enemies":"Spheric Guardian","floor":21.0,"turns":5.0},{"damage":46.0,"enemies":"Book of Stabbing","floor":24.0,"turns":7.0},{"damage":13.0,"enemies":"Centurion and Healer","floor":25.0,"turns":4.0},{"damage":0.0,"enemies":"Snecko","floor":27.0,"turns":4.0},{"damage":24.0,"enemies":"Cultist and Chosen","floor":31.0,"turns":4.0},{"damage":57.0,"enemies":"Collector","floor":33.0,"turns":8.0},{"damage":22.0,"enemies":"Orb Walker","floor":35.0,"turns":5.0},{"damage":44.0,"enemies":"3 Darklings","floor":37.0,"turns":7.0},{"damage":31.0,"enemies":"Jaw Worm Horde","floor":39.0,"turns":5.0},{"damage":17.0,"enemies":"Maw","floor":42.0,"turns":7.0},{"damage":18.0,"enemies":"Writhing Mass","floor":44.0,"turns":8.0},{"damage":0,"enemies":"3 Darklings","floor":45,"turns":2}],"seed_played":"-7854728749917862130","potions_obtained":[{"floor":3.0,"key":"AttackPotion"},{"floor":6.0,"key":"LiquidBronze"},{"floor":11.0,"key":"Fire Potion"},{"floor":13.0,"key":"Explosive Potion"},{"floor":18.0,"key":"Poison Potion"},{"floor":27.0,"key":"Fire Potion"},{"floor":33.0,"key":"Energy Potion"},{"floor":42.0,"key":"SpeedPotion"},{"floor":44.0,"key":"Fire Potion"}],"is_trial":false,"path_per_floor":["M","$","M","?","?","E","R","E","T","M","M","T","M","$","R","B",null,"M","$","?","M","T","R","E","M","T","M","?","R","$","M","R","B",null,"M","$","M","?","M","R","?","M","T","M","M"],"character_chosen":"IRONCLAD","items_purchased":["Madness+1","Pummel"],"campfire_rested":3,"item_purchase_floors":[14,19],"current_hp_per_floor":[74,74,75,75,75,75,75,75,75,75,64,64,64,64,64,52,69,75,75,75,65,65,65,26,20,20,29,29,53,53,36,60,12,67,54,54,19,37,13,40,40,32,32,21,21],"gold":15,"neow_bonus":"THREE_ENEMY_KILL","is_prod":false,"is_daily":false,"chose_seed":false,"campfire_upgraded":3,"win_rate":0,"timestamp":1549930769,"path_taken":["M","$","M","?","?","E","R","E","T","?","M","?","M","$","R","BOSS","M","$","?","?","?","R","E","M","T","M","?","R","$","M","R","BOSS","M","$","M","?","M","R","?","M","T","M","?"],"build_version":"2019-01-23","purchased_purges":2,"victory":false,"max_hp_per_floor":[75,75,75,75,75,75,75,75,75,75,75,75,75,75,75,75,75,75,75,75,76,76,76,77,78,78,81,81,81,81,82,82,85,85,88,88,91,91,92,92,92,95,95,96,96],"card_choices":[{"not_picked":["Clothesline","Havoc"],"picked":"Rupture","floor":1.0},{"not_picked":["Burning Pact","Ghostly Armor"],"picked":"Spot Weakness","floor":3.0},{"not_picked":["Flex","Anger"],"picked":"Flame Barrier","floor":6.0},{"not_picked":["Double Tap","Rupture","Power Through"],"picked":"Spot Weakness","floor":8.0},{"not_picked":["True Grit+1","Rampage","Clothesline"],"picked":"Armaments+1","floor":10.0},{"not_picked":["Searing Blow","Pommel Strike","Dropkick"],"picked":"Twin Strike","floor":11.0},{"not_picked":["Shockwave+1","Clash","Body Slam"],"picked":"Demon Form","floor":13.0},{"not_picked":["Exhume+1","Demon Form","Brutality"],"picked":"Impervious+1","floor":16.0},{"not_picked":["Sword Boomerang","Twin Strike","Thunderclap"],"picked":"Shockwave+1","floor":18.0},{"not_picked":["Thunderclap","Reckless Charge","Seeing Red+1"],"picked":"True Grit+1","floor":21.0},{"not_picked":["Dropkick","Evolve","Whirlwind"],"picked":"Limit Break+1","floor":24.0},{"not_picked":["Anger","Spot Weakness+1","Body Slam","Clothesline"],"picked":"SKIP","floor":25.0},{"not_picked":["Uppercut+1","Flex+1","Anger","Twin Strike"],"picked":"Singing Bowl","floor":27.0},{"not_picked":["Blood for Blood","Warcry+1","Metallicize+1"],"picked":"Flame Barrier+1","floor":31.0},{"not_picked":["Limit Break+1","Dark Embrace","Bludgeon","Immolate"],"picked":"Singing Bowl","floor":33.0},{"not_picked":["Sever Soul","Thunderclap","Seeing Red+1","Heavy Blade"],"picked":"Singing Bowl","floor":35.0},{"not_picked":["Twin Strike","Intimidate+1","Metallicize","Headbutt"],"picked":"Singing Bowl","floor":37.0},{"not_picked":["Headbutt+1","Sever Soul","Wild Strike+1"],"picked":"True Grit+1","floor":39.0},{"not_picked":["Searing Blow+1","Heavy Blade","Havoc+1","Body Slam"],"picked":"Singing Bowl","floor":42.0},{"not_picked":["Immolate","Thunderclap","Pommel Strike"],"picked":"Shrug It Off+1","floor":44.0}],"player_experience":595146,"relics_obtained":[{"floor":6.0,"key":"Question Card"},{"floor":8.0,"key":"Toxic Egg 2"},{"floor":9.0,"key":"Orichalcum"},{"floor":12.0,"key":"Tiny Chest"},{"floor":22.0,"key":"Bag of Preparation"},{"floor":24.0,"key":"Bronze Scales"},{"floor":26.0,"key":"Singing Bowl"},{"floor":43.0,"key":"Shovel"}],"event_choices":[{"damage_healed":0.0,"max_hp_gain":0.0,"max_hp_loss":0.0,"gold_gain":0.0,"event_name":"Golden Idol","player_choice":"Ignored","floor":4.0,"gold_loss":0.0,"damage_taken":0.0},{"damage_healed":0.0,"max_hp_gain":0.0,"max_hp_loss":0.0,"gold_gain":0.0,"cards_transformed":["Rupture"],"event_name":"Transmorgrifier","player_choice":"Transformed","floor":5.0,"gold_loss":0.0,"damage_taken":0.0,"cards_obtained":["Clothesline"]},{"damage_healed":0.0,"max_hp_gain":0.0,"max_hp_loss":0.0,"gold_gain":0.0,"event_name":"FaceTrader","player_choice":"Trade","floor":20.0,"gold_loss":0.0,"damage_taken":0.0,"relics_obtained":["FaceOfCleric"]},{"damage_healed":0.0,"max_hp_gain":0.0,"max_hp_loss":0.0,"gold_gain":0.0,"event_name":"Vampires","player_choice":"Ignored","floor":28.0,"gold_loss":0.0,"damage_taken":0.0},{"damage_healed":18.0,"max_hp_gain":0.0,"max_hp_loss":0.0,"gold_gain":0.0,"event_name":"Winding Halls","player_choice":"Writhe","floor":38.0,"gold_loss":0.0,"damage_taken":0.0,"cards_obtained":["Writhe"]},{"cards_removed":["Writhe"],"damage_healed":0.0,"max_hp_gain":0.0,"max_hp_loss":0.0,"gold_gain":0.0,"event_name":"Fountain of Cleansing","player_choice":"Removed Curses","floor":41.0,"gold_loss":0.0,"damage_taken":0.0}],"is_beta":false,"boss_relics":[{"not_picked":["Fusion Hammer","Mark of Pain"],"picked":"Ectoplasm"},{"not_picked":["Philosopher\u0027s Stone","Runic Dome"],"picked":"Empty Cage"}],"items_purged_floors":[2,14],"is_endless":false,"potions_floor_spawned":[3,6,11,13,18,27,33,42,44],"killed_by":"3 Darklings","ascension_level":20}