{"gold_per_floor":[115,115,128,228,241,241,166,166,166,189,214,214,114,133,133,257,257,276,276,276,151,151,151,171,190,236,254,254,264,114,149,149,149],"floor_reached":33,"playtime":841,"items_purged":["Strike_R","Defend_R","Defend_R","Defend_R"],"score":257,"play_id":"bce77a87-9c67-40d4-ae19-fd1d505a1dbd","local_time":"20190310231111","is_ascension_mode":false,"campfire_choices":[{"data":"Bash","floor":6.0,"key":"SMITH"},{"data":"Clash","floor":8.0,"key":"SMITH"},{"data":"Strike_R","floor":15.0,"key":"SMITH"},{"data":"Dropkick","floor":23.0,"key":"SMITH"},{"floor":32.0,"key":"REST"}],"neow_cost":"NONE","seed_source_timestamp":718540102356560,"circlet_count":0,"master_deck":["Strike_R","Strike_R","Strike_R","Strike_R+1","Defend_R","Bash+1","Clash+1","Dropkick+1","Dropkick"],"special_seed":0,"relics":["Burning Blood","Bloody Idol","Kunai","Runic Pyramid","Ancient Tea Set","Molten Egg 2","Blue Candle"],"potions_floor_usage":[33],"damage_taken":[{"damage":6.0,"enemies":"Cultist","floor":1.0,"turns":3.0},{"damage":9.0,"enemies":"Jaw Worm","floor":3.0,"turns":4.0},{"damage":0.0,"enemies":"2 Louse","floor":5.0,"turns":3.0},{"damage":7.0,"enemies":"Blue Slaver","floor":10.0,"turns":4.0},{"damage":0.0,"enemies":"3 Louse","floor":11.0,"turns":3.0},{"damage":5.0,"enemies":"Looter","floor":14.0,"turns":3.0},{"damage":43.0,"enemies":"The Guardian","floor":16.0,"turns":11.0},{"damage":10.0,"enemies":"Shell Parasite","floor":18.0,"turns":7.0},{"damage":43.0,"enemies":"Colosseum Slavers","floor":19.0,"turns":5.0},{"damage":10.0,"enemies":"Spheric Guardian","floor":24.0,"turns":3.0},{"damage":11.0,"enemies":"Snake Plant","floor":25.0,"turns":3.0},{"damage":19.0,"enemies":"3 Cultists","floor":27.0,"turns":4.0},{"damage":10.0,"enemies":"Chosen and Byrds","floor":29.0,"turns":4.0},{"damage":12.0,"enemies":"Book of Stabbing","floor":31.0,"turns":2.0},{"damage":0,"enemies":"Automaton","floor":33,"turns":2}],"seed_played":"2376663822399930094","potions_obtained":[{"floor":3.0,"key":"Energy Potion"},{"floor":10.0,"key":"Ancient Potion"},{"floor":14.0,"key":"Energy Potion"},{"floor":29.0,"key":"Swift Potion"},{"floor":31.0,"key":"Fire Potion"}],"is_trial":false,"path_per_floor":["M","?","M","?","M","R","$","R","T","M","M","?","$","M","R","B",null,"M","?","?","$","?","R","M","M","T","M","T","M","$","E","R","B"],"character_chosen":"IRONCLAD","items_purchased":[],"campfire_rested":1,"item_purchase_floors":[],"current_hp_per_floor":[88,81,78,78,81,81,81,81,81,80,81,86,86,86,86,49,86,82,45,45,45,45,45,46,46,51,43,43,44,44,43,68,68],"gold":149,"neow_bonus":"TEN_PERCENT_HP_BONUS","is_prod":false,"is_daily":false,"chose_seed":false,"campfire_upgraded":4,"win_rate":0,"timestamp":1552273871,"path_taken":["M","?","M","?","?","R","$","R","T","M","M","?","$","M","R","BOSS","M","?","?","$","?","R","M","M","T","M","?","M","$","E","R","BOSS"],"build_version":"2019-01-23","purchased_purges":4,"victory":false,"max_hp_per_floor":[88,81,81,81,81,81,81,81,81,81,81,86,86,86,86,86,86,86,86,86,86,86,86,86,86,86,86,86,86,86,86,86,86],"card_choices":[{"not_picked":["Heavy Blade","Pommel Strike","Flex"],"picked":"SKIP","floor":1.0},{"not_picked":["Sword Boomerang","Second Wind","Havoc"],"picked":"SKIP","floor":3.0},{"not_picked":["Heavy Blade","Armaments"],"picked":"Clash","floor":5.0},{"not_picked":["Cleave","Burning Pact","Thunderclap"],"picked":"SKIP","floor":10.0},{"not_picked":["Headbutt","Inflame","Rage"],"picked":"SKIP","floor":11.0},{"not_picked":["Double Tap","Headbutt","Clothesline"],"picked":"SKIP","floor":14.0},{"not_picked":["Dual Wield","Heavy Blade+1"],"picked":"Dropkick","floor":18.0},{"not_picked":["Evolve+1","Feel No Pain"],"picked":"Dropkick","floor":24.0},{"not_picked":["Sentinel","Iron Wave","Twin Strike"],"picked":"SKIP","floor":25.0},{"not_picked":["Hemokinesis","Warcry","Sword Boomerang"],"picked":"SKIP","floor":27.0},{"not_picked":["Metallicize","Flame Barrier","Intimidate+1"],"picked":"SKIP","floor":29.0},{"not_picked":["Cleave+1","Sever Soul+1","Clash+1"],"picked":"SKIP","floor":31.0}],"player_experience":470195,"relics_obtained":[{"floor":9.0,"key":"Kunai"},{"floor":26.0,"key":"Ancient Tea Set"},{"floor":28.0,"key":"Molten Egg 2"},{"floor":31.0,"key":"Blue Candle"}],"event_choices":[{"damage_healed":0.0,"max_hp_gain":0.0,"max_hp_loss":7.0,"gold_gain":0.0,"event_name":"Golden Idol","player_choice":"Lose Max HP","floor":2.0,"gold_loss":0.0,"damage_taken":0.0,"relics_obtained":["Golden Idol"]},{"damage_healed":0.0,"max_hp_gain":0.0,"max_hp_loss":0.0,"gold_gain":100.0,"event_name":"Wheel of Change","player_choice":"Gold","floor":4.0,"gold_loss":0.0,"damage_taken":0.0},{"damage_healed":0.0,"max_hp_gain":5.0,"max_hp_loss":0.0,"gold_gain":0.0,"event_name":"Big Fish","player_choice":"Donut","floor":12.0,"gold_loss":0.0,"damage_taken":0.0},{"damage_healed":0.0,"max_hp_gain":0.0,"max_hp_loss":0.0,"gold_gain":0.0,"event_name":"Colosseum","player_choice":"Fight","floor":19.0,"gold_loss":0.0,"damage_taken":0.0},{"damage_healed":0.0,"max_hp_gain":0.0,"max_hp_loss":0.0,"gold_gain":0.0,"event_name":"Colosseum","player_choice":"Fled From Nobs","floor":19.0,"gold_loss":0.0,"damage_taken":0.0},{"damage_healed":0.0,"max_hp_gain":0.0,"max_hp_loss":0.0,"gold_gain":0.0,"event_name":"Vampires","player_choice":"Ignored","floor":20.0,"gold_loss":0.0,"damage_taken":0.0},{"damage_healed":0.0,"max_hp_gain":0.0,"max_hp_loss":0.0,"gold_gain":0.0,"event_name":"Forgotten Altar","player_choice":"Gave Idol","floor":22.0,"relics_lost":["Golden Idol"],"gold_loss":0.0,"damage_taken":0.0,"relics_obtained":["Bloody Idol"]}],"is_beta":false,"boss_relics":[{"not_picked":["Snecko Eye","Orrery"],"picked":"Runic Pyramid"}],"items_purged_floors":[7,13,21,30],"is_endless":false,"potions_floor_spawned":[3,10,14,16,25,27,29,31],"killed_by":"Automaton","ascension_level":0}