{"gold_per_floor":[115,165,181,181,17,17,45,45,45,45,61,61,81,95,95,173,173,184,184,201,213,28,28,28,28,28,28,42,42,52,68,68,140,140,152,163,63,63],"floor_reached":38,"playtime":2553,"items_purged":["Strike_B","Zap","Dualcast"],"score":677,"play_id":"26f2e67e-36e5-41d9-bdaa-a535186e2b8b","local_time":"20190315003242","is_ascension_mode":true,"campfire_choices":[{"data":"Defragment","floor":6.0,"key":"SMITH"},{"floor":8.0,"key":"REST"},{"data":"White Noise","floor":12.0,"key":"SMITH"},{"floor":15.0,"key":"REST"},{"floor":23.0,"key":"REST"},{"data":"Creative AI","floor":25,"key":"SMITH"},{"floor":32,"key":"REST"}],"neow_cost":"NONE","seed_source_timestamp":1118247451257535,"circlet_count":0,"master_deck":["AscendersBane","Defend_B","Defend_B","Defend_B","Defend_B","Ball Lightning","Conserve Battery","Defragment+1","White Noise+1","Leap","Ball Lightning","Creative AI+1","Sunder+1","Rainbow+1","Lockon+1","Storm","Fusion+1","Defragment+1","BootSequence","Electrodynamics","Conserve Battery","Glacier"],"special_seed":0,"relics":["Runic Dome","Letter Opener","Astrolabe","Nloth\u0027s Gift","The Courier","Inserter"],"potions_floor_usage":[28,30,33,35],"damage_taken":[{"damage":1.0,"enemies":"Cultist","floor":1.0,"turns":3.0},{"damage":7.0,"enemies":"Jaw Worm","floor":3.0,"turns":3.0},{"damage":31.0,"enemies":"3 Sentries","floor":7.0,"turns":9.0},{"damage":1.0,"enemies":"Small Slimes","floor":11.0,"turns":3.0},{"damage":19.0,"enemies":"Gremlin Gang","floor":13.0,"turns":4.0},{"damage":0.0,"enemies":"Exordium Wildlife","floor":14.0,"turns":3.0},{"damage":11.0,"enemies":"The Guardian","floor":16.0,"turns":8.0},{"damage":12.0,"enemies":"Shell Parasite","floor":18.0,"turns":4.0},{"damage":7.0,"enemies":"Chosen","floor":20.0,"turns":3.0},{"damage":15.0,"enemies":"Centurion and Healer","floor":21.0,"turns":5.0},{"damage":33,"enemies":"3 Cultists","floor":28,"turns":4},{"damage":19,"enemies":"Snake Plant","floor":30,"turns":3},{"damage":9,"enemies":"Cultist and Chosen","floor":31,"turns":5},{"damage":63,"enemies":"Automaton","floor":33,"turns":7},{"damage":29,"enemies":"3 Darklings","floor":35,"turns":4},{"damage":12,"enemies":"3 Shapes","floor":36,"turns":3},{"damage":20,"enemies":"Spire Growth","floor":38,"turns":4}],"seed_played":"170789237069918378","potions_obtained":[{"floor":1.0,"key":"Strength Potion"},{"floor":11.0,"key":"EssenceOfSteel"},{"floor":14.0,"key":"EssenceOfSteel"},{"floor":16.0,"key":"Strength Potion"},{"floor":18.0,"key":"Swift Potion"},{"floor":28,"key":"LiquidBronze"},{"floor":31,"key":"Weak Potion"},{"floor":35,"key":"SpeedPotion"}],"is_trial":false,"path_per_floor":["M","?","M","?","$","R","E","R","T","$","M","R","M","M","R","B",null,"M","?","M","M","$","R","?","R","T","$","M","?","M","M","R","B",null,"M","M","$","M"],"character_chosen":"DEFECT","items_purchased":["Defragment","BootSequence"],"campfire_rested":4,"item_purchase_floors":[5,22],"current_hp_per_floor":[63,56,49,54,54,54,23,45,45,45,44,44,25,25,47,61,72,60,60,53,38,38,60,60,60,60,60,27,76,57,48,70,7,59,30,18,18,0],"gold":63,"neow_bonus":"BOSS_RELIC","is_prod":false,"is_daily":false,"chose_seed":false,"campfire_upgraded":3,"win_rate":0,"timestamp":1552602762,"path_taken":["M","?","?","?","?","R","E","R","T","$","M","R","M","M","R","BOSS","M","?","?","M","$","R","?","R","T","$","M","?","?","M","R","BOSS","M","M","$","M"],"build_version":"2019-01-23","purchased_purges":3,"victory":false,"max_hp_per_floor":[71,71,71,76,76,76,76,76,76,76,76,76,76,76,76,76,76,76,76,76,76,76,76,76,76,76,76,76,76,76,76,76,76,76,76,76,76,76],"card_choices":[{"not_picked":["Heatsinks","Go for the Eyes"],"picked":"Ball Lightning","floor":1.0},{"not_picked":["Hologram","Redo"],"picked":"Conserve Battery","floor":3.0},{"not_picked":["Steam Power","Streamline"],"picked":"Defragment","floor":7.0},{"not_picked":["Double Energy","Compile Driver"],"picked":"White Noise","floor":11.0},{"not_picked":["Turbo","Recycle"],"picked":"Leap","floor":13.0},{"not_picked":["Sweeping Beam","Reprogram"],"picked":"Ball Lightning","floor":14.0},{"not_picked":["Reboot","Biased Cognition"],"picked":"Creative AI","floor":16.0},{"not_picked":["Coolheaded","Gash"],"picked":"Storm","floor":18.0},{"not_picked":["Compile Driver","Steam Power"],"picked":"Fusion+1","floor":20.0},{"not_picked":["Rebound","Conserve Battery"],"picked":"Defragment+1","floor":21.0},{"not_picked":["Compile Driver","Redo"],"picked":"Electrodynamics","floor":28},{"not_picked":["Force Field","Genetic Algorithm","Redo+1"],"picked":"SKIP","floor":30},{"not_picked":["Redo","White Noise"],"picked":"Conserve Battery","floor":31},{"not_picked":["Barrage+1","Auto Shields"],"picked":"Glacier","floor":35},{"not_picked":["Go for the Eyes","Stack","Blizzard+1"],"picked":"SKIP","floor":36}],"player_experience":756391,"relics_obtained":[{"floor":7.0,"key":"Letter Opener"},{"floor":9.0,"key":"Pantograph"},{"floor":26,"key":"The Courier"}],"event_choices":[{"damage_healed":0.0,"max_hp_gain":0.0,"max_hp_loss":0.0,"gold_gain":50.0,"event_name":"FaceTrader","player_choice":"Touch","floor":2.0,"gold_loss":0.0,"damage_taken":7.0},{"damage_healed":0.0,"max_hp_gain":5.0,"max_hp_loss":0.0,"gold_gain":0.0,"event_name":"Big Fish","player_choice":"Donut","floor":4.0,"gold_loss":0.0,"damage_taken":0.0},{"damage_healed":0.0,"max_hp_gain":0.0,"max_hp_loss":0.0,"gold_gain":0.0,"event_name":"N\u0027loth","player_choice":"Traded Relic","floor":19.0,"relics_lost":["Pantograph"],"gold_loss":0.0,"damage_taken":0.0,"relics_obtained":["Nloth\u0027s Gift"]},{"damage_healed":0,"gold_gain":0,"player_choice":"Ignored","damage_taken":0,"max_hp_gain":0,"max_hp_loss":0,"event_name":"The Mausoleum","floor":24,"gold_loss":0},{"cards_removed":["Defragment"],"damage_healed":49,"gold_gain":0,"player_choice":"Offered Uncommon","damage_taken":0,"max_hp_gain":0,"max_hp_loss":0,"event_name":"Bonfire Elementals","floor":29,"gold_loss":0}],"is_beta":false,"boss_relics":[{"not_picked":["Philosopher\u0027s Stone","White Beast Statue"],"picked":"Astrolabe"},{"not_picked":["Sozu","Eternal Feather"],"picked":"Inserter"}],"items_purged_floors":[5,22,37],"is_endless":false,"potions_floor_spawned":[1,11,14,16,18,28,31,35],"killed_by":"Spire Growth","ascension_level":16}