{"gold_per_floor":[110,210,86,106,120,145,23,23,100,133,133,133,151,165,165,260,260,270,40,40,50,68,68,82,82,82,82,107,107,122,122,122,217,217,228,240,240,240,23,23,34,47,47,79,91,34,134,14,14,14,14,14,14,49,49],"floor_reached":56,"playtime":6755,"items_purged":["Strike_R","Defend_R","Strike_R","Defend_R"],"score":1230,"play_id":"5fdf4917-0737-48c3-89cf-bcc25a22854d","local_time":"20190125023240","is_ascension_mode":false,"campfire_choices":[{"data":"Armaments","floor":8.0,"key":"SMITH"},{"floor":15.0,"key":"RECALL"},{"data":"Clothesline","floor":23.0,"key":"SMITH"},{"floor":25.0,"key":"REST"},{"floor":29.0,"key":"REST"},{"floor":32.0,"key":"REST"},{"data":"Heavy Blade","floor":40.0,"key":"SMITH"},{"data":"Metallicize","floor":49.0,"key":"SMITH"},{"data":"Iron Wave","floor":52.0,"key":"SMITH"}],"neow_cost":"NONE","seed_source_timestamp":1146778930855760,"circlet_count":0,"master_deck":["Strike_R","Strike_R","Defend_R","Bash+1","Heavy Blade+1","Armaments+1","Headbutt","Shrug It Off+1","Good Instincts+1","Bandage Up+1","Clothesline+1","Rage+1","Warcry+1","Impervious+1","Iron Wave+1","Warcry+1","Warcry+1","Warcry+1","Metallicize+1","True Grit+1","Shockwave+1","Clothesline+1","Flex+1"],"special_seed":0,"relics":["Busted Crown","Bronze Scales","Toxic Egg 2","The Courier","Sozu","Shuriken","Bag of Marbles","Enchiridion","Runic Pyramid","Ice Cream","Nunchaku","Self Forming Clay"],"potions_floor_usage":[55],"damage_taken":[{"damage":1.0,"enemies":"Jaw Worm","floor":1.0,"turns":3.0},{"damage":0.0,"enemies":"Cultist","floor":4.0,"turns":4.0},{"damage":0.0,"enemies":"2 Louse","floor":5.0,"turns":3.0},{"damage":0.0,"enemies":"3 Sentries","floor":6.0,"turns":6.0},{"damage":20.0,"enemies":"Gremlin Nob","floor":10.0,"turns":5.0},{"damage":10.0,"enemies":"Looter","floor":13.0,"turns":2.0},{"damage":4.0,"enemies":"Blue Slaver","floor":14.0,"turns":3.0},{"damage":26.0,"enemies":"The Guardian","floor":16.0,"turns":9.0},{"damage":15.0,"enemies":"Shell Parasite","floor":18.0,"turns":3.0},{"damage":0.0,"enemies":"3 Byrds","floor":21.0,"turns":3.0},{"damage":5.0,"enemies":"Snake Plant","floor":22.0,"turns":4.0},{"damage":27.0,"enemies":"Chosen and Byrds","floor":24.0,"turns":5.0},{"damage":28.0,"enemies":"Slavers","floor":28.0,"turns":6.0},{"damage":0.0,"enemies":"Shelled Parasite and Fungi","floor":30.0,"turns":5.0},{"damage":34.0,"enemies":"Collector","floor":33.0,"turns":7.0},{"damage":8.0,"enemies":"3 Shapes","floor":35.0,"turns":4.0},{"damage":2.0,"enemies":"Orb Walker","floor":36.0,"turns":3.0},{"damage":2.0,"enemies":"Spire Growth","floor":41.0,"turns":4.0},{"damage":0.0,"enemies":"Jaw Worm Horde","floor":42.0,"turns":6.0},{"damage":10.0,"enemies":"Giant Head","floor":44.0,"turns":11.0},{"damage":0.0,"enemies":"Maw","floor":45.0,"turns":9.0},{"damage":0.0,"enemies":"Mind Bloom Boss Battle","floor":47.0,"turns":8.0},{"damage":3.0,"enemies":"Time Eater","floor":50.0,"turns":9.0},{"damage":2,"enemies":"Shield and Spear","floor":54,"turns":8},{"damage":44,"enemies":"The Heart","floor":55,"turns":11}],"seed_played":"-584089213314676344","potions_obtained":[{"floor":4.0,"key":"AttackPotion"},{"floor":5.0,"key":"EssenceOfSteel"},{"floor":16.0,"key":"Strength Potion"}],"is_trial":false,"path_per_floor":["M","?","$","M","M","E","$","R","T","E","?","?","M","M","R","B",null,"M","$","?","M","M","R","M","R","T","?","E","R","M","?","R","B",null,"M","M","?","?","$","R","M","M","T","E","M","$","?","$","R","B",null,"R","$","E","B",null],"character_chosen":"IRONCLAD","items_purchased":["Armaments","Headbutt","Shrug It Off+1","Good Instincts+1","Bandage Up+1","Clothesline","Warcry+1","Warcry+1","Warcry+1","Shockwave+1"],"campfire_rested":3,"item_purchase_floors":[3,7,19,19,19,19,39,39,39,46],"current_hp_per_floor":[79,79,79,79,79,79,79,79,79,59,80,80,70,66,66,40,80,65,65,65,71,72,72,51,75,75,75,53,77,80,64,80,46,80,78,80,80,80,80,80,78,80,80,76,80,80,80,80,80,80,80,80,80,80,42],"gold":49,"neow_bonus":"BOSS_RELIC","is_prod":false,"is_daily":false,"chose_seed":false,"campfire_upgraded":5,"win_rate":0,"timestamp":1548376360,"path_taken":["M","?","$","?","M","E","$","R","T","E","?","?","?","M","R","BOSS","M","$","?","M","M","R","M","R","T","?","E","R","M","?","R","BOSS","M","M","?","?","$","R","?","M","T","E","M","?","?","$","R","BOSS","R","$","E","BOSS"],"build_version":"2019-01-23","purchased_purges":4,"victory":true,"max_hp_per_floor":[80,80,80,80,80,80,80,80,80,80,80,80,80,80,80,80,80,80,80,80,80,80,80,80,80,80,80,80,80,80,80,80,80,80,80,80,80,80,80,80,80,80,80,80,80,80,80,80,80,80,80,80,80,80,80],"card_choices":[{"not_picked":[],"picked":"Heavy Blade","floor":1.0},{"not_picked":["Iron Wave"],"picked":"SKIP","floor":4.0},{"not_picked":["Clash"],"picked":"SKIP","floor":5.0},{"not_picked":["Perfected Strike"],"picked":"SKIP","floor":6.0},{"not_picked":["Feel No Pain"],"picked":"SKIP","floor":10.0},{"not_picked":["Second Wind+1"],"picked":"SKIP","floor":13.0},{"not_picked":["Thunderclap"],"picked":"SKIP","floor":14.0},{"not_picked":["Twin Strike"],"picked":"SKIP","floor":18.0},{"not_picked":["Rage+1"],"picked":"SKIP","floor":21.0},{"not_picked":[],"picked":"Rage+1","floor":21.0},{"not_picked":["Heavy Blade"],"picked":"SKIP","floor":22.0},{"not_picked":["Hemokinesis+1"],"picked":"SKIP","floor":24.0},{"not_picked":["Anger"],"picked":"SKIP","floor":28.0},{"not_picked":["Anger"],"picked":"SKIP","floor":28.0},{"not_picked":["Havoc+1"],"picked":"SKIP","floor":30.0},{"not_picked":[],"picked":"Impervious+1","floor":33.0},{"not_picked":["Perfected Strike"],"picked":"SKIP","floor":35.0},{"not_picked":["Twin Strike"],"picked":"SKIP","floor":36.0},{"not_picked":[],"picked":"Metallicize","floor":41.0},{"not_picked":["Thunderclap+1"],"picked":"SKIP","floor":42.0},{"not_picked":["Heavy Blade+1"],"picked":"SKIP","floor":44.0},{"not_picked":[],"picked":"True Grit+1","floor":45.0},{"not_picked":[],"picked":"Clothesline+1","floor":47.0},{"not_picked":[],"picked":"Flex+1","floor":54}],"player_experience":383073,"relics_obtained":[{"floor":6.0,"key":"Bronze Scales"},{"floor":9.0,"key":"Toxic Egg 2"},{"floor":10.0,"key":"The Courier"},{"floor":26.0,"key":"Shuriken"},{"floor":28.0,"key":"Bag of Marbles"},{"floor":31.0,"key":"Enchiridion"},{"floor":44.0,"key":"Ice Cream"},{"floor":47.0,"key":"Nunchaku"},{"floor":54,"key":"Self Forming Clay"}],"event_choices":[{"damage_healed":0.0,"max_hp_gain":0.0,"max_hp_loss":0.0,"gold_gain":100.0,"event_name":"Golden Shrine","player_choice":"Pray","floor":2.0,"gold_loss":0.0,"damage_taken":0.0},{"damage_healed":26.0,"max_hp_gain":0.0,"max_hp_loss":0.0,"gold_gain":0.0,"event_name":"Big Fish","player_choice":"Banana","floor":11.0,"gold_loss":0.0,"damage_taken":0.0},{"damage_healed":0.0,"max_hp_gain":0.0,"max_hp_loss":0.0,"gold_gain":0.0,"event_name":"Accursed Blacksmith","player_choice":"Forge","floor":12.0,"gold_loss":0.0,"damage_taken":0.0,"cards_upgraded":["Bash"]},{"damage_healed":0.0,"max_hp_gain":0.0,"max_hp_loss":0.0,"gold_gain":0.0,"event_name":"Ghosts","player_choice":"Ignored","floor":20.0,"gold_loss":0.0,"damage_taken":0.0},{"damage_healed":0.0,"max_hp_gain":0.0,"max_hp_loss":0.0,"gold_gain":0.0,"event_name":"The Library","player_choice":"Read","floor":27.0,"gold_loss":0.0,"damage_taken":0.0,"cards_obtained":["Warcry"]},{"damage_healed":0.0,"max_hp_gain":0.0,"max_hp_loss":0.0,"gold_gain":0.0,"event_name":"Cursed Tome","player_choice":"Obtained Book","floor":31.0,"gold_loss":0.0,"damage_taken":16.0},{"cards_removed":["Strike_R"],"damage_healed":0.0,"max_hp_gain":0.0,"max_hp_loss":0.0,"gold_gain":0.0,"event_name":"Falling","player_choice":"Removed Attack","floor":37.0,"gold_loss":0.0,"damage_taken":0.0},{"cards_removed":["Defend_R"],"damage_healed":0.0,"max_hp_gain":0.0,"max_hp_loss":0.0,"gold_gain":0.0,"event_name":"NoteForYourself","player_choice":"Took Card","floor":38.0,"gold_loss":0.0,"damage_taken":0.0,"cards_obtained":["Iron Wave"]},{"damage_healed":0.0,"max_hp_gain":0.0,"max_hp_loss":0.0,"gold_gain":0.0,"event_name":"MindBloom","player_choice":"Fight","floor":47.0,"gold_loss":0.0,"damage_taken":0.0}],"is_beta":false,"boss_relics":[{"not_picked":["Empty Cage","Coffee Dripper"],"picked":"Sozu"},{"not_picked":["Orrery","Philosopher\u0027s Stone"],"picked":"Runic Pyramid"}],"items_purged_floors":[3,7,39,48],"is_endless":false,"potions_floor_spawned":[4,5,16,18,22,33,36,47],"ascension_level":0}