{"gold_per_floor":[362,362,362,104,129,173,191,204,204,218,218,254,269,100,100,231,231,255,289,140,156,172,172],"floor_reached":23,"playtime":944,"items_purged":["Injury","Strike_B"],"score":213,"play_id":"4365dddf-b27b-4ca6-beef-661bb4af37c4","local_time":"20181220171317","is_ascension_mode":true,"campfire_choices":[{"data":"Zap","floor":11,"key":"SMITH"},{"data":"Defragment","floor":15,"key":"SMITH"}],"neow_cost":"TEN_PERCENT_HP_LOSS","seed_source_timestamp":26234514142297,"circlet_count":0,"master_deck":["Strike_B","Strike_B","Strike_B","Defend_B","Defend_B","Defend_B","Defend_B","Zap+1","Dualcast","Go for the Eyes","Rainbow","White Noise","Rebound","Compile Driver","Doom and Gloom","Coolheaded","Compile Driver","Barrage","Leap","Glacier","Defragment+1","Ball Lightning","Chill","Biased Cognition","Hologram","Hologram","Streamline+1","Undo"],"relics":["Cracked Core","Golden Idol","PreservedInsect","Omamori","Mercury Hourglass","Unceasing Top","Inserter","Red Mask"],"potions_floor_usage":[23],"damage_taken":[{"damage":0,"enemies":"Small Slimes","floor":1,"turns":2},{"damage":4,"enemies":"2 Louse","floor":5,"turns":2},{"damage":16,"enemies":"Gremlin Nob","floor":6,"turns":3},{"damage":0,"enemies":"Cultist","floor":7,"turns":3},{"damage":0,"enemies":"Exordium Wildlife","floor":8,"turns":2},{"damage":3,"enemies":"Looter","floor":10,"turns":3},{"damage":9,"enemies":"3 Sentries","floor":12,"turns":3},{"damage":4,"enemies":"Large Slime","floor":13,"turns":4},{"damage":11,"enemies":"Hexaghost","floor":16,"turns":10},{"damage":6,"enemies":"Shell Parasite","floor":18,"turns":5},{"damage":21,"enemies":"Masked Bandits","floor":19,"turns":4},{"damage":0,"enemies":"Spheric Guardian","floor":21,"turns":3},{"damage":0,"enemies":"Shelled Parasite and Fungi","floor":22,"turns":7},{"damage":52,"enemies":"Slavers","floor":23,"turns":3}],"seed_played":"-8615673343371859392","potions_obtained":[{"floor":1,"key":"FocusPotion"},{"floor":5,"key":"FearPotion"},{"floor":6,"key":"Dexterity Potion"}],"is_trial":false,"path_per_floor":["M","?","?","$","M","E","M","M","T","M","R","E","M","$","R","B",null,"M","?","$","M","M","E"],"character_chosen":"DEFECT","items_purchased":["PreservedInsect","Rebound","Defragment","Ball Lightning","Chill","Hologram"],"campfire_rested":0,"item_purchase_floors":[4,4,14,14,14,20],"current_hp_per_floor":[68,68,68,68,64,48,48,48,48,45,45,36,32,32,32,21,68,62,41,41,41,41,0],"gold":172,"neow_bonus":"TWO_FIFTY_GOLD","is_prod":false,"is_daily":false,"chose_seed":false,"campfire_upgraded":2,"win_rate":0,"timestamp":1545343997,"path_taken":["M","?","?","$","?","E","M","M","T","M","R","E","M","$","R","BOSS","M","?","$","M","M","E"],"build_version":"2018-12-13","purchased_purges":2,"victory":false,"max_hp_per_floor":[68,68,68,68,68,68,68,68,68,68,68,68,68,68,68,68,68,68,68,68,68,68,68],"card_choices":[{"not_picked":["Scrape","Rip and Tear"],"picked":"Go for the Eyes","floor":1},{"not_picked":["Hologram","Coolheaded"],"picked":"Compile Driver","floor":5},{"not_picked":["Redo","Rebound"],"picked":"Doom and Gloom","floor":6},{"not_picked":["Redo","Gash"],"picked":"Coolheaded","floor":7},{"not_picked":["Coolheaded","BootSequence"],"picked":"Compile Driver","floor":8},{"not_picked":["Hyperbeam","Skim"],"picked":"Barrage","floor":10},{"not_picked":["Tempest","Lockon"],"picked":"Leap","floor":12},{"not_picked":["Conserve Battery","Stack"],"picked":"Glacier","floor":13},{"not_picked":["Core Surge","Rainbow"],"picked":"Biased Cognition","floor":16},{"not_picked":["Rebound","Gash"],"picked":"Hologram","floor":18},{"not_picked":["Turbo","Compile Driver"],"picked":"Streamline+1","floor":21},{"not_picked":["Beam Cell+1","Compile Driver"],"picked":"Undo","floor":22}],"player_experience":352528,"relics_obtained":[{"floor":6,"key":"Omamori"},{"floor":9,"key":"Mercury Hourglass"},{"floor":12,"key":"Unceasing Top"},{"floor":19,"key":"Red Mask"}],"event_choices":[{"damage_healed":0,"gold_gain":0,"player_choice":"Take Wound","damage_taken":0,"relics_obtained":["Golden Idol"],"max_hp_gain":0,"max_hp_loss":0,"event_name":"Golden Idol","floor":2,"gold_loss":0,"cards_obtained":["Injury"]},{"damage_healed":0,"gold_gain":0,"player_choice":"2 cards matched","damage_taken":0,"max_hp_gain":0,"max_hp_loss":0,"event_name":"Match and Keep!","floor":3,"gold_loss":0,"cards_obtained":["Rainbow","White Noise"]},{"damage_healed":0,"gold_gain":0,"player_choice":"Fought Bandits","damage_taken":0,"max_hp_gain":0,"max_hp_loss":0,"event_name":"Masked Bandits","floor":19,"gold_loss":0}],"is_beta":false,"boss_relics":[{"not_picked":["White Beast Statue","Runic Pyramid"],"picked":"Inserter"}],"items_purged_floors":[4,20],"is_endless":false,"potions_floor_spawned":[1,5,6,8,12,19],"killed_by":"Slavers","ascension_level":1}