{"gold_per_floor":[113,124,135,152,172,205,205,170,170,201,218,251,266,276,276,381,381,391,409,72,85,85,120,120,131,131,165,165,165,165,176,176,176],"floor_reached":33,"playtime":1493,"items_purged":["Strike_R"],"score":367,"play_id":"d25fbf28-c7c2-4434-966c-232fff9a0db9","local_time":"20181114011208","is_ascension_mode":true,"campfire_choices":[{"data":"Bash","floor":7,"key":"SMITH"},{"data":"Spot Weakness","floor":15,"key":"SMITH"},{"data":"Disarm","floor":24,"key":"SMITH"},{"data":"Feed","floor":29,"key":"SMITH"},{"data":"Pummel","floor":32,"key":"SMITH"}],"neow_cost":"NONE","seed_source_timestamp":73028077784986,"circlet_count":0,"master_deck":["Strike_R","Strike_R","Strike_R","Defend_R","Defend_R","Defend_R","Defend_R","Bash+1","Armaments","Shrug It Off","Bludgeon","Flex","Disarm+1","Sword Boomerang","Shockwave","Pummel+1","Headbutt","Spot Weakness+1","Feed+1","Sword Boomerang","Entrench+1","Heavy Blade+1","Seeing Red","Immolate+1","Ghostly+1","Ghostly+1","Ghostly+1","Ghostly+1","Ghostly+1","Whirlwind+1","Flex+1"],"relics":["Burning Blood","Red Skull","Orichalcum","Vajra","Bronze Scales","Mercury Hourglass","White Beast Statue","Molten Egg 2","Kunai","Toxic Egg 2","Ginger"],"potions_floor_usage":[19,21,23,23,25,27,33,33],"damage_taken":[{"damage":3,"enemies":"2 Louse","floor":1,"turns":3},{"damage":0,"enemies":"Small Slimes","floor":2,"turns":3},{"damage":4,"enemies":"Jaw Worm","floor":3,"turns":4},{"damage":8,"enemies":"Blue Slaver","floor":4,"turns":3},{"damage":25,"enemies":"Exordium Thugs","floor":5,"turns":4},{"damage":21,"enemies":"Lagavulin","floor":6,"turns":5},{"damage":8,"enemies":"Gremlin Nob","floor":10,"turns":3},{"damage":10,"enemies":"Exordium Wildlife","floor":11,"turns":3},{"damage":12,"enemies":"3 Sentries","floor":12,"turns":5},{"damage":5,"enemies":"Looter","floor":13,"turns":2},{"damage":0,"enemies":"Large Slime","floor":14,"turns":3},{"damage":17,"enemies":"The Guardian","floor":16,"turns":7},{"damage":8,"enemies":"3 Byrds","floor":18,"turns":2},{"damage":4,"enemies":"Shell Parasite","floor":19,"turns":2},{"damage":17,"enemies":"Centurion and Healer","floor":21,"turns":3},{"damage":15,"enemies":"Gremlin Leader","floor":23,"turns":5},{"damage":11,"enemies":"3 Cultists","floor":25,"turns":4},{"damage":16,"enemies":"Book of Stabbing","floor":27,"turns":4},{"damage":9,"enemies":"Snake Plant","floor":31,"turns":3},{"damage":41,"enemies":"Champ","floor":33,"turns":6}],"seed_played":"2431784557517480140","potions_obtained":[{"floor":3,"key":"EssenceOfSteel"},{"floor":4,"key":"Energy Potion"},{"floor":12,"key":"Ancient Potion"},{"floor":13,"key":"Energy Potion"},{"floor":16,"key":"AttackPotion"},{"floor":19,"key":"BloodPotion"},{"floor":21,"key":"Swift Potion"},{"floor":23,"key":"AttackPotion"},{"floor":25,"key":"EssenceOfSteel"},{"floor":27,"key":"PowerPotion"},{"floor":31,"key":"Explosive Potion"}],"is_trial":false,"path_per_floor":["M","M","M","M","M","E","R","?","T","E","M","E","M","M","R","B",null,"M","M","$","M","?","E","R","M","T","E","?","R","?","M","R","B"],"character_chosen":"IRONCLAD","items_purchased":["Molten Egg 2"],"campfire_rested":0,"item_purchase_floors":[20],"current_hp_per_floor":[80,80,80,78,59,44,44,64,64,62,58,52,53,59,59,48,80,78,80,80,69,54,45,45,43,43,44,44,44,44,41,41,0],"gold":176,"neow_bonus":"RANDOM_COMMON_RELIC","is_prod":false,"is_daily":false,"chose_seed":false,"campfire_upgraded":5,"win_rate":0,"timestamp":1542175928,"path_taken":["M","M","M","M","M","E","R","?","T","E","M","E","M","M","R","BOSS","M","M","$","M","?","E","R","M","T","E","?","R","?","M","R","BOSS"],"build_version":"2018-11-08","purchased_purges":1,"victory":false,"max_hp_per_floor":[80,80,80,80,80,80,80,80,80,80,80,80,80,80,80,80,80,80,80,80,80,85,85,85,88,88,91,45,45,45,45,45,45],"card_choices":[{"not_picked":["Wild Strike","Power Through"],"picked":"Armaments","floor":1},{"not_picked":["Flex","True Grit"],"picked":"Shrug It Off","floor":2},{"not_picked":["Shrug It Off","Sever Soul"],"picked":"Bludgeon","floor":3},{"not_picked":["Sentinel","Havoc"],"picked":"Flex","floor":4},{"not_picked":["Armaments","Infernal Blade"],"picked":"Disarm","floor":5},{"not_picked":["Havoc","Headbutt"],"picked":"Sword Boomerang","floor":6},{"not_picked":["Power Through","Perfected Strike","Clash"],"picked":"SKIP","floor":10},{"not_picked":["Clothesline","Shrug It Off"],"picked":"Shockwave","floor":11},{"not_picked":["Intimidate","Second Wind"],"picked":"Pummel","floor":12},{"not_picked":["Armaments","Cleave"],"picked":"Headbutt","floor":13},{"not_picked":["Intimidate","Battle Trance"],"picked":"Spot Weakness","floor":14},{"not_picked":["Juggernaut","Double Tap"],"picked":"Feed","floor":16},{"not_picked":["Flex","Heavy Blade"],"picked":"Sword Boomerang","floor":18},{"not_picked":["Metallicize+1","Sword Boomerang","Anger"],"picked":"SKIP","floor":19},{"not_picked":["Twin Strike+1","Warcry"],"picked":"Entrench+1","floor":21},{"not_picked":["Seeing Red","Iron Wave+1"],"picked":"Heavy Blade+1","floor":23},{"not_picked":["Armaments","Power Through"],"picked":"Seeing Red","floor":25},{"not_picked":["Double Tap+1","Inflame+1"],"picked":"Immolate+1","floor":27},{"not_picked":["Headbutt+1","Clash+1"],"picked":"Flex+1","floor":31}],"player_experience":134042,"relics_obtained":[{"floor":6,"key":"Orichalcum"},{"floor":9,"key":"Vajra"},{"floor":10,"key":"Bronze Scales"},{"floor":12,"key":"Mercury Hourglass"},{"floor":23,"key":"Kunai"},{"floor":26,"key":"Toxic Egg 2"},{"floor":27,"key":"Ginger"}],"event_choices":[{"damage_healed":20,"gold_gain":0,"player_choice":"Healed","damage_taken":0,"max_hp_gain":0,"max_hp_loss":0,"event_name":"The Cleric","floor":8,"gold_loss":35},{"damage_healed":0,"gold_gain":0,"player_choice":"Shed Blood","damage_taken":20,"max_hp_gain":5,"max_hp_loss":0,"event_name":"Forgotten Altar","floor":22,"gold_loss":0},{"damage_healed":0,"gold_gain":0,"player_choice":"Became a Ghost","damage_taken":0,"max_hp_gain":0,"max_hp_loss":46,"event_name":"Ghosts","floor":28,"gold_loss":0,"cards_obtained":["Ghostly","Ghostly","Ghostly","Ghostly","Ghostly"]},{"damage_healed":0,"gold_gain":0,"cards_transformed":["Strike_R"],"player_choice":"Transformed","damage_taken":0,"max_hp_gain":0,"max_hp_loss":0,"event_name":"Transmorgrifier","floor":30,"gold_loss":0,"cards_obtained":["Whirlwind"]}],"is_beta":false,"boss_relics":[{"not_picked":["Runic Cube","Fusion Hammer"],"picked":"White Beast Statue"}],"items_purged_floors":[20],"is_endless":false,"potions_floor_spawned":[3,4,12,13,16,18,19,21,23,25,27,31],"killed_by":"Champ","ascension_level":2}