{"gold_per_floor":[20,86,97,116,116,116,150,41,41,41,41],"floor_reached":11,"playtime":324,"items_purged":["Strike_R"],"score":117,"play_id":"e2d8dc36-8318-4b8b-ab89-819c06fa0ff7","local_time":"20190112043414","is_ascension_mode":true,"campfire_choices":[{"data":"Bash","floor":6,"key":"SMITH"},{"data":"Shockwave","floor":10,"key":"SMITH"}],"neow_cost":"NO_GOLD","seed_source_timestamp":113267496520390,"circlet_count":0,"master_deck":["AscendersBane","Strike_R","Strike_R","Strike_R","Strike_R","Defend_R","Defend_R","Defend_R","Defend_R","Bash+1","Heavy Blade","Anger","Wild Strike","Limit Break","Shockwave+1"],"relics":["Burning Blood","Peace Pipe","Prayer Wheel","Singing Bowl"],"potions_floor_usage":[7],"damage_taken":[{"damage":5,"enemies":"2 Louse","floor":1,"turns":4},{"damage":13,"enemies":"Jaw Worm","floor":3,"turns":4},{"damage":0,"enemies":"Cultist","floor":4,"turns":2},{"damage":16,"enemies":"Gremlin Nob","floor":7,"turns":3},{"damage":45,"enemies":"3 Sentries","floor":11,"turns":6}],"seed_played":"-7368371917338246263","potions_obtained":[{"floor":1,"key":"SneckoOil"},{"floor":4,"key":"Ancient Potion"}],"is_trial":false,"path_per_floor":["M","?","M","M","?","R","E","$","T","R","E"],"character_chosen":"IRONCLAD","items_purchased":["Shockwave"],"campfire_rested":0,"item_purchase_floors":[8],"current_hp_per_floor":[73,73,66,72,54,54,44,44,44,44,0],"gold":41,"neow_bonus":"THREE_RARE_CARDS","is_prod":false,"is_daily":false,"chose_seed":false,"campfire_upgraded":2,"win_rate":0,"timestamp":1547285654,"path_taken":["M","?","M","M","?","R","E","?","T","R","E"],"build_version":"2019-01-10","purchased_purges":1,"victory":false,"max_hp_per_floor":[80,80,80,80,80,80,80,80,80,80,80],"card_choices":[{"not_picked":["True Grit","Dropkick"],"picked":"Heavy Blade","floor":1},{"not_picked":["Shrug It Off","Headbutt"],"picked":"Anger","floor":3},{"not_picked":["Armaments","Havoc"],"picked":"Wild Strike","floor":4},{"not_picked":["Twin Strike","Flex"],"picked":"Limit Break","floor":7}],"player_experience":367396,"relics_obtained":[{"floor":7,"key":"Prayer Wheel"},{"floor":9,"key":"Singing Bowl"}],"event_choices":[{"damage_healed":0,"gold_gain":66,"player_choice":"Gained Gold","damage_taken":0,"max_hp_gain":0,"max_hp_loss":0,"event_name":"Golden Wing","floor":2,"gold_loss":0},{"damage_healed":0,"gold_gain":0,"player_choice":"Success","damage_taken":18,"relics_obtained":["Peace Pipe"],"max_hp_gain":0,"max_hp_loss":0,"event_name":"Scrap Ooze","floor":5,"gold_loss":0}],"is_beta":false,"boss_relics":[],"items_purged_floors":[8],"is_endless":false,"potions_floor_spawned":[1,4],"killed_by":"3 Sentries","ascension_level":13}