{"gold_per_floor":[112,43,61,73,73,104,104,129,129,146,171,171,198,215,215,312,312,324,338,28,40,59,59,59],"floor_reached":24,"playtime":1771,"items_purged":["Strike_G"],"score":294,"play_id":"1de3ccef-c9b3-44a0-b8ba-e387061d8249","local_time":"20190214145450","is_ascension_mode":true,"campfire_choices":[{"floor":7.0,"key":"REST"},{"floor":12.0,"key":"REST"},{"floor":15.0,"key":"REST"},{"floor":23,"key":"REST"}],"neow_cost":"NONE","seed_source_timestamp":23479415424762,"circlet_count":0,"master_deck":["Defend_G","Defend_G","Defend_G","Defend_G","Defend_G","Strike_G","Strike_G","Strike_G","Strike_G","Survivor","Neutralize","Acrobatics","Crippling Poison","Escape Plan","Sucker Punch","Noxious Fumes","Deflect","Catalyst","Noxious Fumes","Terror","Flying Knee","Footwork"],"special_seed":0,"relics":["Busted Crown","Blue Candle","Mercury Hourglass","Bottled Lightning","Dodecahedron","Strawberry","Black Star"],"potions_floor_usage":[22],"damage_taken":[{"damage":4.0,"enemies":"Small Slimes","floor":1.0,"turns":4.0},{"damage":0.0,"enemies":"Jaw Worm","floor":3.0,"turns":5.0},{"damage":0.0,"enemies":"Cultist","floor":4.0,"turns":4.0},{"damage":25.0,"enemies":"Gremlin Nob","floor":6.0,"turns":5.0},{"damage":13.0,"enemies":"3 Sentries","floor":8.0,"turns":10.0},{"damage":0.0,"enemies":"Red Slaver","floor":10.0,"turns":4.0},{"damage":19.0,"enemies":"Lagavulin","floor":11.0,"turns":7.0},{"damage":0.0,"enemies":"Gremlin Gang","floor":14.0,"turns":3.0},{"damage":20.0,"enemies":"Hexaghost","floor":16.0,"turns":11.0},{"damage":14.0,"enemies":"Spheric Guardian","floor":18.0,"turns":6.0},{"damage":12.0,"enemies":"3 Byrds","floor":19.0,"turns":5.0},{"damage":43,"enemies":"Snecko","floor":21,"turns":6},{"damage":7,"enemies":"Centurion and Healer","floor":22,"turns":7},{"damage":28,"enemies":"Book of Stabbing","floor":24,"turns":6}],"seed_played":"-8087314480116078498","potions_obtained":[{"floor":4.0,"key":"AttackPotion"},{"floor":8.0,"key":"PowerPotion"},{"floor":10.0,"key":"Dexterity Potion"},{"floor":11.0,"key":"Regen Potion"},{"floor":18.0,"key":"SteroidPotion"},{"floor":21,"key":"Fruit Juice"}],"is_trial":false,"path_per_floor":["M","$","M","M","?","E","R","E","T","M","E","R","T","M","R","B",null,"M","M","$","M","M","R","E"],"character_chosen":"THE_SILENT","items_purchased":["Crippling Poison","Catalyst","Noxious Fumes","Terror","Flying Knee"],"campfire_rested":4,"item_purchase_floors":[2,20,20,20,20],"current_hp_per_floor":[59,59,59,59,59,34,55,42,42,42,23,44,51,51,74,69,75,61,49,49,6,4,28,0],"gold":59,"neow_bonus":"BOSS_RELIC","is_prod":false,"is_daily":false,"chose_seed":false,"campfire_upgraded":0,"win_rate":0,"timestamp":1550148890,"path_taken":["M","$","M","M","?","E","R","E","T","M","E","R","?","M","R","BOSS","M","?","?","?","M","R","E"],"build_version":"2019-01-23","purchased_purges":1,"victory":false,"max_hp_per_floor":[70,70,70,70,70,70,70,70,70,70,70,70,77,77,77,77,77,77,77,77,77,82,82,82],"card_choices":[{"not_picked":[],"picked":"Acrobatics","floor":1.0},{"not_picked":["Reflex"],"picked":"SKIP","floor":3.0},{"not_picked":[],"picked":"Escape Plan","floor":4.0},{"not_picked":[],"picked":"Sucker Punch","floor":6.0},{"not_picked":[],"picked":"Noxious Fumes","floor":8.0},{"not_picked":["Riddle With Holes"],"picked":"SKIP","floor":10.0},{"not_picked":["Outmaneuver"],"picked":"SKIP","floor":11.0},{"not_picked":["Slice"],"picked":"SKIP","floor":14.0},{"not_picked":["Outmaneuver"],"picked":"SKIP","floor":18.0},{"not_picked":[],"picked":"Deflect","floor":19.0},{"not_picked":["Distraction+1"],"picked":"SKIP","floor":21},{"not_picked":[],"picked":"Footwork","floor":22}],"player_experience":618677,"relics_obtained":[{"floor":6.0,"key":"Blue Candle"},{"floor":8.0,"key":"Mercury Hourglass"},{"floor":9.0,"key":"Bottled Lightning"},{"floor":11.0,"key":"Dodecahedron"},{"floor":13.0,"key":"Strawberry"}],"event_choices":[{"damage_healed":0.0,"max_hp_gain":0.0,"max_hp_loss":0.0,"gold_gain":0.0,"event_name":"Liars Game","player_choice":"Ignored","floor":5.0,"gold_loss":0.0,"damage_taken":0.0}],"is_beta":false,"boss_relics":[{"not_picked":["Coffee Dripper","Philosopher\u0027s Stone"],"picked":"Black Star"}],"items_purged_floors":[20],"is_endless":false,"potions_floor_spawned":[4,8,10,11,14,18,21],"killed_by":"Book of Stabbing","ascension_level":7}