{"gold_per_floor":[12,28,2,15,33,33,33,56,56,81,81,96,21,42,42,166,166,184,202,227,227,71,71,102,113,169,182,182,202,215,130,130,230,230,250,250,267,267],"floor_reached":38,"playtime":2382,"items_purged":["Defend_B"],"score":394,"play_id":"25053320-dacd-46dd-92f1-28efba356412","local_time":"20190517234535","is_ascension_mode":false,"campfire_choices":[{"data":"Machine Learning","floor":6.0,"key":"SMITH"},{"data":"Beam Cell","floor":11.0,"key":"SMITH"},{"floor":15.0,"key":"REST"},{"data":"Scrape","floor":23.0,"key":"SMITH"},{"floor":28.0,"key":"REST"},{"floor":32.0,"key":"REST"}],"neow_cost":"NO_GOLD","seed_source_timestamp":0,"circlet_count":0,"master_deck":["Strike_B","Strike_B","Strike_B","Strike_B","Defend_B","Defend_B","Defend_B","Zap","Dualcast","Compile Driver","Hello World","Cold Snap","Beam Cell+1","Machine Learning+1","Beam Cell","Go for the Eyes","Scrape+1","Hyperbeam","Turbo","Rebound+1","Streamline","Streamline","Gash+1","Machine Learning","Streamline+1","Machine Learning","Turbo","Gash"],"special_seed":0,"relics":["Cracked Core","Nunchaku","Meat on the Bone","Lizard Tail","Nloth\u0027s Gift","Boot","Vajra","Tiny Chest","FossilizedHelix","Orrery"],"potions_floor_usage":[],"damage_taken":[{"damage":0.0,"enemies":"2 Louse","floor":1.0,"turns":2.0},{"damage":0.0,"enemies":"Cultist","floor":2.0,"turns":4.0},{"damage":0.0,"enemies":"Small Slimes","floor":4.0,"turns":2.0},{"damage":5.0,"enemies":"2 Fungi Beasts","floor":5.0,"turns":3.0},{"damage":10.0,"enemies":"Exordium Thugs","floor":8.0,"turns":4.0},{"damage":9.0,"enemies":"Red Slaver","floor":10.0,"turns":3.0},{"damage":10.0,"enemies":"Looter","floor":12.0,"turns":2.0},{"damage":12.0,"enemies":"Blue Slaver","floor":14.0,"turns":2.0},{"damage":36.0,"enemies":"Hexaghost","floor":16.0,"turns":9.0},{"damage":21.0,"enemies":"Spheric Guardian","floor":18.0,"turns":4.0},{"damage":25.0,"enemies":"3 Byrds","floor":19.0,"turns":5.0},{"damage":3.0,"enemies":"3 Cultists","floor":20.0,"turns":3.0},{"damage":54.0,"enemies":"Slavers","floor":24.0,"turns":6.0},{"damage":20.0,"enemies":"Centurion and Healer","floor":25.0,"turns":3.0},{"damage":26.0,"enemies":"Chosen and Byrds","floor":27.0,"turns":4.0},{"damage":11.0,"enemies":"Snecko","floor":29.0,"turns":4.0},{"damage":17.0,"enemies":"Centurion and Healer","floor":30.0,"turns":5.0},{"damage":52.0,"enemies":"Automaton","floor":33.0,"turns":9.0},{"damage":34,"enemies":"3 Shapes","floor":35,"turns":5},{"damage":13,"enemies":"Orb Walker","floor":37,"turns":3},{"damage":38,"enemies":"Spire Growth","floor":38,"turns":3}],"seed_played":"-1161771289010866159","potions_obtained":[{"floor":2.0,"key":"Block Potion"},{"floor":8.0,"key":"FocusPotion"},{"floor":12.0,"key":"Ancient Potion"},{"floor":18.0,"key":"SpeedPotion"},{"floor":27.0,"key":"Explosive Potion"},{"floor":33.0,"key":"GamblersBrew"},{"floor":35,"key":"Energy Potion"},{"floor":37,"key":"GamblersBrew"}],"is_trial":false,"path_per_floor":["M","M","$","M","M","R","?","M","T","M","R","M","$","M","R","B",null,"M","M","M","?","$","R","E","M","T","M","R","M","M","?","R","B",null,"M","?","M","M"],"character_chosen":"DEFECT","items_purchased":["Cold Snap","Boot"],"campfire_rested":3,"item_purchase_floors":[3,22],"current_hp_per_floor":[75,75,75,75,70,70,69,59,59,50,50,40,40,40,60,36,69,48,35,44,44,44,44,41,33,33,19,39,40,35,35,55,15,69,35,35,34,0],"gold":267,"neow_bonus":"ONE_RARE_RELIC","is_prod":false,"is_daily":false,"chose_seed":false,"campfire_upgraded":3,"win_rate":0.0,"timestamp":1558151135,"path_taken":["M","M","$","M","M","R","?","M","T","M","R","M","$","M","R","BOSS","M","M","M","?","$","R","E","M","T","M","R","M","?","?","R","BOSS","M","?","M","M"],"build_version":"2019-01-23","purchased_purges":1,"victory":false,"max_hp_per_floor":[75,75,75,75,75,75,69,69,69,69,69,69,69,69,69,69,69,69,69,69,69,69,69,69,69,69,69,69,69,69,69,69,69,69,69,69,69,69],"card_choices":[{"not_picked":["Steam","Hologram"],"picked":"Compile Driver","floor":1.0},{"not_picked":["Reprogram","Steam"],"picked":"Hello World","floor":2.0},{"not_picked":["Scrape","Reprogram"],"picked":"Beam Cell","floor":4.0},{"not_picked":["Tempest","Turbo"],"picked":"Machine Learning","floor":5.0},{"not_picked":["Leap","Chaos"],"picked":"Beam Cell","floor":8.0},{"not_picked":["Stack","Redo","Conserve Battery"],"picked":"SKIP","floor":10.0},{"not_picked":["Ball Lightning","Aggregate"],"picked":"Go for the Eyes","floor":12.0},{"not_picked":["Ball Lightning","Steam Power"],"picked":"Scrape","floor":14.0},{"not_picked":["Reboot","Machine Learning"],"picked":"Hyperbeam","floor":16.0},{"not_picked":["Stack+1","Heatsinks"],"picked":"Turbo","floor":18.0},{"not_picked":["Turbo","Hello World","Doom and Gloom"],"picked":"SKIP","floor":19.0},{"not_picked":["Stack","Consume+1"],"picked":"Rebound+1","floor":20.0},{"not_picked":["Tempest","Rainbow"],"picked":"Streamline","floor":24.0},{"not_picked":["Compile Driver","Sweeping Beam"],"picked":"Streamline","floor":25.0},{"not_picked":["Coolheaded+1","Sunder","Sweeping Beam+1"],"picked":"SKIP","floor":27.0},{"not_picked":["Self Repair","Sweeping Beam"],"picked":"Gash+1","floor":29.0},{"not_picked":["Blizzard+1","Fusion","Conserve Battery"],"picked":"SKIP","floor":30.0},{"not_picked":["Thunder Strike","Meteor Strike"],"picked":"Machine Learning","floor":33.0},{"not_picked":["Rebound+1","Reinforced Body+1"],"picked":"Streamline+1","floor":34.0},{"not_picked":["Redo","Hello World"],"picked":"Machine Learning","floor":34.0},{"not_picked":["Sweeping Beam","Hologram+1"],"picked":"Turbo","floor":34.0},{"not_picked":["BootSequence","Hologram"],"picked":"Gash","floor":35},{"not_picked":["Hologram+1","Storm+1","Creative AI"],"picked":"SKIP","floor":37}],"player_experience":224135,"relics_obtained":[{"floor":9.0,"key":"Meat on the Bone"},{"floor":24.0,"key":"Vajra"},{"floor":26.0,"key":"Tiny Chest"}],"event_choices":[{"damage_healed":0.0,"max_hp_gain":0.0,"max_hp_loss":6.0,"gold_gain":0.0,"event_name":"Golden Idol","player_choice":"Lose Max HP","floor":7.0,"gold_loss":0.0,"damage_taken":0.0,"relics_obtained":["Golden Idol"]},{"damage_healed":0.0,"max_hp_gain":0.0,"max_hp_loss":0.0,"gold_gain":0.0,"event_name":"N\u0027loth","player_choice":"Traded Relic","floor":21.0,"relics_lost":["Golden Idol"],"gold_loss":0.0,"damage_taken":0.0,"relics_obtained":["Nloth\u0027s Gift"]},{"damage_healed":0.0,"max_hp_gain":0.0,"max_hp_loss":0.0,"gold_gain":0.0,"event_name":"Addict","player_choice":"Obtained Relic","floor":31.0,"gold_loss":85.0,"damage_taken":0.0,"relics_obtained":["FossilizedHelix"]},{"damage_healed":0,"gold_gain":0,"player_choice":"Ignored","damage_taken":0,"max_hp_gain":0,"max_hp_loss":0,"event_name":"NoteForYourself","floor":36,"gold_loss":0}],"is_beta":false,"boss_relics":[{"not_picked":["Calling Bell","Busted Crown"],"picked":"Lizard Tail"},{"not_picked":["Inserter","Pandora\u0027s Box"],"picked":"Orrery"}],"items_purged_floors":[13],"is_endless":false,"potions_floor_spawned":[2,8,12,18,27,33,35,37],"killed_by":"Spire Growth","ascension_level":0}