{"gold_per_floor":[111,111,37,0,0,0,13,13,63,63,79,110,110,120,120,193,193,203,118,43,61,81,81,114,114,164,164,175,175,206,206,206,279,279,295,28,28,28,44,44,44],"floor_reached":41,"playtime":1594,"items_purged":["Dualcast","Zap"],"score":744,"play_id":"4a4e7e68-3692-4199-bf62-06a431e177c5","local_time":"20190304011636","is_ascension_mode":true,"campfire_choices":[{"data":"Hello World","floor":6.0,"key":"SMITH"},{"data":"Sweeping Beam","floor":8.0,"key":"SMITH"},{"floor":10.0,"key":"REST"},{"data":"Hyperbeam","floor":13.0,"key":"SMITH"},{"floor":15.0,"key":"REST"},{"floor":23.0,"key":"REST"},{"data":"1","floor":25.0,"key":"LIFT"},{"floor":29.0,"key":"REST"},{"data":"2","floor":32.0,"key":"LIFT"},{"data":"Apotheosis","floor":40.0,"key":"SMITH"}],"neow_cost":"NONE","seed_source_timestamp":171113522414799,"circlet_count":0,"master_deck":["AscendersBane","Strike_B","Defend_B+1","Defend_B","Defend_B","Defend_B","Sweeping Beam+1","Hello World+1","Hyperbeam+1","Core Surge","Steam","Core Surge","Ball Lightning+1","Buffer","Apotheosis+1"],"special_seed":0,"relics":["Busted Crown","PreservedInsect","Juzu Bracelet","Black Star","Girya","Pantograph","Kunai","Bag of Marbles","Oddly Smooth Stone","Vajra","White Beast Statue"],"potions_floor_usage":[],"damage_taken":[{"damage":7.0,"enemies":"Small Slimes","floor":1.0,"turns":3.0},{"damage":3.0,"enemies":"2 Louse","floor":7.0,"turns":2.0},{"damage":0.0,"enemies":"Jaw Worm","floor":11.0,"turns":5.0},{"damage":14.0,"enemies":"Lagavulin","floor":12.0,"turns":5.0},{"damage":8.0,"enemies":"Exordium Thugs","floor":14.0,"turns":3.0},{"damage":16.0,"enemies":"Slime Boss","floor":16.0,"turns":6.0},{"damage":7.0,"enemies":"Chosen","floor":18.0,"turns":3.0},{"damage":12.0,"enemies":"2 Thieves","floor":21.0,"turns":2.0},{"damage":0.0,"enemies":"3 Cultists","floor":22.0,"turns":3.0},{"damage":25.0,"enemies":"Gremlin Leader","floor":24.0,"turns":5.0},{"damage":23.0,"enemies":"Snake Plant","floor":28.0,"turns":4.0},{"damage":22.0,"enemies":"Book of Stabbing","floor":30.0,"turns":5.0},{"damage":39.0,"enemies":"Collector","floor":33.0,"turns":8.0},{"damage":2.0,"enemies":"Orb Walker","floor":35.0,"turns":3.0},{"damage":4.0,"enemies":"3 Shapes","floor":39.0,"turns":3.0},{"damage":95,"enemies":"Giant Head","floor":41,"turns":7}],"seed_played":"-2281342722101446566","potions_obtained":[{"floor":12.0,"key":"Block Potion"},{"floor":16.0,"key":"Strength Potion"},{"floor":22.0,"key":"Weak Potion"},{"floor":30.0,"key":"SteroidPotion"},{"floor":35.0,"key":"Poison Potion"},{"floor":39.0,"key":"Weak Potion"}],"is_trial":false,"path_per_floor":["M","?","$","?","?","R","M","R","T","R","M","E","R","M","R","B",null,"M","?","$","M","M","R","E","R","T","?","M","R","E","?","R","B",null,"M","$","?","?","M","R","E"],"character_chosen":"DEFECT","items_purchased":["Hello World","Apotheosis"],"campfire_rested":4,"item_purchase_floors":[3,36],"current_hp_per_floor":[57,57,57,57,50,50,47,47,47,68,68,54,54,46,67,51,66,59,59,59,47,47,68,43,43,43,43,20,41,19,71,71,32,61,59,59,59,59,55,55,0],"gold":44,"neow_bonus":"BOSS_RELIC","is_prod":false,"is_daily":false,"chose_seed":false,"campfire_upgraded":4,"win_rate":0,"timestamp":1551654996,"path_taken":["M","?","$","?","?","R","M","R","T","R","M","E","R","M","R","BOSS","M","?","$","M","M","R","E","R","T","?","M","R","E","?","R","BOSS","M","$","?","?","M","R","E"],"build_version":"2019-01-23","purchased_purges":2,"victory":false,"max_hp_per_floor":[71,71,71,71,71,71,71,71,71,71,71,71,71,71,71,71,71,71,71,71,71,71,71,71,71,71,71,71,71,71,71,71,71,71,71,71,67,67,67,67,67],"card_choices":[{"not_picked":["Redo"],"picked":"SKIP","floor":1.0},{"not_picked":["Coolheaded"],"picked":"SKIP","floor":7.0},{"not_picked":["Recycle"],"picked":"SKIP","floor":11.0},{"not_picked":[],"picked":"Hyperbeam","floor":12.0},{"not_picked":["Cold Snap"],"picked":"SKIP","floor":14.0},{"not_picked":[],"picked":"Core Surge","floor":16.0},{"not_picked":["Go for the Eyes"],"picked":"SKIP","floor":18.0},{"not_picked":[],"picked":"Steam","floor":21.0},{"not_picked":["Scrape"],"picked":"SKIP","floor":22.0},{"not_picked":[],"picked":"Core Surge","floor":24.0},{"not_picked":[],"picked":"Ball Lightning+1","floor":28.0},{"not_picked":["Turbo"],"picked":"SKIP","floor":30.0},{"not_picked":[],"picked":"Buffer","floor":33.0},{"not_picked":["Ball Lightning+1"],"picked":"SKIP","floor":35.0},{"not_picked":["Compile Driver+1"],"picked":"SKIP","floor":39.0}],"player_experience":724516,"relics_obtained":[{"floor":9.0,"key":"PreservedInsect"},{"floor":12.0,"key":"Juzu Bracelet"},{"floor":24.0,"key":"Pantograph"},{"floor":24.0,"key":"Kunai"},{"floor":26.0,"key":"Bag of Marbles"},{"floor":30.0,"key":"Oddly Smooth Stone"},{"floor":30.0,"key":"Vajra"}],"event_choices":[{"damage_healed":0.0,"max_hp_gain":0.0,"max_hp_loss":0.0,"gold_gain":0.0,"cards_transformed":["Strike_B"],"event_name":"Living Wall","player_choice":"Change","floor":2.0,"gold_loss":0.0,"damage_taken":0.0,"cards_obtained":["Sweeping Beam"]},{"damage_healed":0.0,"max_hp_gain":0.0,"max_hp_loss":0.0,"gold_gain":0.0,"event_name":"World of Goop","player_choice":"Left Gold","floor":4.0,"gold_loss":37.0,"damage_taken":0.0},{"cards_removed":["Strike_B"],"damage_healed":0.0,"max_hp_gain":0.0,"max_hp_loss":0.0,"gold_gain":0.0,"event_name":"Golden Wing","player_choice":"Card Removal","floor":5.0,"gold_loss":0.0,"damage_taken":7.0},{"damage_healed":0.0,"max_hp_gain":0.0,"max_hp_loss":0.0,"gold_gain":0.0,"event_name":"Addict","player_choice":"Obtained Relic","floor":19.0,"gold_loss":85.0,"damage_taken":0.0,"relics_obtained":["Girya"]},{"damage_healed":0.0,"max_hp_gain":0.0,"max_hp_loss":0.0,"gold_gain":0.0,"event_name":"Accursed Blacksmith","player_choice":"Forge","floor":27.0,"gold_loss":0.0,"damage_taken":0.0,"cards_upgraded":["Defend_B"]},{"damage_healed":52.0,"max_hp_gain":0.0,"max_hp_loss":0.0,"gold_gain":0.0,"event_name":"Wheel of Change","player_choice":"Full Heal","floor":31.0,"gold_loss":0.0,"damage_taken":0.0},{"damage_healed":0.0,"max_hp_gain":0.0,"max_hp_loss":4.0,"gold_gain":0.0,"event_name":"Winding Halls","player_choice":"Max HP","floor":37.0,"gold_loss":0.0,"damage_taken":0.0},{"cards_removed":["Strike_B"],"damage_healed":0.0,"max_hp_gain":0.0,"max_hp_loss":0.0,"gold_gain":0.0,"event_name":"Purifier","player_choice":"Purged","floor":38.0,"gold_loss":0.0,"damage_taken":0.0}],"is_beta":false,"boss_relics":[{"not_picked":["Coffee Dripper","Cursed Key"],"picked":"Black Star"},{"not_picked":["Pandora\u0027s Box","Inserter"],"picked":"White Beast Statue"}],"items_purged_floors":[20,36],"is_endless":false,"potions_floor_spawned":[12,16,22,30,35,39],"killed_by":"Giant Head","ascension_level":15}