{"gold_per_floor":[114,9,29,40,0,0,18,18,42,42,97,121,121,121,121,195,195,214,214,214,62,62,62,74,74,97,97,117,117,149,149,149,149],"floor_reached":33,"playtime":2213,"items_purged":["Strike_B","Gash"],"score":518,"play_id":"88ef2860-7035-4baf-8987-02f86f01938d","local_time":"20190507092038","is_ascension_mode":true,"campfire_choices":[{"data":"Conserve Battery","floor":6.0,"key":"SMITH"},{"data":"Go for the Eyes","floor":8.0,"key":"SMITH"},{"floor":13.0,"key":"REST"},{"data":"Creative AI","floor":15.0,"key":"SMITH"},{"floor":23.0,"key":"REST"},{"floor":27.0,"key":"REST"},{"floor":29.0,"key":"REST"},{"floor":32,"key":"REST"}],"neow_cost":"TEN_PERCENT_HP_LOSS","seed_source_timestamp":2288056953236754,"circlet_count":0,"master_deck":["AscendersBane","Defend_B","Defend_B","Defend_B","Dualcast","Rebound","Tempest","Doom and Gloom","Go for the Eyes+1","Conserve Battery+1","Chill","Creative AI+1","Fission","BootSequence","Darkness","Conserve Battery","Melter+1","Ball Lightning+1","Fusion"],"special_seed":0,"relics":["Cracked Core","Lantern","Tiny Chest","Bag of Preparation","Inserter","Gremlin Horn","Smiling Mask","The Courier"],"potions_floor_usage":[],"damage_taken":[{"damage":0.0,"enemies":"2 Louse","floor":1.0,"turns":2.0},{"damage":1.0,"enemies":"Small Slimes","floor":3.0,"turns":3.0},{"damage":2.0,"enemies":"Jaw Worm","floor":4.0,"turns":4.0},{"damage":2.0,"enemies":"2 Fungi Beasts","floor":7.0,"turns":3.0},{"damage":16.0,"enemies":"3 Sentries","floor":11.0,"turns":7.0},{"damage":20.0,"enemies":"Hexaghost","floor":16.0,"turns":8.0},{"damage":13.0,"enemies":"Shell Parasite","floor":18.0,"turns":7.0},{"damage":26.0,"enemies":"Chosen","floor":24.0,"turns":7.0},{"damage":29.0,"enemies":"Centurion and Healer","floor":28.0,"turns":9.0},{"damage":42.0,"enemies":"Book of Stabbing","floor":30.0,"turns":6.0},{"damage":31,"enemies":"Automaton","floor":33,"turns":4}],"seed_played":"-6772414287681660678","potions_obtained":[{"floor":7.0,"key":"SpeedPotion"},{"floor":11.0,"key":"Block Potion"},{"floor":16.0,"key":"Poison Potion"},{"floor":30.0,"key":"Ancient Potion"}],"is_trial":false,"path_per_floor":["M","$","M","M","?","R","M","R","T","?","E","T","R","?","R","B",null,"M","?","?","$","T","R","M","$","T","R","M","R","E","?","R","B"],"character_chosen":"DEFECT","items_purchased":["Go for the Eyes","Conserve Battery"],"campfire_rested":5,"item_purchase_floors":[2,21],"current_hp_per_floor":[64,64,63,61,61,61,59,59,59,59,43,43,62,62,62,42,59,46,46,46,46,46,64,38,38,38,57,28,47,5,5,24,0],"gold":149,"neow_bonus":"TRANSFORM_TWO_CARDS","is_prod":false,"is_daily":false,"chose_seed":false,"campfire_upgraded":3,"win_rate":0,"timestamp":1557210038,"path_taken":["M","$","M","M","?","R","M","R","T","?","E","?","R","?","R","BOSS","M","?","?","$","?","R","M","$","T","R","M","R","E","?","R","BOSS"],"build_version":"2019-01-23","purchased_purges":2,"victory":false,"max_hp_per_floor":[64,64,64,64,64,64,64,64,64,64,64,64,64,64,64,64,64,64,64,64,64,64,64,64,64,64,64,64,64,64,64,64,64],"card_choices":[{"not_picked":["Cold Snap","Chill"],"picked":"Doom and Gloom","floor":1.0},{"not_picked":["Cold Snap","Streamline"],"picked":"Conserve Battery","floor":3.0},{"not_picked":["Force Field","Barrage"],"picked":"Gash","floor":4.0},{"not_picked":["Lockon","Barrage"],"picked":"Chill","floor":7.0},{"not_picked":["Steam","Coolheaded"],"picked":"Creative AI","floor":11.0},{"not_picked":["Buffer","Biased Cognition"],"picked":"Fission","floor":16.0},{"not_picked":["Stack","Compile Driver","Sunder"],"picked":"SKIP","floor":18.0},{"not_picked":["Storm","Beam Cell"],"picked":"Melter+1","floor":24.0},{"not_picked":["Hologram+1","BootSequence"],"picked":"Ball Lightning+1","floor":28.0},{"not_picked":["Scrape","Fission"],"picked":"Fusion","floor":30.0}],"player_experience":884104,"relics_obtained":[{"floor":9.0,"key":"Lantern"},{"floor":11.0,"key":"Tiny Chest"},{"floor":12.0,"key":"Bag of Preparation"},{"floor":22.0,"key":"Gremlin Horn"},{"floor":26.0,"key":"Smiling Mask"},{"floor":30.0,"key":"The Courier"}],"event_choices":[{"damage_healed":0.0,"max_hp_gain":0.0,"max_hp_loss":0.0,"gold_gain":0.0,"event_name":"World of Goop","player_choice":"Left Gold","floor":5.0,"gold_loss":40.0,"damage_taken":0.0},{"damage_healed":0.0,"max_hp_gain":0.0,"max_hp_loss":0.0,"gold_gain":0.0,"event_name":"Golden Idol","player_choice":"Ignored","floor":10.0,"gold_loss":0.0,"damage_taken":0.0},{"cards_removed":["Strike_B"],"damage_healed":0.0,"max_hp_gain":0.0,"max_hp_loss":0.0,"gold_gain":0.0,"event_name":"Living Wall","player_choice":"Forget","floor":14.0,"gold_loss":0.0,"damage_taken":0.0},{"damage_healed":0.0,"max_hp_gain":0.0,"max_hp_loss":0.0,"gold_gain":0.0,"event_name":"Cursed Tome","player_choice":"Ignored","floor":19.0,"gold_loss":0.0,"damage_taken":0.0},{"damage_healed":0.0,"max_hp_gain":0.0,"max_hp_loss":0.0,"gold_gain":0.0,"cards_transformed":["Zap","Defend_B"],"event_name":"Drug Dealer","player_choice":"Became Test Subject","floor":20.0,"gold_loss":0.0,"damage_taken":0.0,"cards_obtained":["BootSequence","Darkness"]}],"is_beta":false,"boss_relics":[{"not_picked":["Black Star","Ectoplasm"],"picked":"Inserter"}],"items_purged_floors":[2,21],"is_endless":false,"potions_floor_spawned":[7,11,16,30],"killed_by":"Automaton","ascension_level":20}