{"gold_per_floor":[109,109,120,9,9,36,36,63,63,63,63,63,94,113,113,210,210,230,244,244,259,259,288,288,317,341,354,12,12,40,52,52,151,151,162,210,210,230,250,250,279,279,279,304,304,53,53,64,64,64],"floor_reached":50,"playtime":9046,"items_purged":["Doubt","Parasite"],"score":810,"play_id":"d742026d-2906-4a29-a0b0-be484f3b3605","local_time":"20190103154247","is_ascension_mode":true,"campfire_choices":[{"data":"Shockwave","floor":7.0,"key":"SMITH"},{"floor":11.0,"key":"REST"},{"data":"Infernal Blade","floor":15.0,"key":"SMITH"},{"data":"Hemokinesis","floor":24.0,"key":"SMITH"},{"data":"Thinking Ahead","floor":29,"key":"SMITH"},{"data":"Whirlwind","floor":32,"key":"SMITH"},{"data":"Bash","floor":40,"key":"SMITH"},{"data":"Cleave","floor":42,"key":"SMITH"},{"data":"Battle Trance","floor":47,"key":"SMITH"},{"data":"Flex","floor":49,"key":"SMITH"}],"neow_cost":"NONE","seed_source_timestamp":67315949781287,"circlet_count":0,"master_deck":["Strike_R","Strike_R","Strike_R","Defend_R","Defend_R","Defend_R+1","Bash+1","Flex+1","Headbutt+1","Whirlwind+1","Shockwave+1","Metallicize","Infernal Blade+1","Hemokinesis+1","Combust","Offering+1","Warcry+1","Sever Soul+1","Cleave+1","Cleave+1","Armaments+1","Ghostly","Ghostly+1","Ghostly","Ghostly","Ghostly","Flex+1","Thinking Ahead+1","Battle Trance+1","Double Tap+1","Shockwave+1","Impervious+1","Ghostly+1","Battle Trance+1","Flex+1","Bloodletting+1","Warcry+1","Infernal Blade+1"],"special_seed":0,"relics":["Burning Blood","NeowsBlessing","Unceasing Top","Pen Nib","Paper Frog","Calipers","Boot","Astrolabe","FaceOfCleric","Nunchaku","Magic Flower","War Paint","Toxic Egg 2","Sozu","Prayer Wheel","Red Skull","Torii","Orichalcum","Lantern"],"potions_floor_usage":[33,44,50],"damage_taken":[{"damage":0.0,"enemies":"Small Slimes","floor":1.0,"turns":1.0},{"damage":0.0,"enemies":"Cultist","floor":3.0,"turns":1.0},{"damage":0.0,"enemies":"Gremlin Nob","floor":6.0,"turns":1.0},{"damage":20.0,"enemies":"Lagavulin","floor":8.0,"turns":7.0},{"damage":11.0,"enemies":"3 Sentries","floor":13.0,"turns":4.0},{"damage":0.0,"enemies":"2 Louse","floor":14.0,"turns":1.0},{"damage":44.0,"enemies":"Hexaghost","floor":16.0,"turns":7.0},{"damage":12.0,"enemies":"Spheric Guardian","floor":18.0,"turns":3.0},{"damage":5.0,"enemies":"Chosen","floor":19.0,"turns":4.0},{"damage":8.0,"enemies":"Centurion and Healer","floor":21.0,"turns":4.0},{"damage":5.0,"enemies":"Gremlin Leader","floor":23.0,"turns":6.0},{"damage":8.0,"enemies":"Book of Stabbing","floor":25.0,"turns":6.0},{"damage":2.0,"enemies":"3 Cultists","floor":27.0,"turns":3.0},{"damage":15,"enemies":"Slavers","floor":30,"turns":5},{"damage":9,"enemies":"Snecko","floor":31,"turns":6},{"damage":8,"enemies":"Collector","floor":33,"turns":7},{"damage":3,"enemies":"3 Shapes","floor":35,"turns":2},{"damage":15,"enemies":"2 Orb Walkers","floor":36,"turns":2},{"damage":7,"enemies":"3 Darklings","floor":38,"turns":4},{"damage":12,"enemies":"Writhing Mass","floor":39,"turns":5},{"damage":10,"enemies":"Reptomancer","floor":41,"turns":4},{"damage":17,"enemies":"Giant Head","floor":44,"turns":8},{"damage":5,"enemies":"Spire Growth","floor":48,"turns":3},{"damage":50,"enemies":"Donu and Deca","floor":50,"turns":8}],"seed_played":"4916538079883238249","potions_obtained":[{"floor":2.0,"key":"Strength Potion"},{"floor":2.0,"key":"SkillPotion"},{"floor":2.0,"key":"Weak Potion"},{"floor":8.0,"key":"Energy Potion"},{"floor":16.0,"key":"FearPotion"},{"floor":18.0,"key":"SkillPotion"},{"floor":23.0,"key":"Block Potion"},{"floor":33,"key":"Energy Potion"}],"is_trial":false,"path_per_floor":["M","?","M","$","?","E","R","E","T","?","R","?","E","M","R","B",null,"M","M","?","M","?","E","R","E","T","M","$","R","E","M","R","B",null,"M","?","?","M","M","R","E","R","T","E","?","$","R","M","R","B"],"character_chosen":"IRONCLAD","items_purchased":["Whirlwind","Shockwave","Thinking Ahead","Battle Trance","Lantern"],"campfire_rested":1,"item_purchase_floors":[4,4,28,28,46],"current_hp_per_floor":[80,80,80,80,80,80,80,66,66,50,74,74,69,75,75,37,80,74,75,75,74,40,41,41,40,40,43,43,43,39,41,41,44,46,47,43,43,47,46,46,47,47,47,41,41,41,41,47,47,0],"gold":64,"neow_bonus":"THREE_ENEMY_KILL","is_prod":false,"is_daily":false,"chose_seed":false,"campfire_upgraded":9,"win_rate":0,"timestamp":1546522967,"path_taken":["M","?","M","?","?","E","R","E","T","?","R","?","E","M","R","BOSS","M","M","?","?","?","E","R","E","T","M","$","R","E","M","R","BOSS","M","?","?","?","M","R","E","R","T","E","?","$","R","M","R","BOSS"],"build_version":"2018-12-20","purchased_purges":2,"victory":false,"max_hp_per_floor":[80,80,80,80,80,80,80,80,80,80,80,80,80,80,80,80,80,80,80,80,81,40,41,41,42,42,43,43,43,44,45,45,46,46,47,48,48,49,50,50,51,51,51,52,52,49,49,50,50,50],"card_choices":[{"not_picked":["True Grit","Shrug It Off"],"picked":"Flex","floor":1.0},{"not_picked":["Anger","Second Wind"],"picked":"Headbutt","floor":3.0},{"not_picked":["Impervious","Second Wind"],"picked":"Metallicize","floor":6.0},{"not_picked":["Burning Pact","Uppercut"],"picked":"Infernal Blade","floor":8.0},{"not_picked":["Berserk","Warcry"],"picked":"Hemokinesis","floor":13.0},{"not_picked":["Sever Soul","Perfected Strike"],"picked":"Combust","floor":14.0},{"not_picked":["Dark Embrace","Feed"],"picked":"Offering","floor":16.0},{"not_picked":["Clash","Carnage"],"picked":"Cleave","floor":18.0},{"not_picked":["Blood for Blood","Headbutt+1"],"picked":"Cleave+1","floor":19.0},{"not_picked":["Uppercut","Seeing Red+1"],"picked":"Armaments+1","floor":21.0},{"not_picked":["Pummel+1","Clothesline"],"picked":"Flex+1","floor":23.0},{"not_picked":["Thunderclap","Ghostly Armor","Intimidate"],"picked":"SKIP","floor":25.0},{"not_picked":["Clothesline+1","Heavy Blade","Cleave"],"picked":"SKIP","floor":27.0},{"not_picked":["Body Slam+1","Second Wind"],"picked":"Double Tap","floor":30},{"not_picked":["Twin Strike","Clash"],"picked":"Shockwave+1","floor":31},{"not_picked":["Offering+1","Bludgeon"],"picked":"Impervious+1","floor":33},{"not_picked":["Twin Strike+1","Cleave","Reckless Charge"],"picked":"SKIP","floor":35},{"not_picked":["Clash+1","Intimidate+1"],"picked":"Battle Trance+1","floor":38},{"not_picked":["Twin Strike+1","Shockwave+1","Perfected Strike+1"],"picked":"SKIP","floor":38},{"not_picked":["Metallicize","Pommel Strike"],"picked":"Flex+1","floor":39},{"not_picked":["Bloodletting+1","Rage+1","True Grit+1"],"picked":"SKIP","floor":39},{"not_picked":["Rage+1","True Grit+1"],"picked":"Bloodletting+1","floor":39},{"not_picked":["Sword Boomerang+1","Fire Breathing"],"picked":"Warcry+1","floor":41},{"not_picked":["Twin Strike","Anger","Juggernaut"],"picked":"SKIP","floor":44},{"not_picked":["Flex+1","Dropkick"],"picked":"Infernal Blade+1","floor":48},{"not_picked":["Armaments+1","Disarm+1","Bloodletting+1"],"picked":"SKIP","floor":48}],"player_experience":35278,"relics_obtained":[{"floor":6.0,"key":"Pen Nib"},{"floor":8.0,"key":"Paper Frog"},{"floor":9.0,"key":"Calipers"},{"floor":13.0,"key":"Boot"},{"floor":23.0,"key":"Nunchaku"},{"floor":25.0,"key":"Magic Flower"},{"floor":26.0,"key":"War Paint"},{"floor":30,"key":"Toxic Egg 2"},{"floor":36,"key":"Prayer Wheel"},{"floor":41,"key":"Red Skull"},{"floor":43,"key":"Torii"},{"floor":44,"key":"Orichalcum"}],"event_choices":[{"damage_healed":0.0,"max_hp_gain":0.0,"max_hp_loss":0.0,"gold_gain":0.0,"event_name":"Lab","player_choice":"Got Potions","floor":2.0,"gold_loss":0.0,"damage_taken":0.0},{"damage_healed":0.0,"max_hp_gain":0.0,"max_hp_loss":0.0,"gold_gain":0.0,"event_name":"Big Fish","player_choice":"Box","floor":5.0,"gold_loss":0.0,"damage_taken":0.0,"relics_obtained":["Unceasing Top"],"cards_obtained":["Regret"]},{"damage_healed":0.0,"max_hp_gain":0.0,"max_hp_loss":0.0,"gold_gain":0.0,"event_name":"Shining Light","player_choice":"Entered Light","floor":10.0,"gold_loss":0.0,"damage_taken":16.0,"cards_upgraded":["Defend_R","Headbutt"]},{"damage_healed":0.0,"max_hp_gain":0.0,"max_hp_loss":0.0,"gold_gain":0.0,"event_name":"Liars Game","player_choice":"Ignored","floor":12.0,"gold_loss":0.0,"damage_taken":0.0},{"damage_healed":0.0,"max_hp_gain":0.0,"max_hp_loss":0.0,"gold_gain":0.0,"event_name":"FaceTrader","player_choice":"Trade","floor":20.0,"gold_loss":0.0,"damage_taken":0.0,"relics_obtained":["FaceOfCleric"]},{"damage_healed":0.0,"max_hp_gain":0.0,"max_hp_loss":41.0,"gold_gain":0.0,"event_name":"Ghosts","player_choice":"Became a Ghost","floor":22.0,"gold_loss":0.0,"damage_taken":0.0,"cards_obtained":["Ghostly","Ghostly","Ghostly","Ghostly","Ghostly"]},{"damage_healed":0,"gold_gain":0,"player_choice":"Fight","damage_taken":0,"max_hp_gain":0,"max_hp_loss":0,"event_name":"Mysterious Sphere","floor":36,"gold_loss":0},{"damage_healed":0,"gold_gain":0,"player_choice":"Copied","damage_taken":0,"max_hp_gain":0,"max_hp_loss":0,"event_name":"Duplicator","floor":37,"gold_loss":0,"cards_obtained":["Ghostly"]},{"cards_removed":["Strike_R"],"damage_healed":0,"gold_gain":0,"player_choice":"Removed Attack","damage_taken":0,"max_hp_gain":0,"max_hp_loss":0,"event_name":"Falling","floor":45,"gold_loss":0}],"is_beta":false,"boss_relics":[{"not_picked":["Fusion Hammer","Eternal Feather"],"picked":"Astrolabe"},{"not_picked":["Tiny House","Runic Pyramid"],"picked":"Sozu"}],"items_purged_floors":[28,46],"is_endless":false,"potions_floor_spawned":[6,8,16,18,23,33,36,38,41,44],"killed_by":"Donu and Deca","ascension_level":1}