{"gold_per_floor":[113,213,66,79,89,112,112,130,183,9,20,20,40,91,91,186,186,196,211,6,6],"floor_reached":21,"playtime":754,"items_purged":["Strike_B","Defend_B","Defend_B"],"score":171,"play_id":"e0d238a6-c73a-4955-b00a-862fd3a9c7c5","local_time":"20190519011305","is_ascension_mode":false,"campfire_choices":[{"data":"Creative AI","floor":7,"key":"SMITH"},{"floor":12,"key":"REST"},{"floor":15,"key":"REST"}],"neow_cost":"TEN_PERCENT_HP_LOSS","seed_source_timestamp":196281986930869,"circlet_count":0,"master_deck":["Strike_B+1","Strike_B+1","Defend_B","Zap","Dualcast","Creative AI+1","Auto Shields","Fusion","Static Discharge","Redo","Redo","Storm","Fusion","Heatsinks","Creative AI","Capacitor"],"relics":["Cracked Core","Vajra","Happy Flower","Whetstone","Empty Cage"],"potions_floor_usage":[13,13],"damage_taken":[{"damage":1,"enemies":"Jaw Worm","floor":1,"turns":3},{"damage":12,"enemies":"Cultist","floor":4,"turns":5},{"damage":0,"enemies":"2 Louse","floor":5,"turns":3},{"damage":21,"enemies":"Large Slime","floor":8,"turns":6},{"damage":20,"enemies":"Lots of Slimes","floor":11,"turns":4},{"damage":27,"enemies":"3 Louse","floor":13,"turns":3},{"damage":35,"enemies":"Slime Boss","floor":16,"turns":8},{"damage":15,"enemies":"Chosen","floor":18,"turns":5},{"damage":40,"enemies":"2 Thieves","floor":19,"turns":4},{"damage":20,"enemies":"Centurion and Healer","floor":21,"turns":2}],"seed_played":"2231468587808707834","potions_obtained":[{"floor":1,"key":"Regen Potion"},{"floor":4,"key":"Poison Potion"},{"floor":11,"key":"FocusPotion"}],"is_trial":false,"path_per_floor":["M","?","$","M","M","T","R","M","T","$","M","R","M","T","R","B",null,"M","M","$","M"],"character_chosen":"DEFECT","items_purchased":["Fusion","Storm","Capacitor"],"campfire_rested":2,"item_purchase_floors":[3,10,20],"current_hp_per_floor":[67,67,67,55,55,55,55,34,34,34,14,34,16,16,36,1,68,53,13,13,0],"gold":6,"neow_bonus":"THREE_RARE_CARDS","is_prod":false,"is_daily":false,"chose_seed":false,"campfire_upgraded":1,"win_rate":0.0,"timestamp":1558242785,"path_taken":["M","?","$","?","M","?","R","M","T","$","M","R","M","?","R","BOSS","M","M","$","M"],"build_version":"2019-01-23","purchased_purges":3,"victory":false,"max_hp_per_floor":[68,68,68,68,68,68,68,68,68,68,68,68,68,68,68,68,68,68,68,68,68],"card_choices":[{"not_picked":["Machine Learning","Echo Form"],"picked":"Creative AI","floor":0},{"not_picked":["Blizzard","Aggregate"],"picked":"Auto Shields","floor":1},{"not_picked":["Cold Snap","Skim"],"picked":"Static Discharge","floor":4},{"not_picked":["Barrage","Steam Power"],"picked":"Redo","floor":5},{"not_picked":["Ball Lightning","Go for the Eyes"],"picked":"Redo","floor":8},{"not_picked":["Blizzard","Compile Driver"],"picked":"Fusion","floor":11},{"not_picked":["Gash","Chaos"],"picked":"Heatsinks","floor":13},{"not_picked":["Rainbow","Multi-Cast"],"picked":"Creative AI","floor":16},{"not_picked":["Sweeping Beam+1","Rebound","Gash"],"picked":"SKIP","floor":18},{"not_picked":["Cold Snap+1","Compile Driver+1","Steam"],"picked":"SKIP","floor":19}],"player_experience":249224,"relics_obtained":[{"floor":6,"key":"Vajra"},{"floor":9,"key":"Happy Flower"},{"floor":14,"key":"Whetstone"}],"event_choices":[{"damage_healed":0,"gold_gain":100,"player_choice":"Pray","damage_taken":0,"max_hp_gain":0,"max_hp_loss":0,"event_name":"Golden Shrine","floor":2,"gold_loss":0}],"is_beta":false,"boss_relics":[{"not_picked":["Inserter","Lizard Tail"],"picked":"Empty Cage"}],"items_purged_floors":[3,10,20],"is_endless":false,"potions_floor_spawned":[1,4,11],"killed_by":"Centurion and Healer","ascension_level":0}