{"gold_per_floor":[118,135,155,174,188,222,102,131,131,131,142,42,54,117,117,218,218,228,248,74,87,87,87,7,7,7,7],"floor_reached":27,"playtime":1126,"items_purged":["Defend_R","Defend_R"],"score":225,"play_id":"64b05552-ef54-4810-94b7-aa3ad9b2fc11","local_time":"20181020015437","is_ascension_mode":false,"campfire_choices":[{"floor":10,"key":"REST"},{"data":"Heavy Blade","floor":15,"key":"SMITH"},{"floor":23,"key":"REST"},{"data":"Heavy Blade","floor":25,"key":"SMITH"}],"neow_cost":"NONE","seed_source_timestamp":278733033134042,"circlet_count":0,"master_deck":["Strike_R","Strike_R","Strike_R","Strike_R","Strike_R","Defend_R","Defend_R","Bash","Thunderclap","Cleave","Seeing Red","Reaper","Headbutt","Flex","Heavy Blade+1","Pummel","Heavy Blade+1","Spot Weakness","Rage","Headbutt","Flash of Steel","Pummel","Inflame"],"relics":["Burning Blood","Pantograph","Ancient Tea Set","Orrery","Nloth\u0027s Gift","Pear"],"potions_floor_usage":[6,6,16,21,21,27,27],"damage_taken":[{"damage":6,"enemies":"Cultist","floor":1,"turns":3},{"damage":7,"enemies":"2 Louse","floor":2,"turns":3},{"damage":0,"enemies":"Small Slimes","floor":3,"turns":2},{"damage":13,"enemies":"Red Slaver","floor":4,"turns":3},{"damage":12,"enemies":"Blue Slaver","floor":5,"turns":2},{"damage":36,"enemies":"Lagavulin","floor":6,"turns":5},{"damage":28,"enemies":"Gremlin Nob","floor":8,"turns":4},{"damage":5,"enemies":"Looter","floor":11,"turns":2},{"damage":16,"enemies":"Red Slaver","floor":13,"turns":3},{"damage":52,"enemies":"Slime Boss","floor":16,"turns":12},{"damage":25,"enemies":"Shell Parasite","floor":18,"turns":4},{"damage":10,"enemies":"Spheric Guardian","floor":19,"turns":3},{"damage":63,"enemies":"Centurion and Healer","floor":21,"turns":5},{"damage":28,"enemies":"Colosseum Slavers","floor":27,"turns":3},{"damage":50,"enemies":"Colosseum Nobs","floor":27,"turns":3}],"seed_played":"-491426367303871152","potions_obtained":[{"floor":1,"key":"PowerPotion"},{"floor":2,"key":"Strength Potion"},{"floor":3,"key":"Strength Potion"},{"floor":5,"key":"Regen Potion"},{"floor":8,"key":"Block Potion"},{"floor":13,"key":"LiquidBronze"},{"floor":18,"key":"Fire Potion"},{"floor":21,"key":"Poison Potion"}],"is_trial":false,"path_per_floor":["M","M","M","M","M","E","$","E","T","R","M","$","M","?","R","B",null,"M","M","$","M","?","R","$","R","T"],"character_chosen":"IRONCLAD","items_purchased":["Headbutt","Flash of Steel","Pummel","Inflame"],"campfire_rested":2,"item_purchase_floors":[7,20,20,24],"current_hp_per_floor":[80,79,80,73,67,43,43,27,27,51,52,52,46,46,46,31,80,61,57,57,21,21,45,45,45,55,0],"gold":7,"neow_bonus":"THREE_CARDS","is_prod":false,"is_daily":false,"chose_seed":false,"campfire_upgraded":2,"win_rate":0,"timestamp":1540014877,"path_taken":["M","?","M","M","M","E","$","E","T","R","M","$","?","?","R","BOSS","M","M","$","M","?","R","$","R","T","?"],"build_version":"2018-10-18","purchased_purges":2,"victory":false,"max_hp_per_floor":[80,80,80,80,80,80,80,80,80,80,80,80,80,80,80,80,80,80,80,80,80,80,80,80,80,90,90],"card_choices":[{"not_picked":["Clash","Rupture"],"picked":"Thunderclap","floor":0},{"not_picked":["Burning Pact","Infernal Blade"],"picked":"Cleave","floor":1},{"not_picked":["Thunderclap","Clothesline","Clash"],"picked":"SKIP","floor":2},{"not_picked":["Entrench","Clothesline"],"picked":"Seeing Red","floor":3},{"not_picked":["Corruption","Thunderclap","Havoc"],"picked":"SKIP","floor":4},{"not_picked":["Hemokinesis","True Grit"],"picked":"Reaper","floor":5},{"not_picked":["Impervious","Sever Soul","Clash"],"picked":"SKIP","floor":6},{"not_picked":["Iron Wave","Flame Barrier"],"picked":"Flex","floor":8},{"not_picked":["Havoc","Cleave"],"picked":"Heavy Blade","floor":11},{"not_picked":["Iron Wave","Corruption"],"picked":"Pummel","floor":13},{"not_picked":["Seeing Red","Searing Blow"],"picked":"Heavy Blade","floor":17},{"not_picked":["Headbutt","Dual Wield"],"picked":"Spot Weakness","floor":17},{"not_picked":["Rupture","Shrug It Off"],"picked":"Rage","floor":17},{"not_picked":["Wild Strike+1","Second Wind","Reaper"],"picked":"SKIP","floor":18},{"not_picked":["Cleave+1","Ghostly Armor"],"picked":"Headbutt","floor":19},{"not_picked":["Havoc","Searing Blow","Armaments"],"picked":"SKIP","floor":21}],"player_experience":98864,"relics_obtained":[{"floor":6,"key":"Pantograph"},{"floor":8,"key":"Art of War"},{"floor":9,"key":"Ancient Tea Set"},{"floor":26,"key":"Pear"}],"event_choices":[{"damage_healed":0,"gold_gain":63,"player_choice":"Gained Gold","damage_taken":0,"max_hp_gain":0,"max_hp_loss":0,"event_name":"Golden Wing","floor":14,"gold_loss":0},{"damage_healed":0,"gold_gain":0,"player_choice":"Traded Relic","damage_taken":0,"relics_obtained":["Nloth\u0027s Gift"],"max_hp_gain":0,"max_hp_loss":0,"event_name":"N\u0027loth","floor":22,"relics_lost":["Art of War"],"gold_loss":0},{"damage_healed":0,"gold_gain":0,"player_choice":"Fight","damage_taken":0,"max_hp_gain":0,"max_hp_loss":0,"event_name":"Colosseum","floor":27,"gold_loss":0},{"damage_healed":0,"gold_gain":0,"player_choice":"Fought Nobs","damage_taken":0,"max_hp_gain":0,"max_hp_loss":0,"event_name":"Colosseum","floor":27,"gold_loss":0}],"is_beta":false,"boss_relics":[{"not_picked":["Coffee Dripper","Eternal Feather"],"picked":"Orrery"}],"items_purged_floors":[7,12],"is_endless":false,"potions_floor_spawned":[1,2,3,5,8,13,18,21],"killed_by":"Colosseum Nobs","ascension_level":0}