{"gold_per_floor":[119,131,206,224,224,253,213,548,548,330,330,106,118,152,152,250,250,269,99,112,37,53,53,78,78,102,129,129,160,160,179,179,277,277,292,292,167,179,230,257,257,257,303,303,318,92,92,105,105,105],"floor_reached":51,"playtime":7688,"items_purged":["Strike_R","Strike_R","Strike_R","Defend_R"],"score":829,"play_id":"fcdad55f-a69c-47a6-bd95-24c61f39f4ea","local_time":"20180703234857","is_ascension_mode":false,"campfire_choices":[{"floor":11,"key":"REST"},{"data":"Evolve","floor":15,"key":"SMITH"},{"data":"Infernal Blade","floor":23,"key":"SMITH"},{"data":"Metallicize","floor":28,"key":"SMITH"},{"data":"Armaments","floor":30,"key":"SMITH"},{"data":"Double Tap","floor":32,"key":"SMITH"},{"floor":42,"key":"REST"},{"data":"Intimidate","floor":49,"key":"SMITH"}],"neow_cost":"NONE","seed_source_timestamp":1726425021157233,"circlet_count":0,"master_deck":["Defend_R","Defend_R","Defend_R","Bash","Anger","Battle Trance","Cleave","Double Tap+1","Evolve+1","Anger","Wild Strike","Headbutt","Carnage","Power Through","Reckless Charge","Wild Strike","Armaments+1","Intimidate+1","Infernal Blade+1","Wild Strike","Fire Breathing+1","Spot Weakness","Wild Strike","Shrug It Off+1","Metallicize+1","Power Through","Anger+1","Armaments+1","Shrug It Off+1","Armaments+1"],"relics":["Black Star","Ginger","Thread and Needle","Incense Burner","Old Coin","Prayer Wheel","Lee\u0027s Waffle","Letter Opener","Meat on the Bone","Orrery","Orichalcum","Omamori","Dream Catcher","Red Mask","Ice Cream","Gambling Chip","Busted Crown","Girya","Matryoshka","Bottled Lightning","Bag of Marbles","Ancient Tea Set","Mango"],"potions_floor_usage":[6,8,8,14,22,24,33,38,50,50,50],"damage_taken":[{"damage":7,"enemies":"Cultist","floor":1,"turns":5},{"damage":9,"enemies":"2 Louse","floor":2,"turns":4},{"damage":1,"enemies":"Jaw Worm","floor":4,"turns":3},{"damage":6,"enemies":"Gremlin Nob","floor":6,"turns":3},{"damage":27,"enemies":"Lagavulin","floor":8,"turns":4},{"damage":0,"enemies":"Blue Slaver","floor":13,"turns":3},{"damage":0,"enemies":"3 Sentries","floor":14,"turns":4},{"damage":52,"enemies":"Hexaghost","floor":16,"turns":11},{"damage":1,"enemies":"3 Byrds","floor":18,"turns":5},{"damage":0,"enemies":"Chosen","floor":20,"turns":5},{"damage":0,"enemies":"Slaver and Parasite","floor":22,"turns":8},{"damage":26,"enemies":"Gremlin Leader","floor":24,"turns":7},{"damage":0,"floor":27,"turns":5},{"damage":6,"enemies":"Slavers","floor":29,"turns":6},{"damage":6,"enemies":"Snake Plant","floor":31,"turns":4},{"damage":28,"enemies":"Automaton","floor":33,"turns":11},{"damage":0,"enemies":"Orb Walker","floor":35,"turns":3},{"damage":7,"enemies":"3 Darklings","floor":38,"turns":4},{"damage":11,"floor":39,"turns":6},{"damage":31,"enemies":"Giant Head","floor":40,"turns":8},{"damage":0,"floor":44,"turns":5},{"damage":4,"enemies":"4 Shapes","floor":45,"turns":8},{"damage":0,"enemies":"Sphere and 2 Shapes","floor":48,"turns":3},{"damage":86,"enemies":"Awakened One","floor":50,"turns":10}],"seed_played":"-1131773870302366080","potions_obtained":[{"floor":4,"key":"Explosive Potion"},{"floor":7,"key":"SneckoOil"},{"floor":7,"key":"Fire Potion"},{"floor":7,"key":"PowerPotion"},{"floor":13,"key":"Ancient Potion"},{"floor":16,"key":"EssenceOfSteel"},{"floor":18,"key":"GamblersBrew"},{"floor":22,"key":"Block Potion"},{"floor":29,"key":"Ancient Potion"},{"floor":35,"key":"Swift Potion"},{"floor":44,"key":"EssenceOfSteel"},{"floor":45,"key":"SpeedPotion"},{"floor":47,"key":"Fruit Juice"},{"floor":47,"key":"PowerPotion"}],"is_trial":false,"path_per_floor":["M","M","?","M","?","E","?","E","T","$","R","$","M","E","R","B",null,"M","$","M","?","M","R","E","?","T","?","R","E","R","M","R","B",null,"M","?","$","M","?","E","?","R","T","?","M","$","?","M","R","B"],"character_chosen":"IRONCLAD","items_purchased":["Anger","Fruit Juice","Lee\u0027s Waffle","Wild Strike","Spot Weakness","GamblersBrew"],"campfire_rested":2,"item_purchase_floors":[10,10,12,12,19,46],"current_hp_per_floor":[73,64,53,52,52,46,46,19,19,19,43,87,87,92,92,52,92,91,91,91,91,91,91,65,92,92,92,92,86,86,80,80,52,92,92,92,92,85,81,61,61,88,88,102,98,98,98,98,98,29],"gold":105,"neow_bonus":"BOSS_RELIC","is_prod":false,"is_daily":false,"chose_seed":false,"campfire_upgraded":6,"win_rate":0.0,"timestamp":1530676137,"path_taken":["M","?","?","M","?","E","?","E","T","$","R","$","M","E","R","BOSS","M","$","M","?","M","R","E","?","T","?","R","E","R","M","R","BOSS","M","?","$","?","?","E","?","R","T","?","?","?","?","M","R","BOSS"],"build_version":"2018-06-28","purchased_purges":4,"victory":true,"max_hp_per_floor":[80,80,80,80,80,80,80,80,80,80,80,87,87,92,92,92,92,92,92,92,92,92,92,92,92,92,92,92,92,92,92,92,92,92,92,92,92,92,92,92,92,92,92,106,106,106,106,106,106,111],"card_choices":[{"not_picked":["Power Through","Entrench"],"picked":"Anger","floor":1},{"not_picked":["Clash","Warcry"],"picked":"Battle Trance","floor":2},{"not_picked":["Headbutt","Dual Wield"],"picked":"Cleave","floor":4},{"not_picked":["Searing Blow","Sword Boomerang"],"picked":"Double Tap","floor":6},{"not_picked":["Clothesline","Sever Soul"],"picked":"Evolve","floor":8},{"not_picked":["Clash","Pommel Strike"],"picked":"Headbutt","floor":13},{"not_picked":["True Grit","Armaments"],"picked":"Carnage","floor":13},{"not_picked":["Body Slam","Clash"],"picked":"Power Through","floor":14},{"not_picked":["Wild Strike","Iron Wave"],"picked":"Reckless Charge","floor":17},{"not_picked":["Corruption","Cleave"],"picked":"Wild Strike","floor":17},{"not_picked":["Clash","True Grit"],"picked":"Armaments","floor":17},{"not_picked":["Twin Strike","Burning Pact"],"picked":"Intimidate","floor":17},{"not_picked":["Sword Boomerang","Rupture"],"picked":"Infernal Blade","floor":17},{"not_picked":["Perfected Strike","Iron Wave"],"picked":"Wild Strike","floor":18},{"not_picked":["Intimidate","Sword Boomerang+1"],"picked":"Fire Breathing+1","floor":18},{"not_picked":["Cleave","Body Slam"],"picked":"Wild Strike","floor":20},{"not_picked":["Flex","Ghostly Armor"],"picked":"Shrug It Off+1","floor":20},{"not_picked":["Impervious","Cleave"],"picked":"Metallicize","floor":22},{"not_picked":["Shrug It Off","Iron Wave","Feel No Pain"],"picked":"SKIP","floor":22},{"not_picked":["Corruption+1","Feel No Pain","Clothesline"],"picked":"SKIP","floor":24},{"not_picked":["Twin Strike","Clash+1","Corruption"],"picked":"SKIP","floor":29},{"not_picked":["Perfected Strike","Pommel Strike"],"picked":"Power Through","floor":31},{"not_picked":["Disarm","Warcry","Feed"],"picked":"SKIP","floor":31},{"not_picked":["Barricade","Feed"],"picked":"Reaper","floor":33},{"not_picked":[],"picked":"Anger+1","floor":35},{"not_picked":["Pummel+1"],"picked":"SKIP","floor":35},{"not_picked":[],"picked":"Armaments+1","floor":38},{"not_picked":["Heavy Blade"],"picked":"SKIP","floor":38},{"not_picked":["True Grit"],"picked":"SKIP","floor":40},{"not_picked":[],"picked":"Shrug It Off+1","floor":45},{"not_picked":["Infernal Blade"],"picked":"SKIP","floor":45},{"not_picked":[],"picked":"Armaments+1","floor":48},{"not_picked":["Infernal Blade"],"picked":"SKIP","floor":48}],"player_experience":39326,"relics_obtained":[{"floor":6,"key":"Ginger"},{"floor":6,"key":"Thread and Needle"},{"floor":8,"key":"Incense Burner"},{"floor":8,"key":"Old Coin"},{"floor":9,"key":"Prayer Wheel"},{"floor":14,"key":"Letter Opener"},{"floor":14,"key":"Meat on the Bone"},{"floor":24,"key":"Orichalcum"},{"floor":24,"key":"Omamori"},{"floor":26,"key":"Dream Catcher"},{"floor":27,"key":"Red Mask"},{"floor":29,"key":"Ice Cream"},{"floor":29,"key":"Gambling Chip"},{"floor":39,"key":"Girya"},{"floor":40,"key":"Matryoshka"},{"floor":40,"key":"Bottled Lightning"},{"floor":43,"key":"Bag of Marbles"},{"floor":43,"key":"Ancient Tea Set"},{"floor":44,"key":"Mango"}],"event_choices":[{"event_name":"World of Goop","player_choice":"Gather Gold","floor":3,"damage_taken":0},{"event_name":"Purifier","player_choice":"One Purge","floor":5,"damage_taken":0},{"event_name":"The Woman in Blue","player_choice":"Bought 3 Potions","floor":7,"damage_taken":0},{"event_name":"Beggar","player_choice":"Gave Gold","floor":21,"damage_taken":0},{"event_name":"The Library","player_choice":"Heal","floor":25,"damage_taken":0},{"event_name":"Masked Bandits","player_choice":"Fought over 102 gold","floor":27,"damage_taken":0},{"event_name":"SecretPortal","player_choice":"Rejected Portal.","floor":36,"damage_taken":0},{"event_name":"Mysterious Sphere","player_choice":"Fight","floor":39,"damage_taken":0},{"event_name":"Falling","player_choice":"Removed Attack","floor":41,"damage_taken":0},{"event_name":"MindBloom","player_choice":"Fight","floor":44,"damage_taken":0},{"event_name":"The Lab","player_choice":"Got Potions","floor":47,"damage_taken":0}],"boss_relics":[{"not_picked":["Fusion Hammer","Eternal Feather"],"picked":"Orrery"},{"not_picked":["Astrolabe","Velvet Choker"],"picked":"Busted Crown"}],"items_purged_floors":[10,19,37,46],"is_endless":false,"potions_floor_spawned":[4,13,16,18,22,29,35,44,45],"ascension_level":0}