{"gold_per_floor":[116,41,53,53,66,66,83,101,147,169,169,185,185,213,213,213],"floor_reached":16,"playtime":1124,"items_purged":[],"score":189,"play_id":"6c558149-7821-4dc6-8f09-5c907c966602","local_time":"20190208135305","is_ascension_mode":true,"campfire_choices":[{"floor":6.0,"key":"REST"},{"floor":11.0,"key":"REST"},{"data":"Uppercut","floor":13,"key":"SMITH"},{"floor":15,"key":"REST"}],"neow_cost":"NONE","seed_source_timestamp":136758970518194,"circlet_count":0,"master_deck":["AscendersBane","Strike_R","Strike_R","Strike_R","Strike_R","Defend_R","Defend_R","Defend_R","Bash","Dropkick","Shockwave+1","Shrug It Off","Pommel Strike","Uppercut+1","Shrug It Off"],"special_seed":0,"relics":["Empty Cage","Regal Pillow","Odd Mushroom","Frozen Egg 2"],"potions_floor_usage":[16,16],"damage_taken":[{"damage":7.0,"enemies":"Cultist","floor":1.0,"turns":4.0},{"damage":6.0,"enemies":"Small Slimes","floor":3.0,"turns":3.0},{"damage":8.0,"enemies":"Jaw Worm","floor":5.0,"turns":5.0},{"damage":7.0,"enemies":"Exordium Wildlife","floor":7.0,"turns":5.0},{"damage":13.0,"enemies":"3 Louse","floor":8.0,"turns":4.0},{"damage":8.0,"enemies":"The Mushroom Lair","floor":10.0,"turns":4.0},{"damage":5,"enemies":"Blue Slaver","floor":12,"turns":3},{"damage":21,"enemies":"Gremlin Nob","floor":14,"turns":4},{"damage":77,"enemies":"Hexaghost","floor":16,"turns":14}],"seed_played":"-5999933006489610255","potions_obtained":[{"floor":3.0,"key":"Regen Potion"},{"floor":5.0,"key":"FearPotion"},{"floor":7.0,"key":"EssenceOfSteel"},{"floor":10.0,"key":"Ancient Potion"},{"floor":14,"key":"EssenceOfSteel"}],"is_trial":false,"path_per_floor":["M","$","M","?","M","R","M","M","T","?","R","M","R","E","R","B"],"character_chosen":"IRONCLAD","items_purchased":["Dropkick"],"campfire_rested":3,"item_purchase_floors":[2],"current_hp_per_floor":[61,61,55,55,59,75,68,55,55,47,75,70,70,49,75,0],"gold":213,"neow_bonus":"BOSS_RELIC","is_prod":false,"is_daily":false,"chose_seed":false,"campfire_upgraded":1,"win_rate":0,"timestamp":1549626785,"path_taken":["M","$","M","?","?","R","M","M","T","?","R","M","R","E","R","BOSS"],"build_version":"2019-01-23","purchased_purges":0,"victory":false,"max_hp_per_floor":[75,75,75,75,75,75,75,75,75,75,75,75,75,75,75,75],"card_choices":[{"not_picked":["Body Slam","Carnage","Perfected Strike"],"picked":"SKIP","floor":1.0},{"not_picked":["Shrug It Off","Twin Strike"],"picked":"Shockwave","floor":3.0},{"not_picked":["Wild Strike","Iron Wave"],"picked":"Shrug It Off","floor":5.0},{"not_picked":["Evolve","Flex"],"picked":"Pommel Strike","floor":7.0},{"not_picked":["Headbutt","Immolate","Sword Boomerang"],"picked":"SKIP","floor":8.0},{"not_picked":["Evolve","Blood for Blood"],"picked":"Uppercut","floor":12},{"not_picked":["Pommel Strike","Shockwave"],"picked":"Shrug It Off","floor":14}],"player_experience":568132,"relics_obtained":[{"floor":9.0,"key":"Regal Pillow"},{"floor":10.0,"key":"Odd Mushroom"},{"floor":14,"key":"Frozen Egg 2"}],"event_choices":[{"damage_healed":0.0,"max_hp_gain":0.0,"max_hp_loss":0.0,"gold_gain":0.0,"event_name":"Upgrade Shrine","player_choice":"Upgraded","floor":4.0,"gold_loss":0.0,"damage_taken":0.0,"cards_upgraded":["Shockwave"]},{"damage_healed":0.0,"max_hp_gain":0.0,"max_hp_loss":0.0,"gold_gain":0.0,"event_name":"Mushrooms","player_choice":"Fought Mushrooms","floor":10.0,"gold_loss":0.0,"damage_taken":0.0}],"is_beta":false,"boss_relics":[],"items_purged_floors":[],"is_endless":false,"potions_floor_spawned":[3,5,7,10,14],"killed_by":"Hexaghost","ascension_level":17}