{"gold_per_floor":[109,109,109,124,140,140,171,186,233,258,258,134,153,167,167,292,330,346,271,285,285,235,235,81,81,81,81,54,68,111,127,127,127],"floor_reached":33,"playtime":3068,"items_purged":["Defend_R","Strike_R"],"score":292,"play_id":"495344be-73ba-4338-8a0d-7c451609f69d","local_time":"20180702235741","is_ascension_mode":false,"campfire_choices":[{"data":"Iron Wave","floor":6,"key":"SMITH"},{"data":"Iron Wave","floor":15,"key":"SMITH"},{"data":"Feed","floor":23,"key":"SMITH"},{"data":"Anger","floor":25,"key":"SMITH"},{"data":"Hemokinesis","floor":27,"key":"SMITH"},{"floor":32,"key":"REST"}],"neow_cost":"NONE","seed_source_timestamp":1645199366087279,"circlet_count":0,"master_deck":["Strike_R","Strike_R","Strike_R","Bash","Hemokinesis+1","Flame Barrier","Power Through","Iron Wave+1","Carnage","Rampage","Dual Wield","Iron Wave+1","Thunderclap+1","Juggernaut","Feed+1","Flame Barrier","Rage","Combust","Anger+1","Cleave","Body Slam+1","Twin Strike+1","Power Through"],"relics":["Burning Blood","Golden Idol","Kunai","Vajra","Tiny House","Meat on the Bone","Bag of Preparation"],"potions_floor_usage":[16,16,16,30,30,33],"damage_taken":[{"damage":6,"enemies":"Jaw Worm","floor":1,"turns":3},{"damage":3,"enemies":"Cultist","floor":4,"turns":3},{"damage":3,"enemies":"Small Slimes","floor":5,"turns":4},{"damage":16,"enemies":"Gremlin Nob","floor":7,"turns":4},{"damage":9,"enemies":"Exordium Thugs","floor":8,"turns":5},{"damage":3,"enemies":"Looter","floor":10,"turns":2},{"damage":3,"enemies":"Red Slaver","floor":13,"turns":2},{"damage":0,"enemies":"Large Slime","floor":14,"turns":4},{"damage":69,"enemies":"The Guardian","floor":16,"turns":11},{"damage":29,"enemies":"2 Thieves","floor":18,"turns":5},{"damage":15,"enemies":"Shell Parasite","floor":20,"turns":6},{"damage":21,"enemies":"Centurion and Healer","floor":29,"turns":6},{"damage":32,"enemies":"Slavers","floor":30,"turns":6},{"damage":4,"enemies":"Snake Plant","floor":31,"turns":3},{"damage":97,"enemies":"Automaton","floor":33,"turns":10}],"seed_played":"-5824522974912110180","potions_obtained":[{"floor":5,"key":"SkillPotion"},{"floor":8,"key":"Dexterity Potion"},{"floor":11,"key":"Fruit Juice"},{"floor":16,"key":"Weak Potion"},{"floor":17,"key":"SneckoOil"},{"floor":18,"key":"Dexterity Potion"},{"floor":20,"key":"Fire Potion"}],"is_trial":false,"path_per_floor":["M","?","?","M","M","R","E","M","T","M","?","$","M","M","R","B",null,"M","?","M","?","?","R","$","R","T","R","$","M","E","M","R"],"character_chosen":"IRONCLAD","items_purchased":["Iron Wave","Anger","Cleave"],"campfire_rested":1,"item_purchase_floors":[12,24,28],"current_hp_per_floor":[80,80,60,63,66,66,56,53,53,56,56,56,59,65,65,7,90,70,70,61,61,61,61,61,61,61,61,61,58,48,62,91,0],"gold":127,"neow_bonus":"REMOVE_CARD","is_prod":false,"is_daily":false,"chose_seed":false,"campfire_upgraded":5,"win_rate":0.0,"timestamp":1530590261,"path_taken":["M","?","?","M","M","R","E","M","T","M","?","$","M","?","R","BOSS","M","?","M","?","?","R","$","R","T","R","?","?","E","?","R","BOSS"],"build_version":"2018-06-28","purchased_purges":2,"victory":false,"max_hp_per_floor":[80,80,80,80,80,80,80,80,80,80,80,80,80,80,80,85,90,93,93,93,93,93,93,93,93,93,93,93,93,97,97,97,97],"card_choices":[{"not_picked":["Warcry","Twin Strike"],"picked":"Hemokinesis","floor":1},{"not_picked":["Thunderclap","Twin Strike"],"picked":"Power Through","floor":4},{"not_picked":["Heavy Blade","Body Slam"],"picked":"Iron Wave","floor":5},{"not_picked":["Heavy Blade","Corruption"],"picked":"Carnage","floor":7},{"not_picked":["Impervious","Perfected Strike"],"picked":"Rampage","floor":8},{"not_picked":["Burning Pact","Ghostly Armor"],"picked":"Dual Wield","floor":10},{"not_picked":["Warcry","True Grit"],"picked":"Thunderclap","floor":13},{"not_picked":["Shrug It Off","Heavy Blade"],"picked":"Juggernaut","floor":14},{"not_picked":["Demon Form","Fiend Fire"],"picked":"Feed","floor":16},{"not_picked":["Heavy Blade","Cleave"],"picked":"Flame Barrier","floor":17},{"not_picked":["Headbutt+1","Uppercut+1"],"picked":"Rage","floor":18},{"not_picked":["Searing Blow","Twin Strike"],"picked":"Combust","floor":20},{"not_picked":["Flex+1","Clash"],"picked":"Body Slam+1","floor":29},{"not_picked":["Second Wind","Seeing Red"],"picked":"Twin Strike+1","floor":30},{"not_picked":["Flex+1","Sword Boomerang"],"picked":"Power Through","floor":31}],"player_experience":15378,"relics_obtained":[{"floor":7,"key":"Kunai"},{"floor":9,"key":"Vajra"},{"floor":26,"key":"Meat on the Bone"},{"floor":30,"key":"Bag of Preparation"}],"event_choices":[{"event_name":"Transmorgrifier","player_choice":"Transform","floor":2,"damage_taken":0},{"event_name":"Golden Idol","player_choice":"Take Damage","floor":3,"damage_taken":0},{"event_name":"The Lab","player_choice":"Got Potions","floor":11,"damage_taken":0},{"event_name":"Beggar","player_choice":"Gave Gold","floor":19,"damage_taken":0},{"event_name":"Back to Basics","player_choice":"Elegance","floor":21,"damage_taken":0},{"event_name":"The Joust","player_choice":"Bet on Owner","floor":22,"damage_taken":0}],"boss_relics":[{"not_picked":["Coffee Dripper","White Beast Statue"],"picked":"Tiny House"}],"items_purged_floors":[12,24],"is_endless":false,"potions_floor_spawned":[5,8,13,16,18,20,29],"killed_by":"Automaton","ascension_level":0}