{"gold_per_floor":[117,133,133,133,143,143,175,175,232,248,248,268,268,301,301,406,406,426,437,24,40,40,40,51,51,51,51,104,118,18,36,36,132,132,147,58,68,68,68,68,87,99,180,180,199,299,121,121,121,121],"floor_reached":51,"playtime":2310,"items_purged":["Strike_R","Strike_R+1","Strike_R+1"],"score":687,"play_id":"79c091c1-3eaa-43b0-b7b6-90ce5d5defe6","local_time":"20190311073140","is_ascension_mode":true,"campfire_choices":[{"data":"Bash","floor":6,"key":"SMITH"},{"floor":11,"key":"RECALL"},{"data":"Metallicize","floor":15,"key":"SMITH"},{"data":"Inflame","floor":23,"key":"SMITH"},{"data":"True Grit","floor":25,"key":"SMITH"},{"data":"Demon Form","floor":32,"key":"SMITH"},{"data":"Feel No Pain","floor":40,"key":"SMITH"},{"data":"True Grit","floor":44,"key":"SMITH"},{"data":"Dark Embrace","floor":49,"key":"SMITH"}],"neow_cost":"NONE","seed_source_timestamp":747233054058274,"circlet_count":0,"master_deck":["Defend_R+1","Defend_R+1","Defend_R+1","Defend_R+1","Bash+1","Whirlwind+1","Hemokinesis+1","Metallicize+1","Metallicize","Demon Form+1","Burning Pact","Rampage","Flame Barrier","Inflame+1","True Grit+1","Reaper","Feel No Pain+1","Dark Embrace+1","Armaments","Corruption+1","Shrug It Off","Battle Trance","Discovery","Secret Weapon","True Grit+1","Flame Barrier+1","Parasite","Disarm+1","Shrug It Off","True Grit"],"relics":["Burning Blood","Vajra","Tiny Chest","Du-Vu Doll","Runic Dome","Chemical X","Mummified Hand","Bronze Scales","Orrery","Gremlin Horn","Dead Branch"],"potions_floor_usage":[],"damage_taken":[{"damage":5,"enemies":"2 Louse","floor":1,"turns":4},{"damage":1,"enemies":"Jaw Worm","floor":2,"turns":5},{"damage":1,"enemies":"Cultist","floor":5,"turns":3},{"damage":27,"enemies":"Gremlin Nob","floor":7,"turns":4},{"damage":2,"enemies":"3 Louse","floor":10,"turns":2},{"damage":8,"enemies":"Red Slaver","floor":12,"turns":3},{"damage":27,"enemies":"Lagavulin","floor":14,"turns":5},{"damage":31,"enemies":"Slime Boss","floor":16,"turns":10},{"damage":26,"enemies":"2 Thieves","floor":18,"turns":4},{"damage":11,"enemies":"3 Byrds","floor":19,"turns":4},{"damage":7,"enemies":"Sentry and Sphere","floor":21,"turns":5},{"damage":9,"enemies":"Shelled Parasite and Fungi","floor":24,"turns":5},{"damage":8,"enemies":"Centurion and Healer","floor":29,"turns":3},{"damage":2,"enemies":"Snecko","floor":31,"turns":3},{"damage":20,"enemies":"Champ","floor":33,"turns":11},{"damage":21,"enemies":"3 Darklings","floor":35,"turns":5},{"damage":8,"enemies":"Orb Walker","floor":37,"turns":4},{"damage":9,"enemies":"3 Darklings","floor":41,"turns":5},{"damage":16,"enemies":"4 Shapes","floor":42,"turns":15},{"damage":26,"enemies":"Writhing Mass","floor":45,"turns":8},{"damage":0,"enemies":"Mind Bloom Boss Battle","floor":46,"turns":7},{"damage":20,"enemies":"Time Eater","floor":50,"turns":6}],"seed_played":"-962377973304642872","potions_obtained":[{"floor":0,"key":"Dexterity Potion"},{"floor":0,"key":"Block Potion"},{"floor":0,"key":"Swift Potion"},{"floor":1,"key":"Weak Potion"},{"floor":16,"key":"SmokeBomb"}],"is_trial":false,"path_per_floor":["M","M","?","?","M","R","E","?","T","M","R","M","?","E","R","B",null,"M","M","$","M","?","R","M","R","T","?","T","M","$","M","R","B",null,"M","$","M","?","?","R","M","M","T","R","M","?","$","?","R","B",null],"character_chosen":"IRONCLAD","items_purchased":["Flame Barrier","Inflame","Chemical X","Corruption","Shrug It Off","True Grit"],"campfire_rested":0,"item_purchase_floors":[20,20,20,36,36,47],"current_hp_per_floor":[80,80,80,80,80,80,59,59,59,63,63,61,61,40,40,15,80,60,55,55,54,54,54,51,51,51,51,51,49,49,53,53,39,80,65,65,74,64,64,64,61,75,75,75,72,80,80,80,80,66],"gold":121,"neow_bonus":"THREE_SMALL_POTIONS","is_prod":false,"is_daily":false,"chose_seed":false,"campfire_upgraded":8,"win_rate":0,"timestamp":1552303900,"path_taken":["M","M","?","?","M","R","E","?","T","M","R","?","?","E","R","BOSS","M","M","?","M","?","R","M","R","T","?","?","M","$","M","R","BOSS","M","$","M","?","?","R","M","?","T","R","M","?","$","?","R","BOSS"],"build_version":"2019-01-23","purchased_purges":3,"victory":true,"max_hp_per_floor":[80,80,80,80,80,80,80,80,80,80,80,80,80,80,80,80,80,80,80,80,80,80,80,80,80,80,80,80,80,80,80,80,80,80,80,80,80,80,80,80,80,80,80,80,80,80,80,80,80,80],"card_choices":[{"not_picked":["True Grit","Sword Boomerang"],"picked":"Whirlwind","floor":1},{"not_picked":["Dual Wield","Pummel","Dropkick"],"picked":"SKIP","floor":2},{"not_picked":["True Grit","Double Tap","Flex"],"picked":"SKIP","floor":5},{"not_picked":["Cleave","Warcry"],"picked":"Hemokinesis","floor":7},{"not_picked":["Infernal Blade","Searing Blow","Body Slam"],"picked":"SKIP","floor":10},{"not_picked":["Seeing Red","Rage"],"picked":"Metallicize","floor":12},{"not_picked":["Heavy Blade","Infernal Blade"],"picked":"Metallicize","floor":14},{"not_picked":["Double Tap","Impervious"],"picked":"Demon Form","floor":16},{"not_picked":["Sword Boomerang","Searing Blow+1"],"picked":"Burning Pact","floor":18},{"not_picked":["Wild Strike","Uppercut"],"picked":"Rampage","floor":19},{"not_picked":["Clash+1","Perfected Strike","Entrench"],"picked":"SKIP","floor":21},{"not_picked":["Burning Pact","Carnage"],"picked":"True Grit","floor":24},{"not_picked":["Havoc+1","Sword Boomerang","Dark Embrace"],"picked":"SKIP","floor":29},{"not_picked":["Iron Wave+1","Havoc","Rupture"],"picked":"SKIP","floor":31},{"not_picked":["Exhume","Demon Form"],"picked":"Reaper","floor":33},{"not_picked":["Anger","Warcry"],"picked":"Feel No Pain","floor":34},{"not_picked":["Second Wind","Clothesline"],"picked":"Dark Embrace","floor":34},{"not_picked":["Uppercut+1","Thunderclap"],"picked":"Armaments","floor":34},{"not_picked":["Twin Strike+1","Rampage+1","Armaments"],"picked":"SKIP","floor":35},{"not_picked":["Heavy Blade+1","Double Tap"],"picked":"Battle Trance","floor":37},{"not_picked":["Trip","Magnetism"],"picked":"Discovery","floor":38},{"not_picked":["Deep Breath","Swift Strike"],"picked":"Secret Weapon","floor":38},{"not_picked":["Rampage","Thunderclap+1"],"picked":"True Grit","floor":41},{"not_picked":["Shrug It Off","Combust+1"],"picked":"Flame Barrier+1","floor":42},{"not_picked":["Shrug It Off+1","Rage"],"picked":"Disarm+1","floor":45},{"not_picked":["Warcry","Pommel Strike+1"],"picked":"Shrug It Off","floor":46}],"player_experience":471036,"relics_obtained":[{"floor":7,"key":"Vajra"},{"floor":9,"key":"Tiny Chest"},{"floor":14,"key":"Du-Vu Doll"},{"floor":26,"key":"Mummified Hand"},{"floor":28,"key":"Bronze Scales"},{"floor":43,"key":"Gremlin Horn"},{"floor":46,"key":"Dead Branch"}],"event_choices":[{"damage_healed":0,"gold_gain":0,"player_choice":"Ignored","damage_taken":0,"max_hp_gain":0,"max_hp_loss":0,"event_name":"Liars Game","floor":3,"gold_loss":0},{"damage_healed":0,"gold_gain":0,"player_choice":"Grow","damage_taken":0,"max_hp_gain":0,"max_hp_loss":0,"event_name":"Living Wall","floor":4,"gold_loss":0,"cards_upgraded":["Whirlwind"]},{"damage_healed":0,"gold_gain":0,"player_choice":"Forge","damage_taken":0,"max_hp_gain":0,"max_hp_loss":0,"event_name":"Accursed Blacksmith","floor":8,"gold_loss":0,"cards_upgraded":["Hemokinesis"]},{"cards_removed":["Strike_R"],"damage_healed":0,"gold_gain":0,"player_choice":"Purged","damage_taken":0,"max_hp_gain":0,"max_hp_loss":0,"event_name":"Purifier","floor":13,"gold_loss":0},{"damage_healed":0,"gold_gain":0,"player_choice":"Ignored","damage_taken":0,"max_hp_gain":0,"max_hp_loss":0,"event_name":"Beggar","floor":22,"gold_loss":0},{"damage_healed":0,"gold_gain":0,"player_choice":"Simplicity","damage_taken":0,"max_hp_gain":0,"max_hp_loss":0,"event_name":"Back to Basics","floor":27,"gold_loss":0,"cards_upgraded":["Strike_R","Strike_R","Strike_R","Defend_R","Defend_R","Defend_R","Defend_R"]},{"damage_healed":0,"gold_gain":0,"player_choice":"Memory 3","damage_taken":10,"max_hp_gain":0,"max_hp_loss":0,"event_name":"SensoryStone","floor":38,"gold_loss":0},{"cards_removed":["Strike_R"],"damage_healed":0,"gold_gain":0,"player_choice":"Purged","damage_taken":0,"max_hp_gain":0,"max_hp_loss":0,"event_name":"Purifier","floor":39,"gold_loss":0},{"damage_healed":0,"gold_gain":0,"player_choice":"Fight","damage_taken":0,"max_hp_gain":0,"max_hp_loss":0,"event_name":"MindBloom","floor":46,"gold_loss":0},{"damage_healed":0,"gold_gain":0,"player_choice":"Upgraded","damage_taken":0,"max_hp_gain":0,"max_hp_loss":0,"event_name":"Upgrade Shrine","floor":48,"gold_loss":0,"cards_upgraded":["Corruption"]}],"is_beta":false,"boss_relics":[{"not_picked":["Runic Cube","Mark of Pain"],"picked":"Runic Dome"},{"not_picked":["Coffee Dripper","Black Star"],"picked":"Orrery"}],"items_purged_floors":[20,30,47],"is_endless":false,"potions_floor_spawned":[1,7,14,16,21,31,33,35],"ascension_level":1}