{"gold_per_floor":[112,112,15,15,32,61,61,73,146,105,136,67,83,103,103,103],"floor_reached":16,"playtime":611,"items_purged":[],"score":259,"play_id":"d4825fe4-14d1-4c1a-81f6-1c5b56890ce7","local_time":"20190502193001","is_ascension_mode":true,"campfire_choices":[{"floor":7,"key":"REST"},{"floor":15,"key":"REST"}],"neow_cost":"NONE","seed_source_timestamp":508503152622012,"circlet_count":0,"master_deck":["AscendersBane","Defend_G","Defend_G","Defend_G","Defend_G","Defend_G","Strike_G","Strike_G","Strike_G","Strike_G","Survivor","Neutralize","Noxious Fumes","All Out Attack","PiercingWail","Quick Slash","Backflip","Predator","Deflect","Dagger Spray"],"relics":["Ring of the Snake","NeowsBlessing","Happy Flower","Meat on the Bone","Kunai","Odd Mushroom"],"potions_floor_usage":[16,16],"damage_taken":[{"damage":0,"enemies":"Cultist","floor":1,"turns":1},{"damage":0,"enemies":"Small Slimes","floor":5,"turns":1},{"damage":0,"enemies":"3 Sentries","floor":6,"turns":1},{"damage":0,"enemies":"Jaw Worm","floor":8,"turns":5},{"damage":41,"enemies":"Lagavulin","floor":11,"turns":8},{"damage":1,"enemies":"Looter","floor":13,"turns":4},{"damage":15,"enemies":"The Mushroom Lair","floor":14,"turns":4},{"damage":44,"enemies":"Slime Boss","floor":16,"turns":10}],"seed_played":"-8783312542114236014","potions_obtained":[{"floor":1,"key":"GamblersBrew"},{"floor":13,"key":"Strength Potion"}],"is_trial":false,"path_per_floor":["M","?","$","?","M","E","R","M","T","$","E","?","M","?","R","B"],"character_chosen":"THE_SILENT","items_purchased":["All Out Attack","PiercingWail","Predator"],"campfire_rested":2,"item_purchase_floors":[3,3,10],"current_hp_per_floor":[59,52,52,26,26,26,45,45,45,45,16,16,27,24,43,0],"gold":103,"neow_bonus":"THREE_ENEMY_KILL","is_prod":false,"is_daily":false,"chose_seed":false,"campfire_upgraded":0,"win_rate":0,"timestamp":1556839801,"path_taken":["M","?","$","?","M","E","R","M","T","?","E","?","?","?","R","BOSS"],"build_version":"2019-01-23","purchased_purges":0,"victory":false,"max_hp_per_floor":[66,66,66,66,66,66,66,66,66,66,66,66,66,66,66,66],"card_choices":[{"not_picked":["Prepared","PiercingWail"],"picked":"Noxious Fumes","floor":1},{"not_picked":["Prepared","Bullet Time"],"picked":"Quick Slash","floor":5},{"not_picked":["Bouncing Flask","Heel Hook","Terror"],"picked":"SKIP","floor":6},{"not_picked":["Deflect","Blade Dance"],"picked":"Backflip","floor":8},{"not_picked":["Choke","Backflip","Predator"],"picked":"SKIP","floor":11},{"not_picked":["Setup","Expertise"],"picked":"Deflect","floor":13},{"not_picked":["Concentrate","Deadly Poison"],"picked":"Dagger Spray","floor":14}],"player_experience":590514,"relics_obtained":[{"floor":6,"key":"Happy Flower"},{"floor":9,"key":"Meat on the Bone"},{"floor":11,"key":"Kunai"},{"floor":14,"key":"Odd Mushroom"}],"event_choices":[{"cards_removed":["Strike_G"],"damage_healed":0,"gold_gain":0,"player_choice":"Card Removal","damage_taken":7,"max_hp_gain":0,"max_hp_loss":0,"event_name":"Golden Wing","floor":2,"gold_loss":0},{"damage_healed":0,"gold_gain":0,"player_choice":"Fled","damage_taken":26,"max_hp_gain":0,"max_hp_loss":0,"event_name":"Scrap Ooze","floor":4,"gold_loss":0},{"damage_healed":0,"gold_gain":0,"player_choice":"Left Gold","damage_taken":0,"max_hp_gain":0,"max_hp_loss":0,"event_name":"World of Goop","floor":12,"gold_loss":69},{"damage_healed":0,"gold_gain":0,"player_choice":"Fought Mushrooms","damage_taken":0,"max_hp_gain":0,"max_hp_loss":0,"event_name":"Mushrooms","floor":14,"gold_loss":0}],"is_beta":false,"boss_relics":[],"items_purged_floors":[],"is_endless":false,"potions_floor_spawned":[1,13],"killed_by":"Slime Boss","ascension_level":19}