{"gold_per_floor":[215,229,248,264,264,297,68,80,107,107,107,119,119,133,133,232,232,251,351,351,371,381,381,406,53,53,53,53,4,4,4,4,100,100,115,1114,1166,969,969,969,202,221,221,251,266,266,286,316,316,316],"floor_reached":50,"playtime":2513,"items_purged":["Clothesline"],"score":730,"play_id":"3952dd2b-fcc3-429f-8be5-6fb43294dca6","local_time":"20190422155000","is_ascension_mode":true,"campfire_choices":[{"data":"Body Slam","floor":11.0,"key":"SMITH"},{"data":"Barricade","floor":15.0,"key":"SMITH"},{"floor":23.0,"key":"REST"},{"floor":28.0,"key":"REST"},{"data":"Discovery","floor":32,"key":"SMITH"},{"floor":40,"key":"RECALL"},{"data":"Thinking Ahead","floor":46,"key":"SMITH"},{"data":"Dark Embrace","floor":49,"key":"SMITH"}],"neow_cost":"NONE","seed_source_timestamp":72399406007840,"circlet_count":0,"master_deck":["Bash","Body Slam+1","Headbutt","Pommel Strike","Barricade+1","Entrench","Shrug It Off","Impervious","Feed","Shrug It Off","Armaments+1","Shrug It Off+1","Thinking Ahead+1","Discovery+1","Shrug It Off","Twin Strike+1","Pummel+1","Feel No Pain","Fire Breathing","Reckless Charge+1","Infernal Blade","Dark Embrace+1","Wild Strike+1","Havoc","Ghostly Armor","Reckless Charge+1","Madness","Bandage Up","Dramatic Entrance+1","Discovery+1","Shrug It Off+1","Seeing Red+1","Infernal Blade+1"],"special_seed":0,"relics":["Burning Blood","Kunai","Omamori","Lantern","Runic Cube","Ginger","Mercury Hourglass","Red Skull","WingedGreaves","Molten Egg 2","Pandora\u0027s Box","Ice Cream","Medical Kit","DollysMirror","Bottled Lightning","Self Forming Clay","Oddly Smooth Stone","StoneCalendar"],"potions_floor_usage":[37,37,42,44,45],"damage_taken":[{"damage":6.0,"enemies":"Cultist","floor":1.0,"turns":3.0},{"damage":0.0,"enemies":"2 Louse","floor":2.0,"turns":3.0},{"damage":12.0,"enemies":"Small Slimes","floor":3.0,"turns":3.0},{"damage":21.0,"enemies":"Blue Slaver","floor":4.0,"turns":3.0},{"damage":36.0,"enemies":"Lagavulin","floor":6.0,"turns":4.0},{"damage":11.0,"enemies":"Looter","floor":8.0,"turns":2.0},{"damage":12.0,"enemies":"2 Fungi Beasts","floor":12.0,"turns":5.0},{"damage":3.0,"enemies":"Blue Slaver","floor":14.0,"turns":3.0},{"damage":0.0,"enemies":"The Guardian","floor":16.0,"turns":12.0},{"damage":7.0,"enemies":"Shell Parasite","floor":18.0,"turns":5.0},{"damage":19.0,"enemies":"Colosseum Slavers","floor":19.0,"turns":5.0},{"damage":42.0,"enemies":"Colosseum Nobs","floor":19.0,"turns":7.0},{"damage":8.0,"enemies":"Chosen","floor":21.0,"turns":6.0},{"damage":41.0,"enemies":"Sentry and Sphere","floor":22.0,"turns":10.0},{"damage":26.0,"enemies":"Book of Stabbing","floor":24.0,"turns":6.0},{"damage":16,"enemies":"Champ","floor":33,"turns":14},{"damage":27,"enemies":"3 Shapes","floor":35,"turns":3},{"damage":26,"enemies":"2 Orb Walkers","floor":37,"turns":4},{"damage":17,"enemies":"3 Darklings","floor":42,"turns":7},{"damage":0,"enemies":"Giant Head","floor":44,"turns":7},{"damage":0,"enemies":"Sphere and 2 Shapes","floor":45,"turns":3},{"damage":0,"enemies":"Spire Growth","floor":47,"turns":5},{"damage":30,"enemies":"Nemesis","floor":48,"turns":11},{"damage":57,"enemies":"Awakened One","floor":50,"turns":5}],"seed_played":"-470536695792927521","potions_obtained":[{"floor":2.0,"key":"LiquidBronze"},{"floor":3.0,"key":"AttackPotion"},{"floor":8.0,"key":"BloodPotion"},{"floor":14.0,"key":"Fire Potion"},{"floor":16.0,"key":"BloodPotion"},{"floor":18.0,"key":"SpeedPotion"},{"floor":21.0,"key":"FearPotion"},{"floor":33,"key":"PowerPotion"},{"floor":35,"key":"PowerPotion"},{"floor":37,"key":"Swift Potion"},{"floor":42,"key":"Poison Potion"}],"is_trial":false,"path_per_floor":["M","M","M","M","$","E","$","M","T","$","R","M","?","M","R","B",null,"M","?","?","M","M","R","E","$","T","?","R","$","T","?","R","B",null,"M","?","?","$","?","R","$","M","T","E","M","R","M","E","R","B"],"character_chosen":"IRONCLAD","items_purchased":["Omamori","Entrench","Thinking Ahead","Discovery","Shrug It Off","Medical Kit","DollysMirror","Bottled Lightning","Self Forming Clay","BloodPotion"],"campfire_rested":2,"item_purchase_floors":[7,7,25,25,29,38,41,41,41,41],"current_hp_per_floor":[80,80,74,59,59,29,29,24,24,24,24,26,26,29,29,35,80,79,41,41,39,7,32,12,12,12,12,37,37,37,65,65,55,86,65,65,45,45,35,35,35,38,38,48,58,58,70,50,50,0],"gold":316,"neow_bonus":"HUNDRED_GOLD","is_prod":false,"is_daily":false,"chose_seed":false,"campfire_upgraded":5,"win_rate":0,"timestamp":1555915800,"path_taken":["M","M","M","M","$","E","$","M","T","?","R","M","?","M","R","BOSS","M","?","?","M","M","R","E","$","T","?","R","?","?","?","R","BOSS","M","?","?","$","?","R","?","M","T","E","M","R","M","E","R","BOSS"],"build_version":"2019-01-23","purchased_purges":1,"victory":false,"max_hp_per_floor":[80,80,80,80,80,80,80,80,80,80,80,80,80,80,80,80,80,80,83,83,83,86,86,86,86,86,86,86,86,86,86,86,86,86,86,86,86,86,86,86,86,86,86,86,86,86,86,86,86,89],"card_choices":[{"not_picked":["Iron Wave","Clash"],"picked":"Clothesline","floor":1.0},{"not_picked":["Intimidate","Flex"],"picked":"Body Slam","floor":2.0},{"not_picked":["Flex","Shockwave"],"picked":"Headbutt","floor":3.0},{"not_picked":["Warcry","Flex"],"picked":"Pommel Strike","floor":4.0},{"not_picked":["Pommel Strike","Carnage"],"picked":"Barricade","floor":6.0},{"not_picked":["Headbutt","Havoc"],"picked":"Shrug It Off","floor":8.0},{"not_picked":["Sever Soul","Sentinel","Intimidate"],"picked":"SKIP","floor":12.0},{"not_picked":["Sword Boomerang","Uppercut","Iron Wave"],"picked":"SKIP","floor":14.0},{"not_picked":["Exhume","Bludgeon"],"picked":"Feed","floor":16.0},{"not_picked":["Anger+1","Flex+1"],"picked":"Shrug It Off","floor":18.0},{"not_picked":["True Grit","Rage+1"],"picked":"Armaments+1","floor":19.0},{"not_picked":["Heavy Blade","Hemokinesis","Demon Form"],"picked":"SKIP","floor":21.0},{"not_picked":["Feel No Pain","Anger+1"],"picked":"Shrug It Off+1","floor":22.0},{"not_picked":["Fire Breathing","Heavy Blade","Warcry"],"picked":"SKIP","floor":24.0},{"not_picked":["Armaments","Rampage+1"],"picked":"Ghostly Armor","floor":35},{"not_picked":["Carnage+1","Twin Strike+1"],"picked":"Reckless Charge+1","floor":37},{"not_picked":["Flash of Steel+1","Mind Blast+1"],"picked":"Madness","floor":39},{"not_picked":["Finesse","Deep Breath"],"picked":"Bandage Up","floor":39},{"not_picked":["Purity","PanicButton"],"picked":"Dramatic Entrance+1","floor":39},{"not_picked":["Sever Soul+1","Twin Strike+1","Flex"],"picked":"SKIP","floor":42},{"not_picked":["Pummel+1","Clash+1","Disarm+1"],"picked":"SKIP","floor":44},{"not_picked":["Warcry","Wild Strike+1"],"picked":"Shrug It Off+1","floor":45},{"not_picked":["True Grit","Clothesline+1"],"picked":"Seeing Red+1","floor":47},{"not_picked":["Blood for Blood+1","Seeing Red+1"],"picked":"Infernal Blade+1","floor":48}],"player_experience":335376,"relics_obtained":[{"floor":6.0,"key":"Kunai"},{"floor":9.0,"key":"Lantern"},{"floor":19.0,"key":"Ginger"},{"floor":19.0,"key":"Mercury Hourglass"},{"floor":24.0,"key":"Red Skull"},{"floor":26.0,"key":"WingedGreaves"},{"floor":30.0,"key":"Molten Egg 2"},{"floor":37,"key":"Ice Cream"},{"floor":44,"key":"Oddly Smooth Stone"},{"floor":48,"key":"StoneCalendar"}],"event_choices":[{"damage_healed":0.0,"max_hp_gain":0.0,"max_hp_loss":0.0,"gold_gain":0.0,"event_name":"Match and Keep!","player_choice":"1 cards matched","floor":13.0,"gold_loss":0.0,"damage_taken":0.0,"cards_obtained":["Impervious"]},{"damage_healed":0.0,"max_hp_gain":0.0,"max_hp_loss":0.0,"gold_gain":0.0,"event_name":"Colosseum","player_choice":"Fight","floor":19.0,"gold_loss":0.0,"damage_taken":0.0},{"damage_healed":0.0,"max_hp_gain":0.0,"max_hp_loss":0.0,"gold_gain":0.0,"event_name":"Colosseum","player_choice":"Fought Nobs","floor":19.0,"gold_loss":0.0,"damage_taken":0.0},{"damage_healed":0.0,"max_hp_gain":0.0,"max_hp_loss":0.0,"gold_gain":0.0,"event_name":"Cursed Tome","player_choice":"Ignored","floor":27.0,"gold_loss":0.0,"damage_taken":0.0},{"damage_healed":28,"gold_gain":0,"player_choice":"Heal","damage_taken":0,"max_hp_gain":0,"max_hp_loss":0,"event_name":"The Library","floor":31,"gold_loss":0},{"damage_healed":0,"gold_gain":999,"player_choice":"Gold","damage_taken":0,"max_hp_gain":0,"max_hp_loss":0,"event_name":"MindBloom","floor":36,"gold_loss":0,"cards_obtained":["Normality","Normality"]},{"damage_healed":0,"gold_gain":0,"player_choice":"Fight","damage_taken":0,"max_hp_gain":0,"max_hp_loss":0,"event_name":"Mysterious Sphere","floor":37,"gold_loss":0},{"damage_healed":0,"gold_gain":0,"player_choice":"Memory 3","damage_taken":10,"max_hp_gain":0,"max_hp_loss":0,"event_name":"SensoryStone","floor":39,"gold_loss":0}],"is_beta":false,"boss_relics":[{"not_picked":["Mark of Pain","Velvet Choker"],"picked":"Runic Cube"},{"not_picked":["Black Blood","Eternal Feather"],"picked":"Pandora\u0027s Box"}],"items_purged_floors":[25],"is_endless":false,"potions_floor_spawned":[2,3,8,14,16,18,21,33,35,37,42],"killed_by":"Awakened One","ascension_level":2}