{"gold_per_floor":[114,127,127,127,46,77,252,287,287,287,16,16,43,59,59,154,154,164,184,4,4,15,15,43,43,43,43,43,43,60,92,92,188,238,258,269,117,137,63,92,92,92,92,92,0,0,0,51,51,51,51,51,15,42,42],"floor_reached":56,"playtime":2156,"items_purged":["Doubt","Strike_R"],"score":1379,"play_id":"3ed981ef-ab2a-4675-a9af-9e713318d647","local_time":"20181211092601","is_ascension_mode":true,"campfire_choices":[{"data":"Intimidate","floor":10,"key":"SMITH"},{"data":"Apotheosis","floor":12,"key":"SMITH"},{"data":"Bash","floor":15,"key":"SMITH"},{"data":"True Grit","floor":23,"key":"SMITH"},{"data":"Shockwave","floor":25,"key":"SMITH"},{"data":"Burning Pact","floor":27,"key":"SMITH"},{"data":"Dark Embrace","floor":32,"key":"SMITH"},{"data":"Inflame","floor":42,"key":"SMITH"},{"data":"Inflame","floor":44,"key":"SMITH"},{"floor":46,"key":"RECALL"},{"floor":49,"key":"REST"},{"data":"Ghostly Armor","floor":52,"key":"SMITH"}],"neow_cost":"NONE","seed_source_timestamp":344887230802445,"circlet_count":0,"master_deck":["Defend_R","Defend_R","Defend_R","Bash+1","Corruption+1","Thunderclap","Intimidate+1","Cleave","Shrug It Off","Apotheosis+1","Dark Embrace+1","Ghostly Armor+1","True Grit+1","Shockwave+1","Necronomicurse","Body Slam+1","Burning Pact+1","Bite","Bite+1","Bite","Bite","Bite","Seeing Red+1","Impervious+1","Heavy Blade+1","Inflame+1","Inflame+1","Disarm+1","Twin Strike","Flex+1","Offering+1","Shrug It Off+1","Reckless Charge","Limit Break+1"],"relics":["Burning Blood","NeowsBlessing","Sundial","Kunai","Strawberry","Sozu","Necronomicon","Mercury Hourglass","Toxic Egg 2","Bag of Preparation","Tiny House","Pen Nib","Oddly Smooth Stone","Red Mask","Champion Belt","Mummified Hand"],"potions_floor_usage":[16,55,55],"damage_taken":[{"damage":0,"enemies":"Jaw Worm","floor":1,"turns":1},{"damage":0,"enemies":"Small Slimes","floor":2,"turns":1},{"damage":0,"enemies":"Lagavulin","floor":6,"turns":1},{"damage":34,"enemies":"Gremlin Nob","floor":8,"turns":5},{"damage":18,"enemies":"3 Sentries","floor":13,"turns":5},{"damage":3,"enemies":"2 Louse","floor":14,"turns":3},{"damage":45,"enemies":"The Guardian","floor":16,"turns":12},{"damage":0,"enemies":"Spheric Guardian","floor":18,"turns":4},{"damage":4,"enemies":"Shell Parasite","floor":19,"turns":6},{"damage":9,"enemies":"Snake Plant","floor":22,"turns":4},{"damage":5,"enemies":"Gremlin Leader","floor":24,"turns":5},{"damage":9,"enemies":"3 Cultists","floor":30,"turns":5},{"damage":25,"enemies":"Book of Stabbing","floor":31,"turns":6},{"damage":37,"enemies":"Collector","floor":33,"turns":8},{"damage":5,"enemies":"Orb Walker","floor":35,"turns":3},{"damage":1,"enemies":"3 Shapes","floor":36,"turns":5},{"damage":39,"enemies":"Jaw Worm Horde","floor":38,"turns":5},{"damage":1,"enemies":"Giant Head","floor":40,"turns":5},{"damage":43,"enemies":"2 Orb Walkers","floor":48,"turns":4},{"damage":34,"enemies":"Donu and Deca","floor":50,"turns":6},{"damage":32,"enemies":"Shield and Spear","floor":54,"turns":5},{"damage":87,"enemies":"The Heart","floor":55,"turns":6}],"seed_played":"4903444791960562836","potions_obtained":[{"floor":1,"key":"Explosive Potion"},{"floor":8,"key":"Block Potion"},{"floor":14,"key":"Regen Potion"}],"is_trial":false,"path_per_floor":["M","M","?","?","$","E","?","E","T","R","$","R","E","M","R","B",null,"M","M","$","?","M","R","E","R","T","R","?","$","M","E","R","B",null,"M","M","$","M","$","E","?","R","T","R","?","R","$","?","R","B",null,"R","$","E","B",null],"character_chosen":"IRONCLAD","items_purchased":["Intimidate","Apotheosis","Shockwave","Pen Nib","Twin Strike","Flex+1","Reckless Charge"],"campfire_rested":1,"item_purchase_floors":[5,11,20,37,39,39,53],"current_hp_per_floor":[80,80,80,85,85,85,85,57,64,64,64,64,52,57,57,20,92,92,92,92,76,75,75,78,78,78,78,78,78,92,82,82,92,97,97,97,97,70,70,87,87,87,87,87,87,87,87,56,85,68,97,97,97,74,28],"gold":42,"neow_bonus":"THREE_ENEMY_KILL","is_prod":false,"is_daily":false,"chose_seed":false,"campfire_upgraded":10,"win_rate":0,"timestamp":1544538361,"path_taken":["M","M","?","?","$","E","?","E","T","R","$","R","E","M","R","BOSS","M","M","$","?","M","R","E","R","T","R","?","?","M","E","R","BOSS","M","M","$","M","$","E","?","R","T","R","?","R","?","?","R","BOSS","R","$","E","BOSS"],"build_version":"2018-12-06","purchased_purges":2,"victory":true,"max_hp_per_floor":[80,80,80,85,85,85,85,85,92,92,92,92,92,92,92,92,92,92,92,92,92,92,92,92,92,92,92,92,92,92,92,92,92,97,97,97,97,97,97,97,97,97,97,97,97,97,97,97,97,97,97,97,97,97,97],"card_choices":[{"not_picked":["Perfected Strike","Wild Strike"],"picked":"Corruption","floor":1},{"not_picked":["Armaments","Havoc"],"picked":"Thunderclap","floor":2},{"not_picked":["Anger","Havoc"],"picked":"Cleave","floor":6},{"not_picked":["Cleave","Entrench"],"picked":"Shrug It Off","floor":8},{"not_picked":["Metallicize","Rupture","Iron Wave"],"picked":"SKIP","floor":13},{"not_picked":["Perfected Strike","Seeing Red","Thunderclap"],"picked":"SKIP","floor":14},{"not_picked":["Juggernaut","Bludgeon"],"picked":"Dark Embrace","floor":16},{"not_picked":["Sword Boomerang","Dual Wield"],"picked":"Ghostly Armor","floor":18},{"not_picked":["Twin Strike","Perfected Strike+1"],"picked":"True Grit","floor":19},{"not_picked":["Ghostly Armor","Cleave+1"],"picked":"Body Slam+1","floor":22},{"not_picked":["Searing Blow+1","Headbutt"],"picked":"Burning Pact","floor":24},{"not_picked":["Body Slam","Wild Strike","Perfected Strike"],"picked":"SKIP","floor":30},{"not_picked":["Searing Blow+1","Headbutt+1"],"picked":"Seeing Red+1","floor":31},{"not_picked":["Reaper","Fiend Fire"],"picked":"Impervious+1","floor":33},{"not_picked":["Anger+1","Dropkick+1"],"picked":"Heavy Blade+1","floor":34},{"not_picked":["Ghostly Armor+1","Twin Strike+1"],"picked":"Inflame","floor":35},{"not_picked":["Hemokinesis+1","Reckless Charge+1"],"picked":"Inflame","floor":36},{"not_picked":["Sword Boomerang+1","Flex+1"],"picked":"Disarm+1","floor":38},{"not_picked":["Entrench+1","Shrug It Off+1"],"picked":"Offering+1","floor":40},{"not_picked":["Twin Strike+1","Rupture+1"],"picked":"Shrug It Off+1","floor":48},{"not_picked":["Reckless Charge+1","Evolve"],"picked":"Limit Break+1","floor":54}],"player_experience":315650,"relics_obtained":[{"floor":6,"key":"Sundial"},{"floor":8,"key":"Kunai"},{"floor":9,"key":"Strawberry"},{"floor":13,"key":"Blood Vial"},{"floor":21,"key":"Necronomicon"},{"floor":24,"key":"Mercury Hourglass"},{"floor":26,"key":"Toxic Egg 2"},{"floor":31,"key":"Bag of Preparation"},{"floor":40,"key":"Oddly Smooth Stone"},{"floor":48,"key":"Champion Belt"},{"floor":54,"key":"Mummified Hand"}],"event_choices":[{"damage_healed":0,"gold_gain":0,"player_choice":"Grow","damage_taken":0,"max_hp_gain":0,"max_hp_loss":0,"event_name":"Living Wall","floor":3,"gold_loss":0,"cards_upgraded":["Corruption"]},{"damage_healed":0,"gold_gain":0,"player_choice":"Donut","damage_taken":0,"max_hp_gain":5,"max_hp_loss":0,"event_name":"Big Fish","floor":4,"gold_loss":0},{"damage_healed":0,"gold_gain":175,"player_choice":"AGREE","damage_taken":0,"max_hp_gain":0,"max_hp_loss":0,"event_name":"Liars Game","floor":7,"gold_loss":0,"cards_obtained":["Doubt"]},{"damage_healed":0,"gold_gain":0,"player_choice":"Obtained Book","damage_taken":16,"max_hp_gain":0,"max_hp_loss":0,"event_name":"Cursed Tome","floor":21,"gold_loss":0},{"damage_healed":0,"gold_gain":0,"player_choice":"Became a vampire (Vial)","damage_taken":0,"max_hp_gain":0,"max_hp_loss":0,"event_name":"Vampires","floor":28,"relics_lost":["Blood Vial"],"gold_loss":0,"cards_obtained":["Bite","Bite","Bite","Bite","Bite"]},{"cards_removed":["Defend_R"],"damage_healed":0,"gold_gain":0,"player_choice":"Removed Skill","damage_taken":0,"max_hp_gain":0,"max_hp_loss":0,"event_name":"Falling","floor":41,"gold_loss":0},{"damage_healed":0,"gold_gain":0,"player_choice":"Paid","damage_taken":0,"relics_obtained":["Red Mask"],"max_hp_gain":0,"max_hp_loss":0,"event_name":"Tomb of Lord Red Mask","floor":45,"gold_loss":92},{"damage_healed":0,"gold_gain":0,"player_choice":"Fight","damage_taken":0,"max_hp_gain":0,"max_hp_loss":0,"event_name":"Mysterious Sphere","floor":48,"gold_loss":0}],"is_beta":false,"boss_relics":[{"not_picked":["Pandora\u0027s Box","Philosopher\u0027s Stone"],"picked":"Sozu"},{"not_picked":["Black Blood","Runic Dome"],"picked":"Tiny House"}],"items_purged_floors":[11,20],"is_endless":false,"potions_floor_spawned":[1,8,14,19,22,31,36,48],"ascension_level":1}