{"gold_per_floor":[218,218,231,63,81,81,114,114,139,166,177,177,193,209,209,288,288,240,254,179,179,179],"floor_reached":22,"playtime":970,"items_purged":["Strike_G"],"score":363,"play_id":"cef1b23f-c822-4231-a0b5-b698cbfacc3b","local_time":"20190418005144","is_ascension_mode":true,"campfire_choices":[{"data":"Catalyst","floor":6,"key":"SMITH"},{"floor":8,"key":"REST"},{"floor":12,"key":"REST"},{"data":"Well Laid Plans","floor":15,"key":"SMITH"}],"neow_cost":"NONE","seed_source_timestamp":304293682051490,"circlet_count":0,"master_deck":["AscendersBane","Defend_G","Defend_G","Defend_G","Defend_G","Defend_G","Strike_G","Strike_G+1","Survivor","Neutralize","Dagger Throw+1","Deadly Poison","Well Laid Plans+1","Catalyst+1","Noxious Fumes","Cloak And Dagger","Backflip","Catalyst","PiercingWail","Dagger Spray","Backflip","Acrobatics","Quick Slash"],"relics":["Ring of the Snake","Ancient Tea Set","Juzu Bracelet","Omamori","Whetstone","Runic Dome"],"potions_floor_usage":[7,16,16,22,22],"damage_taken":[{"damage":0,"enemies":"2 Louse","floor":1,"turns":3},{"damage":4,"enemies":"Jaw Worm","floor":3,"turns":4},{"damage":4,"enemies":"Small Slimes","floor":5,"turns":5},{"damage":19,"enemies":"Lagavulin","floor":7,"turns":7},{"damage":15,"enemies":"3 Sentries","floor":10,"turns":8},{"damage":0,"enemies":"2 Fungi Beasts","floor":11,"turns":4},{"damage":14,"enemies":"Exordium Wildlife","floor":13,"turns":5},{"damage":7,"enemies":"Looter","floor":14,"turns":4},{"damage":10,"enemies":"The Guardian","floor":16,"turns":5},{"damage":41,"enemies":"2 Thieves","floor":18,"turns":5},{"damage":4,"enemies":"3 Byrds","floor":19,"turns":5},{"damage":15,"enemies":"Masked Bandits","floor":22,"turns":2}],"seed_played":"-6741829171522816693","potions_obtained":[{"floor":3,"key":"Ancient Potion"},{"floor":7,"key":"Fruit Juice"},{"floor":11,"key":"Poison Potion"},{"floor":14,"key":"Explosive Potion"},{"floor":16,"key":"Weak Potion"},{"floor":19,"key":"SkillPotion"}],"is_trial":false,"path_per_floor":["M","?","M","$","M","R","E","R","T","E","M","R","M","M","R","B",null,"M","M","$","?","?"],"character_chosen":"THE_SILENT","items_purchased":["Well Laid Plans","Catalyst"],"campfire_rested":2,"item_purchase_floors":[4,4],"current_hp_per_floor":[59,33,29,29,25,25,11,32,32,17,17,38,24,17,17,7,55,14,10,10,10,0],"gold":179,"neow_bonus":"HUNDRED_GOLD","is_prod":false,"is_daily":false,"chose_seed":false,"campfire_upgraded":2,"win_rate":0,"timestamp":1555563104,"path_taken":["M","?","M","$","M","R","E","R","T","E","M","R","M","M","R","BOSS","M","M","$","?","?"],"build_version":"2019-01-23","purchased_purges":1,"victory":false,"max_hp_per_floor":[66,66,66,66,66,66,71,71,71,71,71,71,71,71,71,71,71,71,71,71,71,71],"card_choices":[{"not_picked":["Flying Knee","Terror"],"picked":"Dagger Throw","floor":1},{"not_picked":["Expertise","Concentrate"],"picked":"Deadly Poison","floor":3},{"not_picked":["Choke","Poisoned Stab"],"picked":"Noxious Fumes","floor":5},{"not_picked":["Finisher","Deflect"],"picked":"Cloak And Dagger","floor":7},{"not_picked":["Acrobatics","Calculated Gamble"],"picked":"Backflip","floor":10},{"not_picked":["Reflex","Acrobatics"],"picked":"Catalyst","floor":11},{"not_picked":["Deadly Poison","Blur"],"picked":"PiercingWail","floor":13},{"not_picked":["Outmaneuver","Distraction"],"picked":"Dagger Spray","floor":14},{"not_picked":["Skewer","Infinite Blades"],"picked":"Backflip","floor":18},{"not_picked":["Eviscerate","Bouncing Flask","Dodge and Roll"],"picked":"SKIP","floor":19}],"player_experience":579155,"relics_obtained":[{"floor":7,"key":"Juzu Bracelet"},{"floor":9,"key":"Omamori"},{"floor":10,"key":"Whetstone"}],"event_choices":[{"damage_healed":0,"gold_gain":0,"player_choice":"Success","damage_taken":26,"relics_obtained":["Ancient Tea Set"],"max_hp_gain":0,"max_hp_loss":0,"event_name":"Scrap Ooze","floor":2,"gold_loss":0},{"damage_healed":0,"gold_gain":0,"cards_transformed":["Strike_G","Strike_G"],"player_choice":"Became Test Subject","damage_taken":0,"max_hp_gain":0,"max_hp_loss":0,"event_name":"Drug Dealer","floor":21,"gold_loss":0,"cards_obtained":["Acrobatics","Quick Slash"]},{"damage_healed":0,"gold_gain":0,"player_choice":"Fought Bandits","damage_taken":0,"max_hp_gain":0,"max_hp_loss":0,"event_name":"Masked Bandits","floor":22,"gold_loss":0}],"is_beta":false,"boss_relics":[{"not_picked":["Orrery","Busted Crown"],"picked":"Runic Dome"}],"items_purged_floors":[20],"is_endless":false,"potions_floor_spawned":[3,7,11,14,16,19],"killed_by":"Masked Bandits","ascension_level":17}