{"gold_per_floor":[111,186,204,204,21,21,52,52,52,63,80,113,168,178,178,281,281,298,298,298,309,269,300,300,300,325,325,325,24,24,40,40,136,136,156,166,176,187,5,5,5,5,60,60],"floor_reached":44,"playtime":1595,"items_purged":[],"score":558,"play_id":"60dd3a6a-1de0-48ad-ab69-679fd577b605","local_time":"20190421124802","is_ascension_mode":true,"campfire_choices":[{"data":"Thinking Ahead","floor":6.0,"key":"SMITH"},{"data":"Coolheaded","floor":8.0,"key":"SMITH"},{"data":"Fission","floor":15.0,"key":"SMITH"},{"data":"Zap","floor":24.0,"key":"SMITH"},{"data":"Defragment","floor":28.0,"key":"SMITH"},{"data":"Hello World","floor":30.0,"key":"SMITH"},{"data":"Heatsinks","floor":32.0,"key":"SMITH"},{"floor":40,"key":"RECALL"},{"data":"White Noise","floor":42,"key":"SMITH"}],"neow_cost":"NONE","seed_source_timestamp":395722472895482,"circlet_count":0,"master_deck":["Defend_B+1","Defend_B+1","Defend_B+1","Defend_B+1","Zap+1","Dualcast+1","Rebound","Coolheaded+1","Thinking Ahead+1","Reinforced Body+1","Ball Lightning+1","Rebound+1","Fission+1","Defragment+1","Seek+1","Cold Snap+1","Shame","Writhe","Storm","Defragment","Bite+1","Bite+1","Bite+1","Bite+1","Bite+1","Hello World+1","Capacitor","Loop","Static Discharge","Heatsinks+1","Creative AI","Force Field","Steam Power","White Noise+1","Heatsinks","Storm","Madness","Madness"],"special_seed":0,"relics":["Cracked Core","NeowsBlessing","Molten Egg 2","Blue Candle","Mummified Hand","Empty Cage","Oddly Smooth Stone","Regal Pillow","The Courier","War Paint","Eternal Feather","Art of War"],"potions_floor_usage":[],"damage_taken":[{"damage":0.0,"enemies":"Jaw Worm","floor":1.0,"turns":1.0},{"damage":0.0,"enemies":"Small Slimes","floor":3.0,"turns":1.0},{"damage":0.0,"enemies":"Lagavulin","floor":7.0,"turns":2.0},{"damage":0.0,"enemies":"2 Louse","floor":10.0,"turns":3.0},{"damage":0.0,"enemies":"Large Slime","floor":11.0,"turns":4.0},{"damage":12.0,"enemies":"3 Sentries","floor":12.0,"turns":6.0},{"damage":6.0,"enemies":"Lagavulin Event","floor":13.0,"turns":4.0},{"damage":3.0,"enemies":"3 Louse","floor":14.0,"turns":4.0},{"damage":32.0,"enemies":"Hexaghost","floor":16.0,"turns":9.0},{"damage":11.0,"enemies":"3 Byrds","floor":18.0,"turns":4.0},{"damage":9.0,"enemies":"Chosen","floor":21.0,"turns":3.0},{"damage":33.0,"enemies":"Slavers","floor":23.0,"turns":7.0},{"damage":23.0,"enemies":"Centurion and Healer","floor":31.0,"turns":5.0},{"damage":8.0,"enemies":"Champ","floor":33.0,"turns":7.0},{"damage":2.0,"enemies":"3 Shapes","floor":35.0,"turns":2.0},{"damage":42.0,"enemies":"3 Darklings","floor":36.0,"turns":4.0},{"damage":2,"enemies":"Sphere and 2 Shapes","floor":37,"turns":2},{"damage":22,"enemies":"Transient","floor":38,"turns":5},{"damage":55,"enemies":"Jaw Worm Horde","floor":44,"turns":3}],"seed_played":"-7331825842294686224","potions_obtained":[{"floor":1.0,"key":"Strength Potion"},{"floor":10.0,"key":"Strength Potion"},{"floor":11.0,"key":"SteroidPotion"},{"floor":12.0,"key":"FearPotion"},{"floor":16.0,"key":"Energy Potion"},{"floor":18.0,"key":"SkillPotion"},{"floor":23.0,"key":"SpeedPotion"},{"floor":38,"key":"SteroidPotion"}],"is_trial":false,"path_per_floor":["M","?","M","?","$","R","E","R","T","M","M","E","?","M","R","B",null,"M","?","?","M","$","E","R","?","T","?","R","$","R","M","R","B",null,"M","M","M","M","$","R","?","R","T","M"],"character_chosen":"DEFECT","items_purchased":["Thinking Ahead","Storm","Hello World","Capacitor","Loop","Static Discharge","Heatsinks","White Noise","Heatsinks","Storm"],"campfire_rested":0,"item_purchase_floors":[5,22,29,29,29,29,29,39,39,39],"current_hp_per_floor":[75,64,64,64,64,64,64,64,64,64,64,52,46,43,43,11,75,64,64,64,55,55,22,22,22,22,22,22,22,22,11,11,27,52,52,17,24,17,17,38,31,52,52,0],"gold":60,"neow_bonus":"THREE_ENEMY_KILL","is_prod":false,"is_daily":false,"chose_seed":false,"campfire_upgraded":8,"win_rate":0,"timestamp":1555818482,"path_taken":["M","?","M","?","$","R","E","R","T","M","M","E","?","M","R","BOSS","M","?","?","?","$","E","R","?","T","?","R","?","R","M","R","BOSS","M","M","?","M","$","R","?","R","T","M"],"build_version":"2019-01-23","purchased_purges":0,"victory":false,"max_hp_per_floor":[75,75,75,75,75,75,75,75,75,75,75,75,75,75,75,75,75,75,75,75,75,75,75,75,75,75,52,52,52,52,52,52,52,52,52,52,52,52,52,52,52,52,52,52],"card_choices":[{"not_picked":["Double Energy","Turbo"],"picked":"Rebound","floor":1.0},{"not_picked":["Streamline","Skim"],"picked":"Coolheaded","floor":3.0},{"not_picked":["Genetic Algorithm","Machine Learning"],"picked":"Reinforced Body","floor":7.0},{"not_picked":["Compile Driver+1","Stack"],"picked":"Ball Lightning+1","floor":10.0},{"not_picked":["Coolheaded","Heatsinks"],"picked":"Rebound+1","floor":11.0},{"not_picked":["Beam Cell+1","Barrage+1"],"picked":"Fission","floor":12.0},{"not_picked":["Melter+1","Leap"],"picked":"Defragment","floor":13.0},{"not_picked":["Leap","Streamline+1","Lockon+1"],"picked":"SKIP","floor":14.0},{"not_picked":["Amplify","Rainbow"],"picked":"Seek","floor":16.0},{"not_picked":["Compile Driver+1","Melter+1"],"picked":"Cold Snap+1","floor":18.0},{"not_picked":["Streamline+1","Rebound+1","Darkness"],"picked":"SKIP","floor":21.0},{"not_picked":["Machine Learning","Rebound+1"],"picked":"Defragment","floor":23.0},{"not_picked":["Genetic Algorithm+1","Barrage+1","Compile Driver+1"],"picked":"SKIP","floor":31.0},{"not_picked":["Machine Learning","Hyperbeam+1"],"picked":"Creative AI","floor":33.0},{"not_picked":["Streamline+1","Rebound+1","Ball Lightning+1"],"picked":"SKIP","floor":35.0},{"not_picked":["Gash+1","Stack","Rip and Tear+1"],"picked":"SKIP","floor":36.0},{"not_picked":["Aggregate+1","Ball Lightning+1"],"picked":"Force Field","floor":37},{"not_picked":["Sweeping Beam+1","Force Field"],"picked":"Steam Power","floor":38}],"player_experience":323324,"relics_obtained":[{"floor":7.0,"key":"Molten Egg 2"},{"floor":12.0,"key":"Blue Candle"},{"floor":13.0,"key":"Mummified Hand"},{"floor":23.0,"key":"The Courier"},{"floor":26.0,"key":"War Paint"},{"floor":43,"key":"Art of War"}],"event_choices":[{"damage_healed":0.0,"max_hp_gain":0.0,"max_hp_loss":0.0,"gold_gain":75.0,"event_name":"World of Goop","player_choice":"Gather Gold","floor":2.0,"gold_loss":0.0,"damage_taken":11.0},{"damage_healed":0.0,"max_hp_gain":0.0,"max_hp_loss":0.0,"gold_gain":0.0,"event_name":"Living Wall","player_choice":"Grow","floor":4.0,"gold_loss":0.0,"damage_taken":0.0,"cards_upgraded":["Dualcast"]},{"damage_healed":0.0,"max_hp_gain":0.0,"max_hp_loss":0.0,"gold_gain":0.0,"event_name":"Dead Adventurer","player_choice":"Searched \u00271\u0027 times","floor":13.0,"gold_loss":0.0,"damage_taken":0.0},{"damage_healed":0.0,"max_hp_gain":0.0,"max_hp_loss":0.0,"gold_gain":0.0,"event_name":"Addict","player_choice":"Stole Relic","floor":19.0,"gold_loss":0.0,"damage_taken":0.0,"relics_obtained":["Oddly Smooth Stone"],"cards_obtained":["Shame"]},{"damage_healed":0.0,"max_hp_gain":0.0,"max_hp_loss":0.0,"gold_gain":0.0,"event_name":"The Mausoleum","player_choice":"Opened","floor":20.0,"gold_loss":0.0,"damage_taken":0.0,"relics_obtained":["Regal Pillow"],"cards_obtained":["Writhe"]},{"damage_healed":0.0,"max_hp_gain":0.0,"max_hp_loss":0.0,"gold_gain":0.0,"event_name":"Back to Basics","player_choice":"Simplicity","floor":25.0,"gold_loss":0.0,"damage_taken":0.0,"cards_upgraded":["Strike_B","Strike_B","Defend_B","Defend_B","Defend_B","Defend_B"]},{"damage_healed":0.0,"max_hp_gain":0.0,"max_hp_loss":23.0,"gold_gain":0.0,"event_name":"Vampires","player_choice":"Became a vampire","floor":27.0,"gold_loss":0.0,"damage_taken":0.0,"cards_obtained":["Bite","Bite","Bite","Bite","Bite"]},{"damage_healed":0,"gold_gain":0,"player_choice":"Embrace Madness","damage_taken":7,"max_hp_gain":0,"max_hp_loss":0,"event_name":"Winding Halls","floor":41,"gold_loss":0,"cards_obtained":["Madness","Madness"]}],"is_beta":false,"boss_relics":[{"not_picked":["Tiny House","Runic Dome"],"picked":"Empty Cage"},{"not_picked":["Pandora\u0027s Box","Coffee Dripper"],"picked":"Eternal Feather"}],"items_purged_floors":[],"is_endless":false,"potions_floor_spawned":[1,10,11,12,16,18,23,38],"killed_by":"Jaw Worm Horde","ascension_level":1}