{"gold_per_floor":[16,16,16,33,52,84,84,49,49,74,86,86,86,86,86,86],"floor_reached":16,"playtime":1003,"items_purged":[],"score":211,"play_id":"f5cb313b-f26f-4f09-8f80-d07d2268f1a0","local_time":"20190211163138","is_ascension_mode":true,"campfire_choices":[{"floor":7,"key":"REST"},{"floor":12,"key":"REST"},{"floor":15,"key":"REST"}],"neow_cost":"NO_GOLD","seed_source_timestamp":405626051034943,"circlet_count":0,"master_deck":["AscendersBane","Strike_R","Strike_R","Strike_R","Strike_R","Strike_R","Defend_R","Defend_R","Defend_R","Defend_R","Bash","Forethought","Panacea","Shrug It Off","Spot Weakness","Inflame","Shockwave","Metallicize"],"relics":["Burning Blood","Potion Belt","Blue Candle","Anchor"],"potions_floor_usage":[10,16,16],"damage_taken":[{"damage":12,"enemies":"Small Slimes","floor":1,"turns":5},{"damage":1,"enemies":"Cultist","floor":4,"turns":4},{"damage":2,"enemies":"2 Louse","floor":5,"turns":2},{"damage":42,"enemies":"Lagavulin","floor":6,"turns":8},{"damage":52,"enemies":"Gremlin Nob","floor":10,"turns":5},{"damage":2,"enemies":"2 Fungi Beasts","floor":11,"turns":5},{"damage":83,"enemies":"Hexaghost","floor":16,"turns":12}],"seed_played":"-896161577305695298","potions_obtained":[{"floor":2,"key":"GamblersBrew"},{"floor":2,"key":"FairyPotion"},{"floor":10,"key":"Fire Potion"},{"floor":11,"key":"Weak Potion"}],"is_trial":false,"path_per_floor":["M","?","$","M","M","E","R","?","T","E","M","R","?","?","R","B"],"character_chosen":"IRONCLAD","items_purchased":[],"campfire_rested":3,"item_purchase_floors":[],"current_hp_per_floor":[62,62,62,67,71,35,57,75,75,29,33,55,55,55,75,0],"gold":86,"neow_bonus":"RANDOM_COLORLESS_2","is_prod":false,"is_daily":false,"chose_seed":false,"campfire_upgraded":0,"win_rate":0,"timestamp":1549895498,"path_taken":["M","?","$","?","M","E","R","?","T","E","M","R","?","?","R","BOSS"],"build_version":"2019-01-23","purchased_purges":0,"victory":false,"max_hp_per_floor":[75,75,75,75,75,75,75,75,75,75,75,75,75,75,75,75],"card_choices":[{"not_picked":["Warcry","Sword Boomerang","Havoc"],"picked":"SKIP","floor":1},{"not_picked":["Headbutt","Sever Soul"],"picked":"Shrug It Off","floor":4},{"not_picked":["Iron Wave","Corruption"],"picked":"Spot Weakness","floor":5},{"not_picked":["Evolve","Immolate"],"picked":"Inflame","floor":6},{"not_picked":["Iron Wave","Clash"],"picked":"Shockwave","floor":10},{"not_picked":["Bloodletting","Blood for Blood"],"picked":"Metallicize","floor":11}],"player_experience":586263,"relics_obtained":[{"floor":6,"key":"Potion Belt"},{"floor":9,"key":"Blue Candle"},{"floor":10,"key":"Anchor"}],"event_choices":[{"damage_healed":0,"gold_gain":0,"player_choice":"Got Potions","damage_taken":0,"max_hp_gain":0,"max_hp_loss":0,"event_name":"Lab","floor":2,"gold_loss":0},{"damage_healed":18,"gold_gain":0,"player_choice":"Healed","damage_taken":0,"max_hp_gain":0,"max_hp_loss":0,"event_name":"The Cleric","floor":8,"gold_loss":35},{"damage_healed":0,"gold_gain":0,"player_choice":"Ignored","damage_taken":0,"max_hp_gain":0,"max_hp_loss":0,"event_name":"Golden Idol","floor":13,"gold_loss":0},{"damage_healed":0,"gold_gain":0,"player_choice":"0 cards matched","damage_taken":0,"max_hp_gain":0,"max_hp_loss":0,"event_name":"Match and Keep!","floor":14,"gold_loss":0,"cards_obtained":[]}],"is_beta":false,"boss_relics":[],"items_purged_floors":[],"is_endless":false,"potions_floor_spawned":[10,11],"killed_by":"Hexaghost","ascension_level":19}