{"gold_per_floor":[116,116,133,144,161,161,187,198,222,238,238,251,251,271,271,374,374,388,49,60,71,71,71,396,396,475,504,504,504,429,444,444,444],"floor_reached":33,"playtime":1986,"items_purged":[],"score":330,"play_id":"75762aeb-7871-4218-8968-c5b387a98437","local_time":"20190519032033","is_ascension_mode":true,"campfire_choices":[{"data":"Neutralize","floor":6,"key":"SMITH"},{"data":"Die Die Die","floor":11,"key":"SMITH"},{"data":"All Out Attack","floor":13,"key":"SMITH"},{"data":"Noxious Fumes","floor":15,"key":"SMITH"},{"data":"Glass Knife","floor":23,"key":"SMITH"},{"data":"Die Die Die","floor":25,"key":"SMITH"},{"data":"Malaise","floor":28,"key":"SMITH"},{"data":"Deadly Poison","floor":32,"key":"SMITH"}],"neow_cost":"PERCENT_DAMAGE","seed_source_timestamp":182098689935100,"circlet_count":0,"master_deck":["Defend_G","Defend_G","Defend_G","Defend_G","Defend_G","Strike_G","Strike_G","Neutralize+1","Dagger Spray","Backstab","Flying Knee","All Out Attack+1","Die Die Die+1","Backflip+1","Sucker Punch","Terror+1","Noxious Fumes+1","Die Die Die+1","Backflip","Glass Knife+1","Dagger Throw","Endless Agony","Slice+1","Burst","Malaise+1","Deadly Poison+1","Flying Knee"],"relics":["Ring of the Snake","Oddly Smooth Stone","Strawberry","Black Star","War Paint","Vajra","Snake Skull","Old Coin","Pantograph","Bag of Preparation","Dream Catcher"],"potions_floor_usage":[16,16,16,33,33,33],"damage_taken":[{"damage":0,"enemies":"Small Slimes","floor":1,"turns":7},{"damage":2,"enemies":"Cultist","floor":3,"turns":5},{"damage":0,"enemies":"Jaw Worm","floor":4,"turns":3},{"damage":0,"enemies":"2 Fungi Beasts","floor":5,"turns":3},{"damage":16,"enemies":"Lagavulin","floor":7,"turns":8},{"damage":0,"enemies":"Large Slime","floor":8,"turns":3},{"damage":0,"enemies":"3 Louse","floor":10,"turns":2},{"damage":6,"enemies":"Exordium Thugs","floor":12,"turns":3},{"damage":0,"enemies":"Looter","floor":14,"turns":1},{"damage":28,"enemies":"The Guardian","floor":16,"turns":7},{"damage":0,"enemies":"Chosen","floor":18,"turns":4},{"damage":10,"enemies":"2 Thieves","floor":20,"turns":4},{"damage":15,"enemies":"3 Cultists","floor":21,"turns":4},{"damage":0,"enemies":"Gremlin Leader","floor":24,"turns":3},{"damage":5,"enemies":"Slavers","floor":27,"turns":2},{"damage":14,"enemies":"Snecko","floor":31,"turns":4},{"damage":66,"enemies":"Champ","floor":33,"turns":8}],"seed_played":"3332225189726407004","potions_obtained":[{"floor":4,"key":"SkillPotion"},{"floor":5,"key":"SpeedPotion"},{"floor":7,"key":"Strength Potion"},{"floor":21,"key":"SteroidPotion"},{"floor":24,"key":"PowerPotion"},{"floor":27,"key":"FearPotion"}],"is_trial":false,"path_per_floor":["M","?","M","M","M","R","E","M","T","M","R","M","R","M","R","B",null,"M","$","M","M","?","R","E","R","T","E","R","?","?","M","R","B"],"character_chosen":"THE_SILENT","items_purchased":["Glass Knife","Dagger Throw","War Paint"],"campfire_rested":0,"item_purchase_floors":[19,19,19],"current_hp_per_floor":[49,49,47,47,47,47,31,31,38,38,38,32,32,32,32,4,77,77,77,67,52,52,52,52,52,52,47,47,47,47,33,33,0],"gold":444,"neow_bonus":"REMOVE_TWO","is_prod":false,"is_daily":false,"chose_seed":false,"campfire_upgraded":8,"win_rate":0,"timestamp":1558250433,"path_taken":["M","?","M","M","M","R","E","?","T","M","R","M","R","M","R","BOSS","M","$","M","M","?","R","E","R","T","E","R","?","?","M","R","BOSS"],"build_version":"2019-01-23","purchased_purges":0,"victory":false,"max_hp_per_floor":[70,70,70,70,70,70,70,70,77,77,77,77,77,77,77,77,77,77,77,77,77,77,77,77,77,77,77,77,77,77,77,77,77],"card_choices":[{"not_picked":["Skewer","Poisoned Stab"],"picked":"Dagger Spray","floor":1},{"not_picked":["Crippling Poison","Tactician"],"picked":"Backstab","floor":3},{"not_picked":["Slice","Bane"],"picked":"Flying Knee","floor":4},{"not_picked":["Reflex","Cloak And Dagger"],"picked":"All Out Attack","floor":5},{"not_picked":["Expertise","Backflip"],"picked":"Die Die Die","floor":7},{"not_picked":["Cloak And Dagger","Skewer"],"picked":"Backflip","floor":8},{"not_picked":["Phantasmal Killer","Bane"],"picked":"Sucker Punch","floor":10},{"not_picked":["Slice","Eviscerate"],"picked":"Terror","floor":12},{"not_picked":["PiercingWail","All Out Attack"],"picked":"Noxious Fumes","floor":14},{"not_picked":["Wraith Form v2","Doppelganger"],"picked":"Die Die Die","floor":16},{"not_picked":["Expertise","Skewer"],"picked":"Backflip","floor":18},{"not_picked":["Prepared","Dodge and Roll"],"picked":"Endless Agony","floor":20},{"not_picked":["Flying Knee","Dagger Spray"],"picked":"Slice+1","floor":21},{"not_picked":["Heel Hook","Dodge and Roll"],"picked":"Burst","floor":24},{"not_picked":["Quick Slash","Outmaneuver"],"picked":"Malaise","floor":27},{"not_picked":["Sucker Punch","Escape Plan+1"],"picked":"Flying Knee","floor":31}],"player_experience":22101,"relics_obtained":[{"floor":7,"key":"Oddly Smooth Stone"},{"floor":9,"key":"Strawberry"},{"floor":24,"key":"Snake Skull"},{"floor":24,"key":"Old Coin"},{"floor":26,"key":"Pantograph"},{"floor":27,"key":"Bag of Preparation"},{"floor":27,"key":"Dream Catcher"}],"event_choices":[{"cards_removed":["Survivor"],"damage_healed":0,"gold_gain":0,"player_choice":"Offered Basic","damage_taken":0,"max_hp_gain":0,"max_hp_loss":0,"event_name":"Bonfire Elementals","floor":2,"gold_loss":0},{"damage_healed":0,"gold_gain":0,"player_choice":"Opened","damage_taken":0,"relics_obtained":["Vajra"],"max_hp_gain":0,"max_hp_loss":0,"event_name":"The Mausoleum","floor":22,"gold_loss":0},{"damage_healed":0,"gold_gain":0,"player_choice":"Read","damage_taken":0,"max_hp_gain":0,"max_hp_loss":0,"event_name":"The Library","floor":29,"gold_loss":0,"cards_obtained":["Deadly Poison"]},{"cards_removed":["Strike_G"],"damage_healed":0,"gold_gain":0,"player_choice":"Gave Gold","damage_taken":0,"max_hp_gain":0,"max_hp_loss":0,"event_name":"Beggar","floor":30,"gold_loss":75}],"is_beta":false,"boss_relics":[{"not_picked":["Pandora\u0027s Box","Eternal Feather"],"picked":"Black Star"}],"items_purged_floors":[],"is_endless":false,"potions_floor_spawned":[4,5,7,10,12,21,24,27],"killed_by":"Champ","ascension_level":1}