{"gold_per_floor":[111,111,122,132,34,62,62,62,62,78,104,118,118,118,118,118],"floor_reached":16,"playtime":294,"items_purged":["Defend_R"],"score":110,"play_id":"fa531b69-4177-4779-bde0-106b98e6603d","local_time":"20181210115812","is_ascension_mode":false,"campfire_choices":[{"data":"Bash","floor":8,"key":"SMITH"},{"data":"Clash","floor":13,"key":"SMITH"},{"floor":15,"key":"REST"}],"neow_cost":"TEN_PERCENT_HP_LOSS","seed_source_timestamp":269937619323990,"circlet_count":0,"master_deck":["Strike_R","Strike_R","Strike_R","Strike_R","Strike_R","Bash+1","Clash+1"],"relics":["Burning Blood","Bird Faced Urn","StoneCalendar","Smiling Mask"],"potions_floor_usage":[11],"damage_taken":[{"damage":13,"enemies":"Jaw Worm","floor":1,"turns":3},{"damage":1,"enemies":"Cultist","floor":3,"turns":3},{"damage":5,"enemies":"Small Slimes","floor":4,"turns":3},{"damage":14,"enemies":"Gremlin Nob","floor":6,"turns":3},{"damage":21,"enemies":"2 Fungi Beasts","floor":10,"turns":3},{"damage":27,"enemies":"3 Sentries","floor":11,"turns":5},{"damage":7,"enemies":"Blue Slaver","floor":12,"turns":2},{"damage":54,"enemies":"Hexaghost","floor":16,"turns":5}],"seed_played":"-2145761749279365580","potions_obtained":[{"floor":1,"key":"AttackPotion"},{"floor":6,"key":"GamblersBrew"},{"floor":11,"key":"Energy Potion"}],"is_trial":false,"path_per_floor":["M","?","M","M","$","E","?","R","T","M","E","M","R","?","R","B"],"character_chosen":"IRONCLAD","items_purchased":["Clash"],"campfire_rested":1,"item_purchase_floors":[5],"current_hp_per_floor":[65,65,70,71,71,63,68,68,68,53,32,31,31,31,54,0],"gold":118,"neow_bonus":"REMOVE_TWO","is_prod":false,"is_daily":false,"chose_seed":false,"campfire_upgraded":2,"win_rate":0,"timestamp":1544461092,"path_taken":["M","?","M","?","$","E","?","R","T","M","E","M","R","?","R","BOSS"],"build_version":"2018-12-06","purchased_purges":1,"victory":false,"max_hp_per_floor":[72,72,72,72,72,72,77,77,77,77,77,77,77,77,77,77],"card_choices":[{"not_picked":["Rupture","Clothesline","Body Slam"],"picked":"SKIP","floor":1},{"not_picked":["Iron Wave","Anger","Reckless Charge"],"picked":"SKIP","floor":3},{"not_picked":["True Grit","Armaments","Thunderclap"],"picked":"SKIP","floor":4},{"not_picked":["Body Slam","Second Wind","Clothesline"],"picked":"SKIP","floor":6},{"not_picked":["Iron Wave","Searing Blow","Evolve"],"picked":"SKIP","floor":10},{"not_picked":["Iron Wave","Pommel Strike","Whirlwind"],"picked":"SKIP","floor":11},{"not_picked":["Iron Wave","Sword Boomerang","Cleave"],"picked":"SKIP","floor":12}],"player_experience":312881,"relics_obtained":[{"floor":6,"key":"Bird Faced Urn"},{"floor":9,"key":"StoneCalendar"},{"floor":11,"key":"Smiling Mask"}],"event_choices":[{"cards_removed":["Defend_R"],"damage_healed":0,"gold_gain":0,"player_choice":"Purged","damage_taken":0,"max_hp_gain":0,"max_hp_loss":0,"event_name":"Purifier","floor":2,"gold_loss":0},{"damage_healed":0,"gold_gain":0,"player_choice":"Donut","damage_taken":0,"max_hp_gain":5,"max_hp_loss":0,"event_name":"Big Fish","floor":7,"gold_loss":0},{"damage_healed":0,"gold_gain":0,"player_choice":"Ignored","damage_taken":0,"max_hp_gain":0,"max_hp_loss":0,"event_name":"Liars Game","floor":14,"gold_loss":0}],"is_beta":false,"boss_relics":[],"items_purged_floors":[5],"is_endless":false,"potions_floor_spawned":[1,6,11],"killed_by":"Hexaghost","ascension_level":0}