{"gold_per_floor":[116,116,133,147,164,194,194,219,219,144,144,144,44,54,54,151,151,170,97,97,97,110,110,140,140,165,165,180,198,198,232,232,336,336,347,347,347,45,62,87,112,112],"floor_reached":42,"playtime":2468,"items_purged":["Strike_R","Defend_R","Writhe"],"score":596,"play_id":"a006418d-d318-4b8d-9047-b818799b4527","local_time":"20190505222752","is_ascension_mode":true,"campfire_choices":[{"floor":7,"key":"REST"},{"floor":11,"key":"REST"},{"floor":15,"key":"REST"},{"floor":23,"key":"REST"},{"floor":25,"key":"REST"},{"floor":27,"key":"REST"},{"floor":32,"key":"REST"}],"neow_cost":"NONE","seed_source_timestamp":1842091574423907,"circlet_count":0,"master_deck":["Bash","Armaments","Infernal Blade","Uppercut+1","Reaper+1","Offering+1","Evolve","Rupture","Perfected Strike+1","Bloodletting","Shrug It Off","Double Tap","Bloodletting","Rupture","RitualDagger+1","Heavy Blade+1","Armaments+1","Dual Wield+1","Rupture","Sword Boomerang+1","Brutality","Shrug It Off+1","Violence"],"relics":["Fusion Hammer","Shuriken","Molten Egg 2","Letter Opener","Bronze Scales","Pandora\u0027s Box","Ancient Tea Set","Bag of Preparation","Orichalcum","Black Star","Pantograph","Question Card","Bag of Marbles"],"potions_floor_usage":[8,14,22,33,33,35],"damage_taken":[{"damage":0,"enemies":"Jaw Worm","floor":1,"turns":3},{"damage":0,"enemies":"Cultist","floor":3,"turns":3},{"damage":3,"enemies":"2 Louse","floor":4,"turns":2},{"damage":7,"enemies":"Looter","floor":5,"turns":4},{"damage":20,"enemies":"Gremlin Nob","floor":6,"turns":4},{"damage":12,"enemies":"Lagavulin","floor":8,"turns":5},{"damage":16,"enemies":"Exordium Thugs","floor":14,"turns":3},{"damage":31,"enemies":"The Guardian","floor":16,"turns":9},{"damage":19,"enemies":"3 Byrds","floor":18,"turns":3},{"damage":29,"enemies":"Shell Parasite","floor":22,"turns":2},{"damage":55,"enemies":"Book of Stabbing","floor":24,"turns":4},{"damage":26,"enemies":"Shelled Parasite and Fungi","floor":28,"turns":3},{"damage":41,"enemies":"Centurion and Healer","floor":29,"turns":4},{"damage":47,"enemies":"Slavers","floor":31,"turns":4},{"damage":34,"enemies":"Automaton","floor":33,"turns":3},{"damage":87,"enemies":"3 Darklings","floor":35,"turns":3},{"damage":13,"enemies":"Orb Walker","floor":39,"turns":2},{"damage":42,"enemies":"Nemesis","floor":40,"turns":5},{"damage":31,"enemies":"Jaw Worm Horde","floor":42,"turns":2}],"seed_played":"8087811013642346079","potions_obtained":[{"floor":3,"key":"SkillPotion"},{"floor":6,"key":"Fire Potion"},{"floor":16,"key":"Swift Potion"},{"floor":28,"key":"Fire Potion"},{"floor":29,"key":"PowerPotion"},{"floor":33,"key":"Energy Potion"}],"is_trial":false,"path_per_floor":["M","?","M","M","M","E","R","E","T","$","R","T","$","M","R","B",null,"M","$","?","?","M","R","E","R","T","R","M","M","?","E","R","B",null,"M","?","?","$","M","E","T","M"],"character_chosen":"IRONCLAD","items_purchased":["Rupture","Violence"],"campfire_rested":7,"item_purchase_floors":[19,38],"current_hp_per_floor":[80,80,80,77,70,50,74,62,62,62,80,80,80,64,80,49,80,70,70,64,64,35,59,24,48,48,72,58,71,56,47,72,38,85,38,38,59,59,70,28,28,0],"gold":112,"neow_bonus":"BOSS_RELIC","is_prod":false,"is_daily":false,"chose_seed":false,"campfire_upgraded":0,"win_rate":0,"timestamp":1557109672,"path_taken":["M","?","M","M","M","E","R","E","T","$","R","?","$","?","R","BOSS","M","$","?","?","?","R","E","R","T","R","M","M","?","E","R","BOSS","M","?","?","$","M","E","?","M"],"build_version":"2019-01-23","purchased_purges":3,"victory":false,"max_hp_per_floor":[80,80,80,80,80,80,80,80,80,80,80,80,80,80,80,80,80,80,80,80,80,80,80,80,80,80,80,80,80,85,85,85,85,85,85,85,85,85,85,85,85,85],"card_choices":[{"not_picked":["Headbutt","Clash","Twin Strike"],"picked":"SKIP","floor":1},{"not_picked":["Ghostly Armor","Metallicize"],"picked":"Armaments","floor":3},{"not_picked":["Anger","Cleave","Dual Wield"],"picked":"SKIP","floor":4},{"not_picked":["Intimidate","Thunderclap","Clash"],"picked":"SKIP","floor":5},{"not_picked":["Second Wind","Thunderclap"],"picked":"Infernal Blade","floor":6},{"not_picked":["Iron Wave","Sever Soul"],"picked":"Uppercut","floor":8},{"not_picked":["Bloodletting","Body Slam+1","Twin Strike+1"],"picked":"SKIP","floor":14},{"not_picked":["Juggernaut","Brutality"],"picked":"Reaper+1","floor":16},{"not_picked":["Clothesline+1","Anger+1"],"picked":"Bloodletting","floor":18},{"not_picked":["Inflame","Fire Breathing"],"picked":"Heavy Blade+1","floor":22},{"not_picked":["Fire Breathing","Warcry"],"picked":"Armaments+1","floor":24},{"not_picked":["Infernal Blade+1","Carnage+1"],"picked":"Dual Wield+1","floor":28},{"not_picked":["Headbutt+1","Sword Boomerang+1"],"picked":"Rupture","floor":29},{"not_picked":["Berserk","Perfected Strike+1"],"picked":"Sword Boomerang+1","floor":31},{"not_picked":["Double Tap","Immolate+1"],"picked":"Brutality","floor":33},{"not_picked":["Thunderclap+1","Sever Soul+1"],"picked":"Shrug It Off+1","floor":35},{"not_picked":["Burning Pact","Searing Blow+1","Reckless Charge+1"],"picked":"SKIP","floor":39},{"not_picked":["Clash+1","Sword Boomerang+1","Evolve"],"picked":"SKIP","floor":40}],"player_experience":180322,"relics_obtained":[{"floor":6,"key":"Shuriken"},{"floor":8,"key":"Molten Egg 2"},{"floor":9,"key":"Letter Opener"},{"floor":12,"key":"Bronze Scales"},{"floor":24,"key":"Ancient Tea Set"},{"floor":26,"key":"Bag of Preparation"},{"floor":31,"key":"Orichalcum"},{"floor":40,"key":"Pantograph"},{"floor":40,"key":"Question Card"},{"floor":41,"key":"Bag of Marbles"}],"event_choices":[{"damage_healed":0,"gold_gain":0,"player_choice":"Ignored","damage_taken":0,"max_hp_gain":0,"max_hp_loss":0,"event_name":"Liars Game","floor":2,"gold_loss":0},{"damage_healed":0,"gold_gain":0,"player_choice":"Joined the Cult","damage_taken":6,"max_hp_gain":0,"max_hp_loss":0,"event_name":"Nest","floor":20,"gold_loss":0,"cards_obtained":["RitualDagger"]},{"damage_healed":0,"gold_gain":0,"player_choice":"Upgraded","damage_taken":0,"max_hp_gain":0,"max_hp_loss":0,"event_name":"Upgrade Shrine","floor":21,"gold_loss":0,"cards_upgraded":["Offering"]},{"damage_healed":0,"gold_gain":0,"player_choice":"Shed Blood","damage_taken":20,"max_hp_gain":5,"max_hp_loss":0,"event_name":"Forgotten Altar","floor":30,"gold_loss":0},{"damage_healed":0,"gold_gain":0,"player_choice":"Ignored","damage_taken":0,"max_hp_gain":0,"max_hp_loss":0,"event_name":"Mysterious Sphere","floor":36,"gold_loss":0},{"damage_healed":21,"gold_gain":0,"player_choice":"Writhe","damage_taken":0,"max_hp_gain":0,"max_hp_loss":0,"event_name":"Winding Halls","floor":37,"gold_loss":0,"cards_obtained":["Writhe"]}],"is_beta":false,"boss_relics":[{"not_picked":["Runic Dome","Velvet Choker"],"picked":"Pandora\u0027s Box"},{"not_picked":["Coffee Dripper","Philosopher\u0027s Stone"],"picked":"Black Star"}],"items_purged_floors":[10,13,38],"is_endless":false,"potions_floor_spawned":[3,6,16,28,29,33],"killed_by":"Jaw Worm Horde","ascension_level":4}