{"gold_per_floor":[117,117,19,19,44,80,80,111,111,111,136,136,59,59,59,157,157,170,17,36,57,107,107,107],"floor_reached":24,"playtime":868,"items_purged":["Strike_R"],"score":454,"play_id":"4a859dec-d2f0-4e45-8b64-05926ff1a1a3","local_time":"20190514172213","is_ascension_mode":true,"campfire_choices":[{"data":"Inflame","floor":7,"key":"SMITH"},{"data":"Bash","floor":10,"key":"SMITH"},{"data":"Sword Boomerang","floor":12,"key":"SMITH"},{"data":"Combust","floor":15,"key":"SMITH"},{"floor":23,"key":"REST"}],"neow_cost":"NONE","seed_source_timestamp":705979083297659,"circlet_count":0,"master_deck":["AscendersBane","Strike_R","Strike_R","Strike_R","Strike_R","Defend_R","Defend_R","Defend_R","Defend_R","Bash+1","Twin Strike+1","Feel No Pain","Shrug It Off","Inflame+1","Sword Boomerang+1","Combust+1","Limit Break","Shrug It Off","Shockwave","Heavy Blade","Shrug It Off"],"relics":["Burning Blood","NeowsBlessing","Golden Idol","Question Card","PreservedInsect","Bottled Lightning","Fusion Hammer"],"potions_floor_usage":[21,21],"damage_taken":[{"damage":0,"enemies":"Jaw Worm","floor":1,"turns":1},{"damage":0,"enemies":"2 Louse","floor":5,"turns":2},{"damage":0,"enemies":"Lagavulin","floor":6,"turns":1},{"damage":18,"enemies":"3 Sentries","floor":8,"turns":13},{"damage":6,"enemies":"Cultist","floor":11,"turns":4},{"damage":34,"enemies":"The Guardian","floor":16,"turns":12},{"damage":34,"enemies":"2 Thieves","floor":18,"turns":4},{"damage":25,"enemies":"3 Byrds","floor":20,"turns":4},{"damage":10,"enemies":"Snecko","floor":21,"turns":4},{"damage":33,"enemies":"Chosen and Byrds","floor":24,"turns":7}],"seed_played":"-4393598692670154938","potions_obtained":[{"floor":5,"key":"SkillPotion"},{"floor":6,"key":"Ancient Potion"},{"floor":16,"key":"Fire Potion"}],"is_trial":false,"path_per_floor":["M","?","$","?","M","E","R","E","T","R","M","R","$","?","R","B",null,"M","$","M","M","?","R","M"],"character_chosen":"IRONCLAD","items_purchased":["Feel No Pain","Shrug It Off","Combust","Shockwave"],"campfire_rested":1,"item_purchase_floors":[3,3,13,19],"current_hp_per_floor":[74,68,68,73,73,73,73,61,61,61,61,61,61,61,61,33,63,35,35,16,12,12,33,0],"gold":107,"neow_bonus":"THREE_ENEMY_KILL","is_prod":false,"is_daily":false,"chose_seed":false,"campfire_upgraded":4,"win_rate":0,"timestamp":1557868933,"path_taken":["M","?","$","?","M","E","R","E","T","R","M","R","$","?","R","BOSS","M","$","?","M","?","R","M"],"build_version":"2019-01-23","purchased_purges":1,"victory":false,"max_hp_per_floor":[75,68,68,73,73,73,73,73,73,73,73,73,73,73,73,73,73,73,73,73,73,73,73,73],"card_choices":[{"not_picked":["Blood for Blood","Flex"],"picked":"Twin Strike","floor":1},{"not_picked":["Flex","Headbutt","Reckless Charge"],"picked":"SKIP","floor":5},{"not_picked":["Havoc","Whirlwind"],"picked":"Inflame","floor":6},{"not_picked":["Sentinel","Pommel Strike","Iron Wave"],"picked":"Sword Boomerang","floor":8},{"not_picked":["Cleave","Armaments","Dropkick","Pommel Strike"],"picked":"SKIP","floor":11},{"not_picked":["Dark Embrace","Juggernaut","Exhume"],"picked":"Limit Break","floor":16},{"not_picked":["Clothesline","Headbutt","Uppercut"],"picked":"Shrug It Off","floor":18},{"not_picked":["Combust","Wild Strike","Iron Wave"],"picked":"Heavy Blade","floor":20},{"not_picked":["Anger","Warcry","Immolate"],"picked":"Shrug It Off","floor":21}],"player_experience":624933,"relics_obtained":[{"floor":6,"key":"Question Card"},{"floor":8,"key":"PreservedInsect"},{"floor":9,"key":"Bottled Lightning"}],"event_choices":[{"damage_healed":0,"gold_gain":0,"player_choice":"Lose Max HP","damage_taken":0,"relics_obtained":["Golden Idol"],"max_hp_gain":0,"max_hp_loss":7,"event_name":"Golden Idol","floor":2,"gold_loss":0},{"damage_healed":0,"gold_gain":0,"player_choice":"Donut","damage_taken":0,"max_hp_gain":5,"max_hp_loss":0,"event_name":"Big Fish","floor":4,"gold_loss":0},{"damage_healed":0,"gold_gain":0,"player_choice":"Upgraded","damage_taken":0,"max_hp_gain":0,"max_hp_loss":0,"event_name":"Upgrade Shrine","floor":14,"gold_loss":0,"cards_upgraded":["Twin Strike"]},{"damage_healed":0,"gold_gain":50,"player_choice":"Stole From Cult","damage_taken":0,"max_hp_gain":0,"max_hp_loss":0,"event_name":"Nest","floor":22,"gold_loss":0}],"is_beta":false,"boss_relics":[{"not_picked":["Empty Cage","Black Star"],"picked":"Fusion Hammer"}],"items_purged_floors":[19],"is_endless":false,"potions_floor_spawned":[5,6,16],"killed_by":"Chosen and Byrds","ascension_level":20}