{"gold_per_floor":[119,119,119,119,135,135,164,181,208,236,236,252,252,272,272,373,373,341,341,62,72,82,82,102,76,76,91,91,108,108,27,27,126,126,143,43,63,63,29,43,43,43,70,70],"floor_reached":44,"playtime":3937,"items_purged":["Clumsy","Defend_B"],"score":620,"play_id":"8e2118ae-699a-4703-ac2b-acbef549c00f","local_time":"20190223214121","is_ascension_mode":true,"campfire_choices":[{"data":"White Noise","floor":6.0,"key":"SMITH"},{"floor":11.0,"key":"REST"},{"floor":15.0,"key":"REST"},{"data":"Self Repair","floor":23,"key":"SMITH"},{"floor":28,"key":"REST"},{"data":"Chill","floor":30,"key":"SMITH"},{"data":"Turbo","floor":32,"key":"SMITH"},{"data":"Double Energy","floor":41,"key":"SMITH"}],"neow_cost":"CURSE","seed_source_timestamp":774899151441159,"circlet_count":0,"master_deck":["Strike_B+1","Strike_B+1","Defend_B","Defend_B","Zap","Echo Form","White Noise+1","Self Repair+1","Reprogram","Streamline","Stack","Reboot","Reinforced Body+1","Consume+1","Steam+1","Chill+1","Conserve Battery","Loop","Turbo+1","Leap","Redo","Stack","Capacitor","Echo Form","Double Energy+1","Heatsinks"],"special_seed":0,"relics":["Cracked Core","Bag of Marbles","Pear","Whetstone","Potion Belt","Orichalcum","Astrolabe","Bronze Scales","Mercury Hourglass","Coffee Dripper","Vajra"],"potions_floor_usage":[33,33],"damage_taken":[{"damage":3.0,"enemies":"2 Louse","floor":1.0,"turns":2.0},{"damage":2.0,"enemies":"Jaw Worm","floor":5.0,"turns":5.0},{"damage":30.0,"enemies":"3 Sentries","floor":7.0,"turns":6.0},{"damage":1.0,"enemies":"Cultist","floor":8.0,"turns":4.0},{"damage":0.0,"enemies":"Lagavulin","floor":10.0,"turns":7.0},{"damage":7.0,"enemies":"Looter","floor":12.0,"turns":3.0},{"damage":8.0,"enemies":"Large Slime","floor":14.0,"turns":3.0},{"damage":41.0,"enemies":"Slime Boss","floor":16.0,"turns":8.0},{"damage":19.0,"enemies":"2 Thieves","floor":18.0,"turns":5.0},{"damage":20,"enemies":"Shell Parasite","floor":21,"turns":5},{"damage":15,"enemies":"3 Cultists","floor":22,"turns":7},{"damage":14,"enemies":"Chosen and Byrds","floor":24,"turns":6},{"damage":13,"enemies":"Sentry and Sphere","floor":27,"turns":6},{"damage":0,"enemies":"Centurion and Healer","floor":29,"turns":10},{"damage":19,"enemies":"Champ","floor":33,"turns":11},{"damage":22,"enemies":"3 Darklings","floor":35,"turns":5},{"damage":0,"enemies":"3 Shapes","floor":37,"turns":5},{"damage":19,"enemies":"3 Darklings","floor":40,"turns":5},{"damage":109,"enemies":"Transient","floor":44,"turns":5}],"seed_played":"3880699432742613674","potions_obtained":[{"floor":10.0,"key":"SteroidPotion"},{"floor":12.0,"key":"Regen Potion"},{"floor":16.0,"key":"SkillPotion"},{"floor":24,"key":"Dexterity Potion"},{"floor":29,"key":"AttackPotion"},{"floor":33,"key":"GamblersBrew"}],"is_trial":false,"path_per_floor":["M","?","?","T","M","R","E","M","T","E","R","M","?","M","R","B",null,"M","?","$","M","M","R","M","$","T","M","R","M","R","$","R","B",null,"M","$","M","?","$","M","R","$","T","M"],"character_chosen":"DEFECT","items_purchased":["Conserve Battery","Bronze Scales","Leap","Capacitor","Heatsinks"],"campfire_rested":3,"item_purchase_floors":[20,20,25,31,39],"current_hp_per_floor":[65,62,55,65,63,63,33,39,39,46,71,71,71,63,85,65,80,68,85,85,65,64,64,60,60,60,57,82,85,85,85,85,85,85,73,73,83,81,81,72,72,72,72,0],"gold":70,"neow_bonus":"THREE_RARE_CARDS","is_prod":false,"is_daily":false,"chose_seed":false,"campfire_upgraded":5,"win_rate":0,"timestamp":1550950881,"path_taken":["M","?","?","?","?","R","E","M","T","E","R","M","?","M","R","BOSS","M","?","$","M","M","R","?","$","T","M","R","?","R","$","R","BOSS","M","$","M","?","$","M","R","$","T","M"],"build_version":"2019-01-23","purchased_purges":2,"victory":false,"max_hp_per_floor":[75,75,75,85,85,85,85,85,85,85,85,85,85,85,85,85,85,85,85,85,85,85,85,85,85,85,85,85,85,85,85,85,85,85,85,85,85,81,81,81,81,81,81,81],"card_choices":[{"not_picked":["Buffer","Seek"],"picked":"Echo Form","floor":0.0},{"not_picked":["Cold Snap","Ball Lightning"],"picked":"White Noise","floor":1.0},{"not_picked":["Reprogram","Beam Cell","Rip and Tear"],"picked":"SKIP","floor":5.0},{"not_picked":["Steam","Hologram"],"picked":"Self Repair","floor":7.0},{"not_picked":["Sweeping Beam","Compile Driver"],"picked":"Reprogram","floor":8.0},{"not_picked":["Go for the Eyes","Redo"],"picked":"Streamline","floor":10.0},{"not_picked":["Go for the Eyes","Gash","Fusion"],"picked":"SKIP","floor":12.0},{"not_picked":["Hello World","Gash"],"picked":"Stack","floor":14.0},{"not_picked":["Seek","Hyperbeam"],"picked":"Reboot","floor":16.0},{"not_picked":["Stack+1","Coolheaded"],"picked":"Chill","floor":18.0},{"not_picked":["Sweeping Beam+1","Streamline","Hologram"],"picked":"SKIP","floor":21},{"not_picked":["Sweeping Beam","Amplify"],"picked":"Loop","floor":22},{"not_picked":["Gash+1","Redo"],"picked":"Turbo","floor":24},{"not_picked":["Coolheaded","Aggregate"],"picked":"Redo","floor":27},{"not_picked":["Coolheaded+1","Reprogram"],"picked":"Stack","floor":29},{"not_picked":["All For One","Biased Cognition"],"picked":"Echo Form","floor":33},{"not_picked":["FTL","Gash"],"picked":"Double Energy","floor":35},{"not_picked":["Steam","Doom and Gloom","Compile Driver+1"],"picked":"SKIP","floor":37},{"not_picked":["Blizzard+1","Hello World","Scrape"],"picked":"SKIP","floor":40}],"player_experience":654197,"relics_obtained":[{"floor":4.0,"key":"Pear"},{"floor":7.0,"key":"Whetstone"},{"floor":9.0,"key":"Potion Belt"},{"floor":10.0,"key":"Orichalcum"},{"floor":26,"key":"Mercury Hourglass"},{"floor":43,"key":"Vajra"}],"event_choices":[{"damage_healed":0.0,"max_hp_gain":0.0,"max_hp_loss":0.0,"gold_gain":0.0,"event_name":"Scrap Ooze","player_choice":"Success","floor":2.0,"gold_loss":0.0,"damage_taken":3.0,"relics_obtained":["Bag of Marbles"]},{"cards_removed":["Strike_B"],"damage_healed":0.0,"max_hp_gain":0.0,"max_hp_loss":0.0,"gold_gain":0.0,"event_name":"Golden Wing","player_choice":"Card Removal","floor":3.0,"gold_loss":0.0,"damage_taken":7.0},{"damage_healed":0.0,"max_hp_gain":0.0,"max_hp_loss":0.0,"gold_gain":0.0,"event_name":"Liars Game","player_choice":"Ignored","floor":13.0,"gold_loss":0.0,"damage_taken":0.0},{"damage_healed":17.0,"max_hp_gain":0.0,"max_hp_loss":0.0,"gold_gain":0.0,"event_name":"Wheel of Change","player_choice":"Full Heal","floor":19.0,"gold_loss":0.0,"damage_taken":0.0},{"damage_healed":0,"gold_gain":0,"player_choice":"Max HP","damage_taken":0,"max_hp_gain":0,"max_hp_loss":4,"event_name":"Winding Halls","floor":38,"gold_loss":0}],"is_beta":false,"boss_relics":[{"not_picked":["Inserter","Busted Crown"],"picked":"Astrolabe"},{"not_picked":["Orrery","Calling Bell"],"picked":"Coffee Dripper"}],"items_purged_floors":[20,36],"is_endless":false,"potions_floor_spawned":[10,12,16,24,29,33],"killed_by":"Transient","ascension_level":8}