{"gold_per_floor":[219,9,9,23,23,23,23,23,69,69,20,40,52,62,62,158,158,177,28,45,45,45],"floor_reached":22,"playtime":1290,"items_purged":["Accuracy"],"score":183,"play_id":"3d8f4124-4829-4a3d-9dd3-c2ec45c97248","local_time":"20190518145010","is_ascension_mode":true,"campfire_choices":[{"data":"Catalyst","floor":6,"key":"SMITH"},{"data":"Neutralize","floor":8,"key":"SMITH"},{"data":"Dodge and Roll","floor":10,"key":"SMITH"},{"data":"Deadly Poison","floor":15,"key":"SMITH"}],"neow_cost":"NONE","seed_source_timestamp":137770350788200,"circlet_count":0,"master_deck":["Defend_G","Defend_G","Defend_G","Defend_G","Defend_G","Strike_G","Strike_G","Strike_G","Strike_G","Survivor","Neutralize+1","Catalyst+1","Dodge and Roll+1","Regret","Deadly Poison+1","Acrobatics","Leg Sweep","Outmaneuver","Burst","Noxious Fumes","Noxious Fumes","Dash","RitualDagger"],"relics":["Ring of the Snake","TwistedFunnel","FossilizedHelix","Matryoshka","Potion Belt","Happy Flower","Busted Crown"],"potions_floor_usage":[16,16],"damage_taken":[{"damage":3,"enemies":"Jaw Worm","floor":1,"turns":5},{"damage":1,"enemies":"Cultist","floor":4,"turns":4},{"damage":0,"enemies":"2 Louse","floor":12,"turns":2},{"damage":1,"enemies":"Blue Slaver","floor":13,"turns":3},{"damage":3,"enemies":"Lots of Slimes","floor":14,"turns":4},{"damage":22,"enemies":"The Guardian","floor":16,"turns":9},{"damage":5,"enemies":"Shell Parasite","floor":18,"turns":6},{"damage":0,"enemies":"Chosen","floor":20,"turns":4},{"damage":23,"enemies":"Colosseum Slavers","floor":22,"turns":6},{"damage":46,"enemies":"Colosseum Nobs","floor":22,"turns":5}],"seed_played":"8256312689804743780","potions_obtained":[{"floor":1,"key":"Poison Potion"},{"floor":4,"key":"SkillPotion"},{"floor":12,"key":"Block Potion"},{"floor":20,"key":"SpeedPotion"}],"is_trial":false,"path_per_floor":["M","$","?","M","?","R","?","R","T","R","$","M","M","M","R","B",null,"M","$","M","?","?"],"character_chosen":"THE_SILENT","items_purchased":["TwistedFunnel","Deadly Poison","Noxious Fumes"],"campfire_rested":0,"item_purchase_floors":[2,11,19],"current_hp_per_floor":[67,67,67,66,66,66,66,66,66,66,66,66,65,62,62,40,70,65,65,65,59,0],"gold":45,"neow_bonus":"HUNDRED_GOLD","is_prod":false,"is_daily":false,"chose_seed":false,"campfire_upgraded":4,"win_rate":0,"timestamp":1558205410,"path_taken":["M","$","?","?","?","R","?","R","T","R","$","?","M","M","R","BOSS","M","$","M","?","?"],"build_version":"2019-01-23","purchased_purges":1,"victory":false,"max_hp_per_floor":[70,70,70,70,70,70,70,70,70,70,70,70,70,70,70,70,70,70,70,70,70,70],"card_choices":[{"not_picked":["Calculated Gamble","Poisoned Stab"],"picked":"Catalyst","floor":1},{"not_picked":["Blade Dance","Finisher"],"picked":"Dodge and Roll","floor":4},{"not_picked":["Phantasmal Killer","Sucker Punch"],"picked":"Acrobatics","floor":12},{"not_picked":["Finisher","Slice"],"picked":"Leg Sweep","floor":13},{"not_picked":["Dodge and Roll","Quick Slash"],"picked":"Outmaneuver","floor":14},{"not_picked":["Die Die Die","Tools of the Trade"],"picked":"Burst","floor":16},{"not_picked":[],"picked":"Noxious Fumes","floor":18},{"not_picked":[],"picked":"Dash","floor":20}],"player_experience":18693,"relics_obtained":[{"floor":9,"key":"Potion Belt"},{"floor":9,"key":"Happy Flower"}],"event_choices":[{"damage_healed":0,"gold_gain":0,"cards_transformed":["Strike_G"],"player_choice":"Transformed","damage_taken":0,"max_hp_gain":0,"max_hp_loss":0,"event_name":"Transmorgrifier","floor":3,"gold_loss":0,"cards_obtained":["Accuracy"]},{"damage_healed":0,"gold_gain":0,"player_choice":"Box","damage_taken":0,"relics_obtained":["FossilizedHelix"],"max_hp_gain":0,"max_hp_loss":0,"event_name":"Big Fish","floor":5,"gold_loss":0,"cards_obtained":["Regret"]},{"damage_healed":0,"gold_gain":0,"player_choice":"Gave Potion","damage_taken":0,"relics_obtained":["Matryoshka"],"max_hp_gain":0,"max_hp_loss":0,"event_name":"WeMeetAgain","floor":7,"gold_loss":0},{"damage_healed":0,"gold_gain":0,"player_choice":"Joined the Cult","damage_taken":6,"max_hp_gain":0,"max_hp_loss":0,"event_name":"Nest","floor":21,"gold_loss":0,"cards_obtained":["RitualDagger"]},{"damage_healed":0,"gold_gain":0,"player_choice":"Fight","damage_taken":0,"max_hp_gain":0,"max_hp_loss":0,"event_name":"Colosseum","floor":22,"gold_loss":0},{"damage_healed":0,"gold_gain":0,"player_choice":"Fought Nobs","damage_taken":0,"max_hp_gain":0,"max_hp_loss":0,"event_name":"Colosseum","floor":22,"gold_loss":0}],"is_beta":false,"boss_relics":[{"not_picked":["White Beast Statue","Runic Pyramid"],"picked":"Busted Crown"}],"items_purged_floors":[19],"is_endless":false,"potions_floor_spawned":[1,4,12,20,22],"killed_by":"Colosseum Nobs","ascension_level":1}