{"gold_per_floor":[12,12,12,26,201,228,228,115,189,189,189,221,255,268,268,268],"floor_reached":16,"playtime":1073,"items_purged":["Strike_R"],"score":122,"play_id":"9c8b509b-a417-463f-a35c-f0abdb308419","local_time":"20190428152301","is_ascension_mode":true,"campfire_choices":[{"floor":7,"key":"REST"},{"floor":11,"key":"REST"},{"floor":15,"key":"REST"}],"neow_cost":"NO_GOLD","seed_source_timestamp":1213187417318001,"circlet_count":0,"master_deck":["Strike_R","Strike_R+1","Strike_R","Strike_R","Defend_R","Defend_R+1","Defend_R","Bash","Sentinel","Clothesline","Doubt","Heavy Blade","Uppercut","Corruption","Armaments+1","Impervious+1"],"relics":["Burning Blood","WingedGreaves","Question Card","Toxic Egg 2","Anchor","Boot","Incense Burner"],"potions_floor_usage":[12,12],"damage_taken":[{"damage":8,"enemies":"2 Louse","floor":1,"turns":4},{"damage":0,"enemies":"Small Slimes","floor":4,"turns":3},{"damage":26,"enemies":"Gremlin Nob","floor":6,"turns":5},{"damage":23,"enemies":"3 Sentries","floor":12,"turns":7},{"damage":28,"enemies":"Gremlin Nob","floor":13,"turns":5},{"damage":0,"enemies":"Jaw Worm","floor":14,"turns":3},{"damage":70,"enemies":"Hexaghost","floor":16,"turns":16}],"seed_played":"8002694949162936296","potions_obtained":[{"floor":1,"key":"Fire Potion"},{"floor":4,"key":"PowerPotion"},{"floor":6,"key":"Ancient Potion"}],"is_trial":false,"path_per_floor":["M","?","?","M","?","E","R","$","T","?","R","E","E","M","R","B"],"character_chosen":"IRONCLAD","items_purchased":["Uppercut"],"campfire_rested":3,"item_purchase_floors":[8],"current_hp_per_floor":[78,78,62,68,68,48,72,72,72,54,78,61,39,45,69,0],"gold":268,"neow_bonus":"ONE_RARE_RELIC","is_prod":false,"is_daily":false,"chose_seed":false,"campfire_upgraded":0,"win_rate":0,"timestamp":1556479381,"path_taken":["M","?","?","M","?","E","R","?","T","?","R","E","E","?","R","BOSS"],"build_version":"2019-01-23","purchased_purges":1,"victory":false,"max_hp_per_floor":[80,80,80,80,80,80,80,80,80,80,80,80,80,80,80,80],"card_choices":[{"not_picked":["Intimidate","Disarm"],"picked":"Sentinel","floor":1},{"not_picked":["Disarm","Pommel Strike"],"picked":"Clothesline","floor":4},{"not_picked":["Inflame","Power Through"],"picked":"Heavy Blade","floor":6},{"not_picked":["Pommel Strike","Sword Boomerang","Thunderclap"],"picked":"Corruption","floor":12},{"not_picked":["Anger","Hemokinesis","Headbutt"],"picked":"Armaments+1","floor":13},{"not_picked":["Feel No Pain","Headbutt","Sword Boomerang"],"picked":"Impervious+1","floor":14}],"player_experience":148282,"relics_obtained":[{"floor":6,"key":"Question Card"},{"floor":9,"key":"Toxic Egg 2"},{"floor":12,"key":"Boot"},{"floor":13,"key":"Incense Burner"}],"event_choices":[{"cards_removed":["Defend_R"],"damage_healed":0,"gold_gain":0,"player_choice":"Forget","damage_taken":0,"max_hp_gain":0,"max_hp_loss":0,"event_name":"Living Wall","floor":2,"gold_loss":0},{"damage_healed":0,"gold_gain":0,"player_choice":"Entered Light","damage_taken":16,"max_hp_gain":0,"max_hp_loss":0,"event_name":"Shining Light","floor":3,"gold_loss":0,"cards_upgraded":["Defend_R","Strike_R"]},{"damage_healed":0,"gold_gain":175,"player_choice":"AGREE","damage_taken":0,"max_hp_gain":0,"max_hp_loss":0,"event_name":"Liars Game","floor":5,"gold_loss":0,"cards_obtained":["Doubt"]},{"damage_healed":0,"gold_gain":0,"player_choice":"Success","damage_taken":18,"relics_obtained":["Anchor"],"max_hp_gain":0,"max_hp_loss":0,"event_name":"Scrap Ooze","floor":10,"gold_loss":0}],"is_beta":false,"boss_relics":[],"items_purged_floors":[8],"is_endless":false,"potions_floor_spawned":[1,4,6],"killed_by":"Hexaghost","ascension_level":1}