{"gold_per_floor":[116,116,116,2,17,17,60,93,158,186,148,174,210,238,250,391,403,428,340,361,361],"floor_reached":21,"playtime":901,"items_purged":["Strike_R","Strike_R"],"score":279,"play_id":"abcbcf9b-4e79-4bae-87a8-4374ce670154","local_time":"20190507204254","is_ascension_mode":true,"campfire_choices":[{"data":"Hemokinesis","floor":6,"key":"SMITH"},{"data":"Feed","floor":15,"key":"SMITH"}],"neow_cost":"NONE","seed_source_timestamp":2010166231596664,"circlet_count":0,"master_deck":["Strike_R","Strike_R","Strike_R","Defend_R+1","Defend_R","Defend_R+1","Bash","Hemokinesis+1","Rupture","Feed+1","Reaper"],"relics":["Burning Blood","Golden Idol","MawBank","War Paint","Runic Pyramid"],"potions_floor_usage":[7,14,16,16,18,21],"damage_taken":[{"damage":6,"enemies":"Cultist","floor":1,"turns":4},{"damage":3,"enemies":"2 Louse","floor":5,"turns":3},{"damage":24,"enemies":"Gremlin Nob","floor":7,"turns":4},{"damage":15,"enemies":"Jaw Worm","floor":8,"turns":4},{"damage":7,"enemies":"Blue Slaver","floor":10,"turns":4},{"damage":9,"enemies":"Large Slime","floor":12,"turns":5},{"damage":9,"enemies":"3 Louse","floor":13,"turns":3},{"damage":18,"enemies":"Lots of Slimes","floor":14,"turns":3},{"damage":25,"enemies":"Slime Boss","floor":16,"turns":9},{"damage":25,"enemies":"2 Thieves","floor":18,"turns":4},{"damage":13,"enemies":"Chosen","floor":20,"turns":4},{"damage":104,"enemies":"3 Cultists","floor":21,"turns":6}],"seed_played":"-3291366729211078707","potions_obtained":[{"floor":5,"key":"BloodPotion"},{"floor":8,"key":"Swift Potion"},{"floor":12,"key":"SteroidPotion"},{"floor":13,"key":"Strength Potion"},{"floor":14,"key":"Weak Potion"},{"floor":20,"key":"Block Potion"}],"is_trial":false,"path_per_floor":["M","?","?","$","M","R","E","M","T","M","?","M","M","M","R","B",null,"M","$","M","M"],"character_chosen":"IRONCLAD","items_purchased":["Rupture"],"campfire_rested":0,"item_purchase_floors":[4],"current_hp_per_floor":[88,88,66,66,69,69,59,50,50,49,49,49,49,40,40,25,82,73,73,70,0],"gold":361,"neow_bonus":"TEN_PERCENT_HP_BONUS","is_prod":false,"is_daily":false,"chose_seed":false,"campfire_upgraded":2,"win_rate":0,"timestamp":1557276174,"path_taken":["M","?","?","$","M","R","E","?","T","M","?","M","M","M","R","BOSS","M","$","M","M"],"build_version":"2019-01-23","purchased_purges":2,"victory":false,"max_hp_per_floor":[88,88,88,88,88,88,88,88,88,88,88,91,94,97,97,101,101,105,105,109,113],"card_choices":[{"not_picked":["Warcry","Twin Strike"],"picked":"Hemokinesis","floor":1},{"not_picked":["Iron Wave","Rage","Headbutt"],"picked":"SKIP","floor":5},{"not_picked":["Armaments","Iron Wave","Feel No Pain"],"picked":"SKIP","floor":7},{"not_picked":["Iron Wave","Twin Strike","Wild Strike"],"picked":"SKIP","floor":8},{"not_picked":["Heavy Blade","Shockwave"],"picked":"Feed","floor":10},{"not_picked":["Searing Blow","Warcry","True Grit"],"picked":"SKIP","floor":12},{"not_picked":["True Grit","Sword Boomerang","Flex"],"picked":"SKIP","floor":13},{"not_picked":["Armaments","True Grit","Thunderclap"],"picked":"SKIP","floor":14},{"not_picked":["Fiend Fire","Juggernaut"],"picked":"Reaper","floor":16},{"not_picked":["Shrug It Off","Headbutt","Flex"],"picked":"SKIP","floor":18},{"not_picked":["Wild Strike","Infernal Blade","Havoc"],"picked":"SKIP","floor":20}],"player_experience":193221,"relics_obtained":[{"floor":7,"key":"MawBank"},{"floor":9,"key":"War Paint"}],"event_choices":[{"damage_healed":0,"gold_gain":0,"player_choice":"Ignored","damage_taken":0,"max_hp_gain":0,"max_hp_loss":0,"event_name":"Shining Light","floor":2,"gold_loss":0},{"damage_healed":0,"gold_gain":0,"player_choice":"Take Damage","damage_taken":22,"relics_obtained":["Golden Idol"],"max_hp_gain":0,"max_hp_loss":0,"event_name":"Golden Idol","floor":3,"gold_loss":0},{"cards_removed":["Defend_R"],"damage_healed":0,"gold_gain":0,"player_choice":"Card Removal","damage_taken":0,"max_hp_gain":0,"max_hp_loss":0,"event_name":"The Cleric","floor":11,"gold_loss":50}],"is_beta":false,"boss_relics":[{"not_picked":["Fusion Hammer","Busted Crown"],"picked":"Runic Pyramid"}],"items_purged_floors":[4,19],"is_endless":false,"potions_floor_spawned":[5,8,12,13,14,20],"killed_by":"3 Cultists","ascension_level":5}