{"gold_per_floor":[112,112,62,11,11,11,37,37,37,49,60,60,70,83,83,185,185,198,25,42,42,61,61,61,73,73,84,84,99,99,112,112,112],"floor_reached":33,"playtime":2808,"items_purged":["Defend_R"],"score":249,"play_id":"76058561-db67-4864-8638-03e4db7f87c7","local_time":"20180703101149","is_ascension_mode":false,"campfire_choices":[{"data":"Bash","floor":6,"key":"SMITH"},{"data":"Wild Strike","floor":8,"key":"SMITH"},{"data":"Iron Wave","floor":12,"key":"SMITH"},{"data":"Brutality","floor":15,"key":"SMITH"},{"data":"Rage","floor":23,"key":"SMITH"},{"floor":30,"key":"REST"},{"floor":32,"key":"REST"}],"neow_cost":"NONE","seed_source_timestamp":1682311815049824,"circlet_count":0,"master_deck":["Strike_R","Strike_R","Strike_R","Strike_R","Defend_R","Defend_R","Bash+1","Iron Wave+1","Armaments+1","Wild Strike+1","Iron Wave+1","Twin Strike","Brutality+1","Cleave","Juggernaut","Rampage+1","Bandage Up","Rage+1","Writhe","Dual Wield+1","Wild Strike","Rage","Wild Strike","Clash"],"relics":["Burning Blood","Strawberry","Bottled Flame","Runic Cube","Anchor","Pen Nib"],"potions_floor_usage":[16,22,27,33,33],"damage_taken":[{"damage":5,"enemies":"Cultist","floor":1,"turns":4},{"damage":14,"enemies":"Gremlin Nob","floor":7,"turns":4},{"damage":0,"enemies":"2 Louse","floor":10,"turns":2},{"damage":0,"enemies":"Small Slimes","floor":11,"turns":2},{"damage":4,"enemies":"Exordium Wildlife","floor":13,"turns":3},{"damage":4,"enemies":"Blue Slaver","floor":14,"turns":3},{"damage":26,"enemies":"Slime Boss","floor":16,"turns":7},{"damage":6,"enemies":"Chosen","floor":18,"turns":6},{"damage":17,"enemies":"3 Byrds","floor":20,"turns":5},{"damage":33,"enemies":"Snecko","floor":22,"turns":5},{"damage":45,"enemies":"Centurion and Healer","floor":25,"turns":6},{"damage":20,"enemies":"3 Cultists","floor":27,"turns":5},{"damage":26,"enemies":"Snake Plant","floor":29,"turns":6},{"damage":13,"enemies":"Cultist and Chosen","floor":31,"turns":6},{"damage":99,"enemies":"Collector","floor":33,"turns":9}],"seed_played":"5665099957713369528","potions_obtained":[{"floor":7,"key":"Poison Potion"},{"floor":14,"key":"AttackPotion"},{"floor":18,"key":"Weak Potion"},{"floor":29,"key":"AttackPotion"},{"floor":31,"key":"Regen Potion"}],"is_trial":false,"path_per_floor":["M","?","?","$","?","R","E","R","T","M","M","R","M","M","R","B",null,"M","$","M","?","M","R","?","M","T","M","?","M","R","M","R"],"character_chosen":"IRONCLAD","items_purchased":["Armaments","Bandage Up"],"campfire_rested":2,"item_purchase_floors":[4,19],"current_hp_per_floor":[80,80,80,80,80,80,79,79,79,85,87,87,87,87,87,67,87,87,87,80,80,57,57,57,24,24,14,43,29,55,52,78,0],"gold":112,"neow_bonus":"REMOVE_CARD","is_prod":false,"is_daily":false,"chose_seed":false,"campfire_upgraded":5,"win_rate":0.0,"timestamp":1530627109,"path_taken":["M","?","?","$","?","R","E","R","T","?","M","R","?","M","R","BOSS","M","$","M","?","M","R","?","?","T","M","?","M","R","M","R","BOSS"],"build_version":"2018-06-28","purchased_purges":1,"victory":false,"max_hp_per_floor":[80,80,80,80,80,80,87,87,87,87,87,87,87,87,87,87,87,87,87,87,87,87,87,87,87,87,87,87,87,87,87,87,87],"card_choices":[{"not_picked":["Clothesline","Inflame"],"picked":"Iron Wave","floor":1},{"not_picked":["Shrug It Off","Fire Breathing"],"picked":"Wild Strike","floor":7},{"not_picked":["Sword Boomerang","Body Slam"],"picked":"Iron Wave","floor":10},{"not_picked":["Heavy Blade","Fire Breathing"],"picked":"Twin Strike","floor":11},{"not_picked":["Warcry","Body Slam"],"picked":"Brutality","floor":13},{"not_picked":["Pummel","Perfected Strike"],"picked":"Cleave","floor":14},{"not_picked":["Berserk","Limit Break"],"picked":"Juggernaut","floor":16},{"not_picked":["Clash","Anger"],"picked":"Rampage+1","floor":18},{"not_picked":["True Grit","Clash"],"picked":"Rage","floor":20},{"not_picked":["Twin Strike","Cleave"],"picked":"Dual Wield+1","floor":22},{"not_picked":["Pommel Strike","Clothesline"],"picked":"Wild Strike","floor":25},{"not_picked":["Flex+1","Flame Barrier+1"],"picked":"Rage","floor":27},{"not_picked":["Dropkick+1","Fiend Fire"],"picked":"Wild Strike","floor":29},{"not_picked":["True Grit","Intimidate"],"picked":"Clash","floor":31}],"player_experience":28828,"relics_obtained":[{"floor":7,"key":"Strawberry"},{"floor":9,"key":"Bottled Flame"},{"floor":26,"key":"Pen Nib"}],"event_choices":[{"event_name":"Upgrade Shrine","player_choice":"Upgraded","floor":2,"damage_taken":0},{"event_name":"The Cleric","player_choice":"Card Removal","floor":3,"damage_taken":0},{"event_name":"Accursed Blacksmith","player_choice":"Forge","floor":5,"damage_taken":0},{"event_name":"The Mausoleum","player_choice":"Yes","floor":21,"damage_taken":0},{"event_name":"Drug Dealer","player_choice":"Ignored","floor":24,"damage_taken":0},{"event_name":"The Library","player_choice":"Heal","floor":28,"damage_taken":0}],"boss_relics":[{"not_picked":["Ectoplasm","Sozu"],"picked":"Runic Cube"}],"items_purged_floors":[19],"is_endless":false,"potions_floor_spawned":[7,14,18,29,31],"killed_by":"Collector","ascension_level":0}