{"gold_per_floor":[11,0,17,35,22,52,121,121,121,131,164,176,176,189,189,189],"floor_reached":16,"playtime":1270,"items_purged":[],"score":177,"play_id":"fee1e192-7084-418b-ae29-d66f7dc06727","local_time":"20190205105054","is_ascension_mode":true,"campfire_choices":[{"floor":6.0,"key":"DIG"},{"floor":8.0,"key":"DIG"},{"floor":13,"key":"REST"},{"floor":15,"key":"REST"}],"neow_cost":"NO_GOLD","seed_source_timestamp":2133343994627179,"circlet_count":0,"master_deck":["AscendersBane","Strike_R","Strike_R","Strike_R","Strike_R","Strike_R","Defend_R","Defend_R","Defend_R","Defend_R","Bash","Armaments","True Grit","Headbutt","Battle Trance","Feed","Cleave","Ghostly Armor"],"special_seed":0,"relics":["Burning Blood","Shovel","Tiny Chest","Blue Candle","Darkstone Periapt","Shuriken","Pear"],"potions_floor_usage":[10,16,16],"damage_taken":[{"damage":6.0,"enemies":"Jaw Worm","floor":1.0,"turns":6.0},{"damage":1.0,"enemies":"Cultist","floor":3.0,"turns":4.0},{"damage":1.0,"enemies":"Small Slimes","floor":4.0,"turns":5.0},{"damage":11.0,"enemies":"Exordium Thugs","floor":5.0,"turns":4.0},{"damage":17,"enemies":"Lots of Slimes","floor":10,"turns":5},{"damage":36,"enemies":"Gremlin Nob","floor":11,"turns":5},{"damage":7,"enemies":"Blue Slaver","floor":12,"turns":4},{"damage":5,"enemies":"Large Slime","floor":14,"turns":5},{"damage":94,"enemies":"Hexaghost","floor":16,"turns":14}],"seed_played":"5260678291115743957","potions_obtained":[{"floor":5.0,"key":"LiquidBronze"},{"floor":11,"key":"EssenceOfSteel"},{"floor":12,"key":"EssenceOfSteel"}],"is_trial":false,"path_per_floor":["M","?","M","M","M","R","T","R","T","M","E","M","R","M","R","B"],"character_chosen":"IRONCLAD","items_purchased":[],"campfire_rested":2,"item_purchase_floors":[],"current_hp_per_floor":[68,68,73,75,70,70,70,70,70,59,39,41,67,71,91,0],"gold":189,"neow_bonus":"ONE_RARE_RELIC","is_prod":false,"is_daily":false,"chose_seed":false,"campfire_upgraded":0,"win_rate":0,"timestamp":1549356654,"path_taken":["M","?","M","M","M","R","?","R","T","M","E","M","R","?","R","BOSS"],"build_version":"2019-01-23","purchased_purges":0,"victory":false,"max_hp_per_floor":[75,75,75,75,75,75,75,75,75,75,85,88,88,91,91,91],"card_choices":[{"not_picked":["Sword Boomerang","Twin Strike"],"picked":"Armaments","floor":1.0},{"not_picked":["Headbutt","Anger"],"picked":"True Grit","floor":3.0},{"not_picked":["Flex","Clothesline"],"picked":"Headbutt","floor":4.0},{"not_picked":["True Grit","Armaments","Sword Boomerang"],"picked":"SKIP","floor":5.0},{"not_picked":["Havoc","Flex"],"picked":"Battle Trance","floor":10},{"not_picked":["Sentinel","Clothesline"],"picked":"Feed","floor":11},{"not_picked":["Reckless Charge","Evolve"],"picked":"Cleave","floor":12},{"not_picked":["Heavy Blade","Spot Weakness"],"picked":"Ghostly Armor","floor":14}],"player_experience":505148,"relics_obtained":[{"floor":6.0,"key":"Tiny Chest"},{"floor":7.0,"key":"Blue Candle"},{"floor":8.0,"key":"Darkstone Periapt"},{"floor":9.0,"key":"Shuriken"},{"floor":11,"key":"Pear"}],"event_choices":[{"damage_healed":0.0,"max_hp_gain":0.0,"max_hp_loss":0.0,"gold_gain":0.0,"event_name":"World of Goop","player_choice":"Left Gold","floor":2.0,"gold_loss":11.0,"damage_taken":0.0}],"is_beta":false,"boss_relics":[],"items_purged_floors":[],"is_endless":false,"potions_floor_spawned":[5,11,12,14],"killed_by":"Hexaghost","ascension_level":14}