{"gold_per_floor":[110,120,120,136,136,161,161,181,181,54,79,79,98,113,113,214,214,229,247,147,178,196,224,224,259,259,287,93,120,120,132,132,227,227,246,346,358,378,408,435,435,468,468,468,483,518,538,562,562,562],"floor_reached":51,"playtime":2548,"items_purged":["Regret","Defend_R"],"score":1193,"play_id":"c51f85be-303e-4be0-b71d-ae2f983bdc63","local_time":"20190509191354","is_ascension_mode":true,"campfire_choices":[{"floor":12,"key":"REST"},{"data":"Bloodletting","floor":15,"key":"SMITH"},{"floor":32,"key":"REST"},{"floor":41,"key":"REST"},{"floor":44,"key":"REST"},{"floor":49,"key":"REST"}],"neow_cost":"NONE","seed_source_timestamp":2175942543196114,"circlet_count":0,"master_deck":["Strike_R","Strike_R","Strike_R","Strike_R","Strike_R","Defend_R+1","Defend_R","Bash","Perfected Strike","Twin Strike","Perfected Strike","Shrug It Off+1","Bloodletting+1","Twin Strike","Perfected Strike","Perfected Strike","Pommel Strike","Pommel Strike","Twin Strike","Double Tap+1","Pommel Strike","Decay","Perfected Strike","Shame","Warcry+1","Perfected Strike+1","Injury"],"relics":["Burning Blood","NeowsBlessing","PreservedInsect","Ornamental Fan","Red Skull","War Paint","Cursed Key","Red Mask","Pear","Blue Candle","Toxic Egg 2","Gambling Chip","Happy Flower","Pocketwatch","Spirit Poop","Fusion Hammer","Ice Cream","Tiny Chest","Centennial Puzzle","Dream Catcher","Mercury Hourglass","Pen Nib","Strawberry"],"potions_floor_usage":[11,16,16,19,25,25,27,33,33,40,40,50,50,50],"damage_taken":[{"damage":0,"enemies":"Cultist","floor":1,"turns":1},{"damage":0,"enemies":"Jaw Worm","floor":2,"turns":1},{"damage":0,"enemies":"Small Slimes","floor":4,"turns":1},{"damage":45,"enemies":"Lagavulin","floor":6,"turns":5},{"damage":14,"enemies":"Looter","floor":8,"turns":3},{"damage":10,"enemies":"3 Sentries","floor":11,"turns":3},{"damage":0,"enemies":"Exordium Wildlife","floor":13,"turns":5},{"damage":0,"enemies":"Large Slime","floor":14,"turns":4},{"damage":14,"enemies":"Slime Boss","floor":16,"turns":7},{"damage":12,"enemies":"Chosen","floor":18,"turns":2},{"damage":16,"enemies":"Shell Parasite","floor":19,"turns":3},{"damage":9,"enemies":"Masked Bandits","floor":21,"turns":3},{"damage":5,"enemies":"3 Cultists","floor":22,"turns":3},{"damage":6,"enemies":"Book of Stabbing","floor":23,"turns":2},{"damage":35,"enemies":"Gremlin Leader","floor":25,"turns":3},{"damage":3,"enemies":"Slavers","floor":27,"turns":3},{"damage":13,"enemies":"Book of Stabbing","floor":29,"turns":2},{"damage":8,"enemies":"Centurion and Healer","floor":31,"turns":3},{"damage":51,"enemies":"Collector","floor":33,"turns":4},{"damage":14,"enemies":"3 Darklings","floor":35,"turns":4},{"damage":0,"enemies":"Mind Bloom Boss Battle","floor":36,"turns":2},{"damage":8,"enemies":"3 Shapes","floor":37,"turns":2},{"damage":0,"enemies":"Jaw Worm Horde","floor":38,"turns":2},{"damage":3,"enemies":"Nemesis","floor":40,"turns":3},{"damage":3,"enemies":"Reptomancer","floor":42,"turns":2},{"damage":8,"enemies":"3 Darklings","floor":45,"turns":3},{"damage":3,"enemies":"Giant Head","floor":46,"turns":3},{"damage":7,"enemies":"Writhing Mass","floor":47,"turns":2},{"damage":75,"enemies":"Awakened One","floor":50,"turns":6}],"seed_played":"5330057650212120841","potions_obtained":[{"floor":1,"key":"Regen Potion"},{"floor":4,"key":"GamblersBrew"},{"floor":8,"key":"Swift Potion"},{"floor":11,"key":"FearPotion"},{"floor":16,"key":"Swift Potion"},{"floor":19,"key":"SkillPotion"},{"floor":23,"key":"LiquidBronze"},{"floor":25,"key":"Energy Potion"},{"floor":29,"key":"Strength Potion"},{"floor":31,"key":"EssenceOfSteel"},{"floor":36,"key":"Strength Potion"},{"floor":37,"key":"Swift Potion"},{"floor":38,"key":"Dexterity Potion"},{"floor":40,"key":"SkillPotion"},{"floor":46,"key":"Strength Potion"}],"is_trial":false,"path_per_floor":["M","M","?","M","?","E","?","M","T","$","E","R","M","M","R","B",null,"M","M","$","?","M","E","?","E","T","E","$","E","?","M","R","B",null,"M","?","M","M","T","E","R","E","T","R","M","E","M","T","R","B",null],"character_chosen":"IRONCLAD","items_purchased":["Shrug It Off","Twin Strike","Happy Flower"],"campfire_rested":5,"item_purchase_floors":[10,28,28],"current_hp_per_floor":[80,80,80,80,73,34,34,26,26,26,31,55,61,67,67,59,75,69,59,59,56,57,67,90,61,61,64,64,57,57,55,82,37,77,69,75,73,79,79,82,90,90,90,90,88,90,89,96,97,28],"gold":562,"neow_bonus":"THREE_ENEMY_KILL","is_prod":false,"is_daily":false,"chose_seed":false,"campfire_upgraded":1,"win_rate":0,"timestamp":1557443634,"path_taken":["M","?","?","M","?","E","?","M","T","?","E","R","M","?","R","BOSS","M","M","$","?","M","E","?","E","T","E","?","E","?","M","R","BOSS","M","?","M","M","?","E","R","E","T","R","M","E","M","?","R","BOSS"],"build_version":"2019-01-23","purchased_purges":2,"victory":true,"max_hp_per_floor":[80,80,80,80,80,80,80,80,80,80,80,80,80,80,80,80,80,80,80,80,80,80,90,90,90,90,90,90,90,90,90,90,90,90,90,90,90,90,90,90,90,90,90,90,90,90,90,97,97,97],"card_choices":[{"not_picked":["Carnage","Havoc"],"picked":"Perfected Strike","floor":1},{"not_picked":["Headbutt","Flame Barrier"],"picked":"Twin Strike","floor":2},{"not_picked":["Sever Soul","Shrug It Off","Blood for Blood"],"picked":"SKIP","floor":4},{"not_picked":["Clash","Rupture","Clothesline"],"picked":"SKIP","floor":6},{"not_picked":["Corruption","Whirlwind"],"picked":"Perfected Strike","floor":8},{"not_picked":["Feel No Pain","Clothesline","Thunderclap"],"picked":"SKIP","floor":11},{"not_picked":["Inflame","Feel No Pain"],"picked":"Bloodletting","floor":13},{"not_picked":["Searing Blow","Armaments"],"picked":"Twin Strike","floor":14},{"not_picked":["Hemokinesis","Clash"],"picked":"Perfected Strike","floor":18},{"not_picked":["Havoc","Clash"],"picked":"Perfected Strike","floor":19},{"not_picked":["Reaper","Uppercut+1"],"picked":"Pommel Strike","floor":21},{"not_picked":["Bloodletting","Cleave","Body Slam+1"],"picked":"SKIP","floor":22},{"not_picked":["Whirlwind","Reckless Charge+1","Shockwave+1"],"picked":"SKIP","floor":23},{"not_picked":["Whirlwind","Reckless Charge+1","Shockwave+1"],"picked":"SKIP","floor":23},{"not_picked":["Dropkick","Impervious","Bloodletting"],"picked":"SKIP","floor":25},{"not_picked":["Infernal Blade+1","Sword Boomerang"],"picked":"Pommel Strike","floor":27},{"not_picked":["Headbutt","True Grit+1","Dropkick+1"],"picked":"SKIP","floor":29},{"not_picked":["Sever Soul+1","Clothesline+1","Iron Wave+1"],"picked":"SKIP","floor":31},{"not_picked":["Bludgeon","Limit Break+1"],"picked":"Double Tap+1","floor":33},{"not_picked":["True Grit+1","Thunderclap","Flex+1"],"picked":"SKIP","floor":35},{"not_picked":["Spot Weakness+1","Dropkick+1"],"picked":"Pommel Strike","floor":36},{"not_picked":["Thunderclap+1","Rampage","Shockwave+1"],"picked":"SKIP","floor":37},{"not_picked":["Clothesline","Spot Weakness+1","Shockwave+1"],"picked":"SKIP","floor":38},{"not_picked":["Reaper","Uppercut","Sword Boomerang+1"],"picked":"SKIP","floor":40},{"not_picked":["Spot Weakness+1","Cleave"],"picked":"Perfected Strike","floor":42},{"not_picked":["Iron Wave+1","Entrench+1"],"picked":"Warcry+1","floor":44},{"not_picked":["Heavy Blade","Wild Strike"],"picked":"Perfected Strike+1","floor":45},{"not_picked":["Metallicize+1","Dark Embrace","Second Wind+1"],"picked":"SKIP","floor":46},{"not_picked":["Whirlwind","Rupture+1","Clash"],"picked":"SKIP","floor":47}],"player_experience":205665,"relics_obtained":[{"floor":6,"key":"Ornamental Fan"},{"floor":9,"key":"Red Skull"},{"floor":11,"key":"War Paint"},{"floor":21,"key":"Red Mask"},{"floor":23,"key":"Pear"},{"floor":25,"key":"Blue Candle"},{"floor":26,"key":"Toxic Egg 2"},{"floor":27,"key":"Gambling Chip"},{"floor":29,"key":"Pocketwatch"},{"floor":36,"key":"Ice Cream"},{"floor":39,"key":"Tiny Chest"},{"floor":40,"key":"Centennial Puzzle"},{"floor":42,"key":"Dream Catcher"},{"floor":43,"key":"Mercury Hourglass"},{"floor":46,"key":"Pen Nib"},{"floor":48,"key":"Strawberry"}],"event_choices":[{"damage_healed":0,"gold_gain":0,"player_choice":"Box","damage_taken":0,"relics_obtained":["PreservedInsect"],"max_hp_gain":0,"max_hp_loss":0,"event_name":"Big Fish","floor":3,"gold_loss":0,"cards_obtained":["Regret"]},{"cards_removed":["Defend_R"],"damage_healed":0,"gold_gain":0,"player_choice":"Card Removal","damage_taken":7,"max_hp_gain":0,"max_hp_loss":0,"event_name":"Golden Wing","floor":5,"gold_loss":0},{"damage_healed":0,"gold_gain":0,"player_choice":"Ignored","damage_taken":0,"max_hp_gain":0,"max_hp_loss":0,"event_name":"Liars Game","floor":7,"gold_loss":0},{"damage_healed":0,"gold_gain":0,"player_choice":"Fought Bandits","damage_taken":0,"max_hp_gain":0,"max_hp_loss":0,"event_name":"Masked Bandits","floor":21,"gold_loss":0},{"damage_healed":30,"gold_gain":0,"player_choice":"Heal","damage_taken":0,"max_hp_gain":0,"max_hp_loss":0,"event_name":"The Library","floor":24,"gold_loss":0},{"cards_removed":["Clumsy"],"damage_healed":0,"gold_gain":0,"player_choice":"Offered Curse","damage_taken":0,"relics_obtained":["Spirit Poop"],"max_hp_gain":0,"max_hp_loss":0,"event_name":"Bonfire Elementals","floor":30,"gold_loss":0},{"damage_healed":0,"gold_gain":0,"player_choice":"Fight","damage_taken":0,"max_hp_gain":0,"max_hp_loss":0,"event_name":"MindBloom","floor":36,"gold_loss":0}],"is_beta":false,"boss_relics":[{"not_picked":["White Beast Statue","Coffee Dripper"],"picked":"Cursed Key"},{"not_picked":["Lizard Tail","Empty Cage"],"picked":"Fusion Hammer"}],"items_purged_floors":[10,20],"is_endless":false,"potions_floor_spawned":[1,4,8,11,16,19,23,25,29,31,36,37,38,40,46],"ascension_level":5}