{"gold_per_floor":[119,7,18,18,38,72,72,106,130,157,157,185,185,12,12,136,136,161,86,47,63,188,202,246,264,264,264],"floor_reached":27,"playtime":3326,"items_purged":["Defend_G","Normality"],"score":340,"play_id":"a9e0c65e-56e4-4456-b0d2-b5c34c41eab2","local_time":"20190110011002","is_ascension_mode":true,"campfire_choices":[{"data":"Cloak And Dagger","floor":7,"key":"SMITH"},{"floor":11,"key":"REST"},{"floor":15,"key":"REST"}],"neow_cost":"NONE","seed_source_timestamp":77163356724198,"circlet_count":0,"master_deck":["Defend_G","Defend_G","Defend_G","Defend_G","Strike_G","Strike_G","Strike_G","Strike_G","Strike_G","Survivor","Neutralize","Cloak And Dagger+1","Well Laid Plans","Finisher","Backflip","Tools of the Trade","Infinite Blades","Heel Hook","Well Laid Plans","Flying Knee","Underhanded Strike","Dagger Throw","Malaise","Adrenaline","Sucker Punch+1","Terror","Quick Slash+1","Leg Sweep","Backflip","Expertise","Calculated Gamble","Clumsy"],"special_seed":0,"relics":["Cursed Key","Pen Nib","Happy Flower","Dream Catcher","Shuriken","Peace Pipe","Golden Idol","Philosopher\u0027s Stone","Nunchaku","Sundial","Kunai","Tough Bandages"],"potions_floor_usage":[6,22,22,23,24,25],"damage_taken":[{"damage":0.0,"enemies":"Small Slimes","floor":1.0,"turns":4.0},{"damage":0.0,"enemies":"2 Louse","floor":3.0,"turns":3.0},{"damage":0,"enemies":"Jaw Worm","floor":5,"turns":3},{"damage":6,"enemies":"Gremlin Nob","floor":6,"turns":5},{"damage":7,"enemies":"3 Sentries","floor":8,"turns":8},{"damage":15,"enemies":"Gremlin Nob","floor":10,"turns":4},{"damage":9,"enemies":"3 Sentries","floor":12,"turns":6},{"damage":0,"enemies":"Slime Boss","floor":16,"turns":4},{"damage":0,"enemies":"Chosen","floor":18,"turns":3},{"damage":2,"enemies":"Spheric Guardian","floor":21,"turns":3},{"damage":22,"enemies":"Colosseum Slavers","floor":22,"turns":3},{"damage":22,"enemies":"Colosseum Nobs","floor":22,"turns":3},{"damage":9,"enemies":"Cultist and Chosen","floor":23,"turns":3},{"damage":15,"enemies":"Slavers","floor":24,"turns":4},{"damage":0,"enemies":"Snake Plant","floor":25,"turns":3},{"damage":5,"enemies":"Centurion and Healer","floor":27,"turns":2}],"seed_played":"-6239597714247663645","potions_obtained":[{"floor":1.0,"key":"GhostInAJar"},{"floor":16,"key":"FearPotion"},{"floor":21,"key":"SpeedPotion"},{"floor":22,"key":"Explosive Potion"},{"floor":23,"key":"Dexterity Potion"},{"floor":24,"key":"PowerPotion"}],"is_trial":false,"path_per_floor":["M","$","M","?","M","E","R","E","T","E","R","E","?","$","R","B",null,"M","?","$","M","?","M","E","M","T","M"],"character_chosen":"THE_SILENT","items_purchased":["Well Laid Plans","Underhanded Strike","Dagger Throw","Terror"],"campfire_rested":2,"item_purchase_floors":[2,14,14,20],"current_hp_per_floor":[70,70,70,75,75,69,69,62,62,47,69,60,60,60,75,75,75,75,75,75,73,29,20,5,5,5,0],"gold":264,"neow_bonus":"BOSS_RELIC","is_prod":false,"is_daily":false,"chose_seed":false,"campfire_upgraded":1,"win_rate":0,"timestamp":1547075402,"path_taken":["M","$","M","?","M","E","R","E","T","E","R","E","?","$","R","BOSS","M","?","$","M","?","M","E","M","T","M"],"build_version":"2019-01-03v4","purchased_purges":2,"victory":false,"max_hp_per_floor":[70,70,70,75,75,75,75,75,75,75,75,75,75,75,75,75,75,75,75,75,75,75,75,75,75,75,75],"card_choices":[{"not_picked":["Eviscerate","Outmaneuver"],"picked":"Cloak And Dagger","floor":1.0},{"not_picked":["Eviscerate","Prepared"],"picked":"Finisher","floor":3.0},{"not_picked":["Dagger Spray","Deflect"],"picked":"Backflip","floor":5},{"not_picked":["Backflip","Footwork"],"picked":"Tools of the Trade","floor":6},{"not_picked":["Tools of the Trade","A Thousand Cuts"],"picked":"Infinite Blades","floor":8},{"not_picked":["Noxious Fumes","Reflex"],"picked":"Heel Hook","floor":10},{"not_picked":["PiercingWail","Catalyst"],"picked":"Well Laid Plans","floor":11},{"not_picked":["Dodge and Roll","Well Laid Plans"],"picked":"Flying Knee","floor":12},{"not_picked":["Backflip","Choke"],"picked":"Malaise","floor":15},{"not_picked":["Bullet Time","Night Terror"],"picked":"Adrenaline","floor":16},{"not_picked":["Bane","Outmaneuver"],"picked":"Sucker Punch+1","floor":18},{"not_picked":["Deflect+1","Prepared+1"],"picked":"Quick Slash+1","floor":21},{"not_picked":["Reflex","Calculated Gamble"],"picked":"Leg Sweep","floor":22},{"not_picked":["Choke","Noxious Fumes"],"picked":"Backflip","floor":23},{"not_picked":["Riddle With Holes","Deflect"],"picked":"Expertise","floor":24},{"not_picked":["Deadly Poison","Outmaneuver"],"picked":"Calculated Gamble","floor":25}],"player_experience":166941,"relics_obtained":[{"floor":6,"key":"Pen Nib"},{"floor":8,"key":"Happy Flower"},{"floor":9,"key":"Dream Catcher"},{"floor":10,"key":"Shuriken"},{"floor":12,"key":"Peace Pipe"},{"floor":22,"key":"Nunchaku"},{"floor":22,"key":"Sundial"},{"floor":24,"key":"Kunai"},{"floor":26,"key":"Tough Bandages"}],"event_choices":[{"damage_healed":0,"gold_gain":0,"player_choice":"Donut","damage_taken":0,"max_hp_gain":5,"max_hp_loss":0,"event_name":"Big Fish","floor":4,"gold_loss":0},{"damage_healed":0,"gold_gain":0,"player_choice":"Take Wound","damage_taken":0,"relics_obtained":["Golden Idol"],"max_hp_gain":0,"max_hp_loss":0,"event_name":"Golden Idol","floor":13,"gold_loss":0,"cards_obtained":["Injury"]},{"cards_removed":["Injury"],"damage_healed":0,"gold_gain":0,"player_choice":"Gave Gold","damage_taken":0,"max_hp_gain":0,"max_hp_loss":0,"event_name":"Beggar","floor":19,"gold_loss":75},{"damage_healed":0,"gold_gain":0,"player_choice":"Fight","damage_taken":0,"max_hp_gain":0,"max_hp_loss":0,"event_name":"Colosseum","floor":22,"gold_loss":0},{"damage_healed":0,"gold_gain":0,"player_choice":"Fought Nobs","damage_taken":0,"max_hp_gain":0,"max_hp_loss":0,"event_name":"Colosseum","floor":22,"gold_loss":0}],"is_beta":false,"boss_relics":[{"not_picked":["Black Star","Tiny House"],"picked":"Philosopher\u0027s Stone"}],"items_purged_floors":[2,14],"is_endless":false,"potions_floor_spawned":[1,16,21,22,23,24],"killed_by":"Centurion and Healer","ascension_level":2}