{"gold_per_floor":[116,116,116,116,129,161,174,174,174,174,24,24,42,59,59,162,162,172,172,172,192,292,292,326,326,326,326,85,102,112,129,129,226,276,293,305,236,0,18,18,18,31,31,46,66,66,113,113,113,113],"floor_reached":50,"playtime":1759,"items_purged":[],"score":612,"play_id":"0ac68057-eaba-4fbc-823f-6173affbd69c","local_time":"20190429210731","is_ascension_mode":false,"campfire_choices":[{"data":"Redo","floor":10,"key":"SMITH"},{"data":"Darkness","floor":12,"key":"SMITH"},{"data":"Dualcast","floor":15,"key":"SMITH"},{"data":"Rainbow","floor":23,"key":"SMITH"},{"data":"Coolheaded","floor":27,"key":"SMITH"},{"data":"Tempest","floor":32,"key":"SMITH"},{"data":"Creative AI","floor":40,"key":"SMITH"},{"data":"Tempest","floor":46,"key":"SMITH"},{"data":"Mind Blast","floor":49,"key":"SMITH"}],"neow_cost":"NONE","seed_source_timestamp":1961117972900,"circlet_count":0,"master_deck":["Defend_B","Defend_B","Defend_B+1","Defend_B","Zap+1","Dualcast+1","Coolheaded+1","Glacier","Redo+1","Darkness+1","Melter","Ball Lightning","Rainbow+1","Beam Cell+1","Ghostly","Ghostly","Ghostly","Ghostly","Ghostly","Melter","Beam Cell","Stack","Bite","Bite","Bite","Bite","Bite","Tempest+1","Go for the Eyes","Creative AI+1","Undo","Parasite","Tempest+1","Darkness+1","Mind Blast+1"],"relics":["Cracked Core","Pocketwatch","Cables","Nunchaku","Bronze Scales","Busted Crown","Emotion Chip","Ginger","Bottled Lightning","Ancient Tea Set","Bag of Marbles","Symbiotic Virus","Tiny House","Red Mask","Blue Candle","Incense Burner"],"potions_floor_usage":[16,18,33,33,33,35,45,50,50],"damage_taken":[{"damage":13,"enemies":"Small Slimes","floor":1,"turns":3},{"damage":0,"enemies":"Cultist","floor":5,"turns":5},{"damage":12,"enemies":"3 Sentries","floor":6,"turns":8},{"damage":0,"enemies":"Jaw Worm","floor":7,"turns":3},{"damage":0,"enemies":"Exordium Thugs","floor":13,"turns":3},{"damage":0,"enemies":"Looter","floor":14,"turns":3},{"damage":0,"enemies":"Hexaghost","floor":16,"turns":6},{"damage":28,"enemies":"2 Thieves","floor":18,"turns":3},{"damage":0,"enemies":"Spheric Guardian","floor":21,"turns":3},{"damage":0,"enemies":"Colosseum Slavers","floor":22,"turns":3},{"damage":2,"enemies":"Colosseum Nobs","floor":22,"turns":3},{"damage":1,"enemies":"Book of Stabbing","floor":24,"turns":5},{"damage":0,"enemies":"Centurion and Healer","floor":29,"turns":6},{"damage":0,"enemies":"Snecko","floor":30,"turns":3},{"damage":0,"enemies":"Chosen and Byrds","floor":31,"turns":3},{"damage":19,"enemies":"Collector","floor":33,"turns":10},{"damage":2,"enemies":"3 Darklings","floor":35,"turns":3},{"damage":12,"enemies":"3 Shapes","floor":36,"turns":3},{"damage":0,"enemies":"Transient","floor":39,"turns":5},{"damage":2,"enemies":"Maw","floor":42,"turns":7},{"damage":1,"enemies":"Spire Growth","floor":44,"turns":5},{"damage":0,"enemies":"Writhing Mass","floor":45,"turns":6},{"damage":6,"enemies":"2 Orb Walkers","floor":47,"turns":4},{"damage":42,"enemies":"Awakened One","floor":50,"turns":5}],"seed_played":"5986787724300199289","potions_obtained":[{"floor":1,"key":"Energy Potion"},{"floor":6,"key":"Dexterity Potion"},{"floor":8,"key":"Weak Potion"},{"floor":8,"key":"PowerPotion"},{"floor":21,"key":"Dexterity Potion"},{"floor":29,"key":"LiquidBronze"},{"floor":33,"key":"Energy Potion"},{"floor":34,"key":"SteroidPotion"},{"floor":35,"key":"Ancient Potion"},{"floor":36,"key":"Dexterity Potion"}],"is_trial":false,"path_per_floor":["M","?","$","?","M","E","M","?","T","R","$","R","M","M","R","B",null,"M","?","T","M","?","R","E","?","T","R","$","M","M","M","R","B",null,"M","M","$","?","M","R","?","M","T","M","M","R","?","?","R","B"],"character_chosen":"DEFECT","items_purchased":["Bronze Scales","Symbiotic Virus","Lockon"],"campfire_rested":0,"item_purchase_floors":[11,28,37],"current_hp_per_floor":[62,62,62,62,62,50,50,50,50,50,50,50,50,50,50,50,75,47,37,37,37,35,35,34,25,25,25,25,25,25,25,25,14,30,30,20,20,20,24,24,24,28,28,30,30,30,28,28,28,0],"gold":113,"neow_bonus":"THREE_CARDS","is_prod":false,"is_daily":false,"chose_seed":false,"campfire_upgraded":9,"win_rate":0,"timestamp":1556561251,"path_taken":["M","?","$","?","M","E","?","?","T","R","?","R","M","?","R","BOSS","M","?","?","M","?","R","E","?","T","R","?","M","M","?","R","BOSS","M","M","?","?","M","R","?","?","T","M","M","R","?","?","R","BOSS"],"build_version":"2019-01-23","purchased_purges":0,"victory":false,"max_hp_per_floor":[75,75,75,75,75,75,75,75,75,75,75,75,75,75,75,75,75,75,37,37,37,37,37,37,25,25,25,25,25,25,25,25,25,30,30,30,30,30,30,30,30,30,30,30,30,30,30,30,30,30],"card_choices":[{"not_picked":["Darkness","Storm"],"picked":"Coolheaded","floor":0},{"not_picked":["Chill","Leap"],"picked":"Glacier","floor":1},{"not_picked":["Sweeping Beam","Beam Cell"],"picked":"Redo","floor":5},{"not_picked":["Fusion","Streamline"],"picked":"Darkness","floor":6},{"not_picked":["Loop","Aggregate","Streamline"],"picked":"SKIP","floor":7},{"not_picked":["Recycle","Stack"],"picked":"Melter","floor":13},{"not_picked":["Lockon","White Noise"],"picked":"Ball Lightning","floor":14},{"not_picked":["Seek","Reboot"],"picked":"Rainbow","floor":16},{"not_picked":[],"picked":"Beam Cell+1","floor":18},{"not_picked":[],"picked":"Melter","floor":21},{"not_picked":[],"picked":"Beam Cell","floor":22},{"not_picked":[],"picked":"Stack","floor":24},{"not_picked":[],"picked":"Tempest","floor":29},{"not_picked":["Compile Driver"],"picked":"SKIP","floor":30},{"not_picked":[],"picked":"Go for the Eyes","floor":31},{"not_picked":[],"picked":"Creative AI","floor":33},{"not_picked":[],"picked":"Undo","floor":34},{"not_picked":["Barrage"],"picked":"SKIP","floor":35},{"not_picked":["Hologram"],"picked":"SKIP","floor":36},{"not_picked":["Streamline"],"picked":"SKIP","floor":39},{"not_picked":["Rip and Tear+1"],"picked":"SKIP","floor":42},{"not_picked":["Barrage+1"],"picked":"SKIP","floor":44},{"not_picked":[],"picked":"Tempest","floor":45},{"not_picked":[],"picked":"Darkness+1","floor":47},{"not_picked":[],"picked":"Mind Blast","floor":48}],"player_experience":272035,"relics_obtained":[{"floor":6,"key":"Cables"},{"floor":9,"key":"Nunchaku"},{"floor":20,"key":"Emotion Chip"},{"floor":22,"key":"Ginger"},{"floor":22,"key":"Bottled Lightning"},{"floor":24,"key":"Ancient Tea Set"},{"floor":26,"key":"Bag of Marbles"},{"floor":43,"key":"Blue Candle"},{"floor":47,"key":"Incense Burner"}],"event_choices":[{"damage_healed":0,"gold_gain":0,"player_choice":"Grow","damage_taken":0,"max_hp_gain":0,"max_hp_loss":0,"event_name":"Living Wall","floor":2,"gold_loss":0,"cards_upgraded":["Zap"]},{"damage_healed":0,"gold_gain":0,"player_choice":"Gave Potion","damage_taken":0,"relics_obtained":["Pocketwatch"],"max_hp_gain":0,"max_hp_loss":0,"event_name":"WeMeetAgain","floor":4,"gold_loss":0},{"damage_healed":0,"gold_gain":0,"player_choice":"Got Potions","damage_taken":0,"max_hp_gain":0,"max_hp_loss":0,"event_name":"Lab","floor":8,"gold_loss":0},{"damage_healed":0,"gold_gain":0,"player_choice":"Became a Ghost","damage_taken":0,"max_hp_gain":0,"max_hp_loss":38,"event_name":"Ghosts","floor":19,"gold_loss":0,"cards_obtained":["Ghostly","Ghostly","Ghostly","Ghostly","Ghostly"]},{"damage_healed":0,"gold_gain":0,"player_choice":"Fight","damage_taken":0,"max_hp_gain":0,"max_hp_loss":0,"event_name":"Colosseum","floor":22,"gold_loss":0},{"damage_healed":0,"gold_gain":0,"player_choice":"Fought Nobs","damage_taken":0,"max_hp_gain":0,"max_hp_loss":0,"event_name":"Colosseum","floor":22,"gold_loss":0},{"damage_healed":0,"gold_gain":0,"player_choice":"Became a vampire","damage_taken":0,"max_hp_gain":0,"max_hp_loss":12,"event_name":"Vampires","floor":25,"gold_loss":0,"cards_obtained":["Bite","Bite","Bite","Bite","Bite"]},{"damage_healed":0,"gold_gain":0,"player_choice":"Paid","damage_taken":0,"relics_obtained":["Red Mask"],"max_hp_gain":0,"max_hp_loss":0,"event_name":"Tomb of Lord Red Mask","floor":38,"gold_loss":236},{"cards_removed":["Lockon"],"damage_healed":0,"gold_gain":0,"player_choice":"Removed Attack","damage_taken":0,"max_hp_gain":0,"max_hp_loss":0,"event_name":"Falling","floor":41,"gold_loss":0},{"damage_healed":0,"gold_gain":0,"player_choice":"Fight","damage_taken":0,"max_hp_gain":0,"max_hp_loss":0,"event_name":"Mysterious Sphere","floor":47,"gold_loss":0},{"damage_healed":0,"gold_gain":0,"player_choice":"Memory 1","damage_taken":0,"max_hp_gain":0,"max_hp_loss":0,"event_name":"SensoryStone","floor":48,"gold_loss":0}],"is_beta":false,"boss_relics":[{"not_picked":["Astrolabe","Snecko Eye"],"picked":"Busted Crown"},{"not_picked":["Lizard Tail","Eternal Feather"],"picked":"Tiny House"}],"items_purged_floors":[],"is_endless":false,"potions_floor_spawned":[1,6,13,14,21,29,30,31,33,35,36,44],"killed_by":"Awakened One","ascension_level":0}