{"gold_per_floor":[111,125,49,60,80,80,114,114,114,130,130,145,165,165,165,264,264,280,294,294,151,171,171,171],"floor_reached":24,"playtime":1354,"items_purged":[],"score":200,"play_id":"0de401d4-ca77-4b09-88b5-4e94ad0b5ea1","local_time":"20181105214716","is_ascension_mode":false,"campfire_choices":[{"data":"Loop","floor":6,"key":"SMITH"},{"data":"Streamline","floor":8,"key":"SMITH"},{"data":"Zap","floor":11,"key":"SMITH"},{"floor":15,"key":"REST"},{"floor":23,"key":"REST"}],"neow_cost":"NONE","seed_source_timestamp":7488362525372,"circlet_count":0,"master_deck":["Strike_B","Strike_B","Defend_B","Defend_B","Defend_B","Defend_B","Zap+1","Dualcast","Machine Learning","Loop+1","Gash","Capacitor","Tempest","Steam","Streamline+1","Doom and Gloom","Leap","Self Repair","Biased Cognition","Go for the Eyes","Conserve Battery","Self Repair","Amplify","Cold Snap"],"relics":["Cracked Core","FossilizedHelix","Pocketwatch","Empty Cage"],"potions_floor_usage":[10,16,24,24],"damage_taken":[{"damage":0,"enemies":"2 Louse","floor":1,"turns":4},{"damage":1,"enemies":"Jaw Worm","floor":2,"turns":4},{"damage":9,"enemies":"Cultist","floor":4,"turns":4},{"damage":10,"enemies":"Looter","floor":5,"turns":3},{"damage":5,"enemies":"Lagavulin","floor":7,"turns":6},{"damage":6,"enemies":"Exordium Thugs","floor":10,"turns":5},{"damage":0,"enemies":"Large Slime","floor":12,"turns":3},{"damage":15,"enemies":"Lots of Slimes","floor":13,"turns":4},{"damage":6,"enemies":"Hexaghost","floor":16,"turns":9},{"damage":36,"enemies":"2 Thieves","floor":18,"turns":4},{"damage":10,"enemies":"Spheric Guardian","floor":19,"turns":5},{"damage":13,"enemies":"Colosseum Slavers","floor":20,"turns":3},{"damage":14,"enemies":"Chosen and Byrds","floor":22,"turns":6},{"damage":49,"enemies":"Slavers","floor":24,"turns":4}],"seed_played":"1774876130107947170","potions_obtained":[{"floor":1,"key":"Block Potion"},{"floor":2,"key":"Poison Potion"},{"floor":4,"key":"SpeedPotion"},{"floor":18,"key":"Poison Potion"}],"is_trial":false,"path_per_floor":["M","M","$","M","M","R","E","R","T","M","R","M","M","?","R","B",null,"M","M","?","$","M","R","E"],"character_chosen":"DEFECT","items_purchased":["Capacitor","Self Repair","Amplify"],"campfire_rested":2,"item_purchase_floors":[3,21,21],"current_hp_per_floor":[75,74,74,65,55,55,50,50,50,44,44,44,29,29,51,45,75,39,36,23,23,23,45,0],"gold":171,"neow_bonus":"ONE_RANDOM_RARE_CARD","is_prod":false,"is_daily":false,"chose_seed":false,"campfire_upgraded":3,"win_rate":0,"timestamp":1541472436,"path_taken":["M","M","$","M","M","R","E","R","T","M","R","M","M","?","R","BOSS","M","M","?","$","M","R","E"],"build_version":"2018-11-01","purchased_purges":0,"victory":false,"max_hp_per_floor":[75,75,75,75,75,75,75,75,75,75,75,75,75,75,75,75,75,75,75,75,75,75,75,75],"card_choices":[{"not_picked":["FTL","Streamline"],"picked":"Loop","floor":1},{"not_picked":["Turbo","Fusion"],"picked":"Gash","floor":2},{"not_picked":["Cold Snap","Barrage"],"picked":"Tempest","floor":4},{"not_picked":["Force Field","Beam Cell"],"picked":"Steam","floor":5},{"not_picked":["Machine Learning","Beam Cell"],"picked":"Streamline","floor":7},{"not_picked":["Hello World","Blizzard"],"picked":"Doom and Gloom","floor":10},{"not_picked":["Lockon","Turbo"],"picked":"Leap","floor":12},{"not_picked":["Heatsinks","Cold Snap"],"picked":"Self Repair","floor":13},{"not_picked":["Buffer","Machine Learning"],"picked":"Biased Cognition","floor":16},{"not_picked":["Cold Snap","Streamline+1"],"picked":"Go for the Eyes","floor":18},{"not_picked":["Chaos","Sweeping Beam"],"picked":"Conserve Battery","floor":19},{"not_picked":["Stack","Gash"],"picked":"Cold Snap","floor":22}],"player_experience":116154,"relics_obtained":[{"floor":7,"key":"FossilizedHelix"},{"floor":9,"key":"Pocketwatch"}],"event_choices":[{"damage_healed":0,"gold_gain":0,"player_choice":"Leave","damage_taken":0,"max_hp_gain":0,"max_hp_loss":0,"event_name":"The Cleric","floor":14,"gold_loss":0},{"damage_healed":0,"gold_gain":0,"player_choice":"Fight","damage_taken":0,"max_hp_gain":0,"max_hp_loss":0,"event_name":"Colosseum","floor":20,"gold_loss":0},{"damage_healed":0,"gold_gain":0,"player_choice":"Fled From Nobs","damage_taken":0,"max_hp_gain":0,"max_hp_loss":0,"event_name":"Colosseum","floor":20,"gold_loss":0}],"is_beta":false,"boss_relics":[{"not_picked":["Runic Dome","Fusion Hammer"],"picked":"Empty Cage"}],"items_purged_floors":[],"is_endless":false,"potions_floor_spawned":[1,2,4,7,18],"killed_by":"Slavers","ascension_level":0}