{"gold_per_floor":[17,34,34,46,57,57,87,87,87,120,120,139,156,156,156,254,254,265,284,284,37,49,49,81,81,81,111,111,111],"floor_reached":29,"playtime":2177,"items_purged":[],"score":382,"play_id":"c75e5b06-e905-4583-ad85-4a248aef4dab","local_time":"20190224201048","is_ascension_mode":true,"campfire_choices":[{"data":"Genetic Algorithm","floor":6,"key":"SMITH"},{"data":"Chill","floor":8,"key":"SMITH"},{"floor":11,"key":"REST"},{"floor":15,"key":"REST"},{"floor":23,"key":"REST"},{"floor":25,"key":"REST"},{"floor":28,"key":"REST"}],"neow_cost":"NO_GOLD","seed_source_timestamp":857716958949041,"circlet_count":0,"master_deck":["Strike_B","Strike_B","Strike_B","Defend_B","Defend_B","Defend_B","Defend_B","Zap","Dualcast","Core Surge","Genetic Algorithm+1","Chill+1","Consume","Fusion+1","Ball Lightning","Ball Lightning","Double Energy","Leap","Buffer","Redo","Auto Shields","Capacitor","Metamorphosis","Reboot","Electrodynamics"],"relics":["Cracked Core","Ancient Tea Set","Omamori","Letter Opener","Nuclear Battery","Shuriken","Pantograph","Incense Burner"],"potions_floor_usage":[7,10,16,16,16,22],"damage_taken":[{"damage":0,"enemies":"2 Louse","floor":1,"turns":2},{"damage":0,"enemies":"Cultist","floor":2,"turns":3},{"damage":9,"enemies":"Small Slimes","floor":4,"turns":3},{"damage":8,"enemies":"3 Louse","floor":5,"turns":5},{"damage":7,"enemies":"Gremlin Nob","floor":7,"turns":4},{"damage":21,"enemies":"3 Sentries","floor":10,"turns":6},{"damage":11,"enemies":"Red Slaver","floor":12,"turns":4},{"damage":0,"enemies":"2 Fungi Beasts","floor":13,"turns":3},{"damage":1,"enemies":"Slime Boss","floor":16,"turns":6},{"damage":34,"enemies":"Shell Parasite","floor":18,"turns":10},{"damage":0,"enemies":"3 Byrds","floor":19,"turns":6},{"damage":32,"enemies":"Snake Plant","floor":22,"turns":5},{"damage":15,"enemies":"Book of Stabbing","floor":24,"turns":5},{"damage":30,"enemies":"Gremlin Leader","floor":27,"turns":11},{"damage":33,"enemies":"Shelled Parasite and Fungi","floor":29,"turns":4}],"seed_played":"-6491464768887067928","potions_obtained":[{"floor":1,"key":"GamblersBrew"},{"floor":4,"key":"Block Potion"},{"floor":7,"key":"LiquidBronze"},{"floor":10,"key":"PowerPotion"},{"floor":13,"key":"AttackPotion"},{"floor":19,"key":"Fire Potion"}],"is_trial":false,"path_per_floor":["M","M","?","M","M","R","E","R","T","E","R","M","M","?","R","B",null,"M","M","?","$","M","R","E","R","T","E","R","M"],"character_chosen":"DEFECT","items_purchased":["Capacitor","Metamorphosis"],"campfire_rested":5,"item_purchase_floors":[21,21],"current_hp_per_floor":[68,68,68,59,51,51,44,44,44,23,45,34,34,34,56,55,70,36,36,36,36,4,26,11,33,33,3,25,0],"gold":111,"neow_bonus":"THREE_RARE_CARDS","is_prod":false,"is_daily":false,"chose_seed":false,"campfire_upgraded":2,"win_rate":0,"timestamp":1551031848,"path_taken":["M","M","?","M","?","R","E","R","T","E","R","M","M","?","R","BOSS","M","M","?","$","M","R","E","R","T","E","R","M"],"build_version":"2019-01-23","purchased_purges":0,"victory":false,"max_hp_per_floor":[75,75,75,75,75,75,75,75,75,75,75,75,75,75,75,75,75,75,75,75,75,75,75,75,75,75,75,75,75],"card_choices":[{"not_picked":["Multi-Cast","Amplify"],"picked":"Core Surge","floor":0},{"not_picked":["Defragment","Aggregate"],"picked":"Genetic Algorithm","floor":1},{"not_picked":["Blizzard","Hello World"],"picked":"Chill","floor":2},{"not_picked":["Capacitor","Compile Driver"],"picked":"Fusion","floor":4},{"not_picked":["Coolheaded","Hologram","Streamline"],"picked":"SKIP","floor":5},{"not_picked":["Sweeping Beam","Stack"],"picked":"Ball Lightning","floor":7},{"not_picked":["Reprogram","Aggregate"],"picked":"Ball Lightning","floor":10},{"not_picked":["Compile Driver","Streamline"],"picked":"Double Energy","floor":12},{"not_picked":["Biased Cognition","Ball Lightning"],"picked":"Leap","floor":13},{"not_picked":["Reboot","All For One"],"picked":"Buffer","floor":16},{"not_picked":["Steam+1","Streamline"],"picked":"Redo","floor":18},{"not_picked":["Stack+1","Steam"],"picked":"Auto Shields","floor":19},{"not_picked":["FTL","Storm","Recycle"],"picked":"SKIP","floor":22},{"not_picked":["Coolheaded","Fusion"],"picked":"Reboot","floor":24},{"not_picked":["Steam","Cold Snap"],"picked":"Electrodynamics","floor":27}],"player_experience":663805,"relics_obtained":[{"floor":7,"key":"Ancient Tea Set"},{"floor":9,"key":"Omamori"},{"floor":10,"key":"Letter Opener"},{"floor":24,"key":"Shuriken"},{"floor":26,"key":"Pantograph"},{"floor":27,"key":"Incense Burner"}],"event_choices":[{"damage_healed":0,"gold_gain":0,"cards_transformed":["Strike_B"],"player_choice":"Transformed","damage_taken":0,"max_hp_gain":0,"max_hp_loss":0,"event_name":"Transmorgrifier","floor":3,"gold_loss":0,"cards_obtained":["Consume"]},{"damage_healed":0,"gold_gain":0,"player_choice":"Forge","damage_taken":0,"max_hp_gain":0,"max_hp_loss":0,"event_name":"Accursed Blacksmith","floor":14,"gold_loss":0,"cards_upgraded":["Fusion"]},{"damage_healed":0,"gold_gain":0,"player_choice":"Ignored","damage_taken":0,"max_hp_gain":0,"max_hp_loss":0,"event_name":"Ghosts","floor":20,"gold_loss":0}],"is_beta":false,"boss_relics":[{"not_picked":["Runic Dome","Calling Bell"],"picked":"Nuclear Battery"}],"items_purged_floors":[],"is_endless":false,"potions_floor_spawned":[1,4,7,10,13,19],"killed_by":"Shelled Parasite and Fungi","ascension_level":8}