{"gold_per_floor":[110,120,130,83,97,131,131,6,6,16,16,16,47,60,60,165,165,185,185,30,30,40,52,52,52,76,95,95,154,154,154,154,249,249,265,283,329,0,0],"floor_reached":39,"playtime":2630,"items_purged":["Strike_B"],"score":459,"play_id":"4ef58f0d-c5d4-4e1f-b109-9342e6385225","local_time":"20190518163943","is_ascension_mode":false,"campfire_choices":[{"data":"Consume","floor":7,"key":"SMITH"},{"floor":12,"key":"REST"},{"floor":15,"key":"REST"},{"data":"Redo","floor":24,"key":"SMITH"},{"floor":30,"key":"REST"},{"floor":32,"key":"REST"}],"neow_cost":"NONE","seed_source_timestamp":163602980283079,"circlet_count":0,"master_deck":["Defend_B+1","Defend_B+1","Zap","Dualcast","Redo+1","Consume+1","Redo+1","Machine Learning","Capacitor","Ball Lightning","Coolheaded+1","Storm+1","Fission+1","Self Repair+1","Capacitor+1","Loop+1","Reboot+1","Hologram+1","Capacitor+1","Consume+1","Coolheaded+1","Redo+1","Electrodynamics+1","Loop+1","Leap+1","Finesse+1"],"relics":["Cracked Core","Art of War","Pen Nib","Frozen Egg 2","Toxic Egg 2","Black Star","War Paint","Blue Candle","Oddly Smooth Stone","Tiny Chest","Empty Cage","Gambling Chip","Juzu Bracelet"],"potions_floor_usage":[6,23,29,36,36,37],"damage_taken":[{"damage":0,"enemies":"Cultist","floor":1,"turns":4},{"damage":0,"enemies":"2 Louse","floor":2,"turns":3},{"damage":3,"enemies":"Small Slimes","floor":3,"turns":3},{"damage":8,"enemies":"3 Louse","floor":5,"turns":4},{"damage":16,"enemies":"Gremlin Nob","floor":6,"turns":3},{"damage":16,"enemies":"Lots of Slimes","floor":10,"turns":4},{"damage":34,"enemies":"3 Sentries","floor":13,"turns":6},{"damage":10,"enemies":"Exordium Thugs","floor":14,"turns":6},{"damage":0,"enemies":"Slime Boss","floor":16,"turns":6},{"damage":20,"enemies":"2 Thieves","floor":18,"turns":4},{"damage":21,"enemies":"3 Byrds","floor":22,"turns":3},{"damage":10,"enemies":"Snecko","floor":23,"turns":3},{"damage":0,"enemies":"Snake Plant","floor":27,"turns":2},{"damage":36,"enemies":"Gremlin Leader","floor":29,"turns":4},{"damage":20,"enemies":"Colosseum Slavers","floor":31,"turns":3},{"damage":49,"enemies":"Collector","floor":33,"turns":6},{"damage":0,"enemies":"Orb Walker","floor":35,"turns":3},{"damage":28,"enemies":"3 Darklings","floor":36,"turns":5},{"damage":60,"enemies":"2 Orb Walkers","floor":37,"turns":5},{"damage":24,"enemies":"Jaw Worm Horde","floor":39,"turns":1}],"seed_played":"674369843645054517","potions_obtained":[{"floor":2,"key":"LiquidBronze"},{"floor":3,"key":"Strength Potion"},{"floor":5,"key":"PowerPotion"},{"floor":13,"key":"SmokeBomb"},{"floor":22,"key":"Energy Potion"},{"floor":27,"key":"Block Potion"},{"floor":29,"key":"GamblersBrew"},{"floor":35,"key":"Explosive Potion"},{"floor":36,"key":"Regen Potion"}],"is_trial":false,"path_per_floor":["M","M","M","?","M","E","R","$","T","M","?","R","E","M","R","B",null,"M","?","$","?","M","M","R","?","T","M","T","E","R","?","R","B",null,"M","M","?","$","M"],"character_chosen":"DEFECT","items_purchased":["Capacitor","Ball Lightning","Capacitor+1","Loop+1","Leap+1","Finesse+1","Juzu Bracelet"],"campfire_rested":4,"item_purchase_floors":[8,8,20,38,38,38,38],"current_hp_per_floor":[75,75,72,72,64,48,48,48,48,32,25,47,13,3,25,25,75,55,55,55,55,44,44,44,44,44,54,54,28,50,40,62,23,75,75,57,21,21,0],"gold":0,"neow_bonus":"RANDOM_COMMON_RELIC","is_prod":false,"is_daily":false,"chose_seed":false,"campfire_upgraded":2,"win_rate":0.0,"timestamp":1558211983,"path_taken":["M","M","M","?","M","E","R","$","T","M","?","R","E","M","R","BOSS","M","?","$","?","M","M","R","?","T","?","?","E","R","?","R","BOSS","M","M","?","$","M"],"build_version":"2019-01-23","purchased_purges":1,"victory":false,"max_hp_per_floor":[75,75,75,75,75,75,75,75,75,75,75,75,75,75,75,75,75,75,75,75,75,75,75,75,75,75,75,75,75,75,75,75,75,75,75,75,75,75,75],"card_choices":[{"not_picked":["Turbo","Sweeping Beam"],"picked":"Redo","floor":1},{"not_picked":["Streamline","Leap"],"picked":"Consume","floor":2},{"not_picked":["Sunder","Double Energy"],"picked":"Redo","floor":3},{"not_picked":["Streamline","Rebound"],"picked":"Machine Learning","floor":5},{"not_picked":["Cold Snap","Skim","Force Field"],"picked":"SKIP","floor":6},{"not_picked":["FTL","Leap","Compile Driver"],"picked":"SKIP","floor":10},{"not_picked":["Conserve Battery","Turbo"],"picked":"Coolheaded","floor":13},{"not_picked":["Sunder","Reinforced Body+1"],"picked":"Storm+1","floor":14},{"not_picked":["Rainbow+1","Hyperbeam"],"picked":"Fission+1","floor":16},{"not_picked":["Rebound","Lockon","Turbo+1"],"picked":"SKIP","floor":18},{"not_picked":["Beam Cell+1","Compile Driver+1"],"picked":"Hologram+1","floor":22},{"not_picked":["Auto Shields+1","Barrage+1"],"picked":"Capacitor+1","floor":23},{"not_picked":["Streamline+1","Sunder+1","Blizzard"],"picked":"SKIP","floor":27},{"not_picked":["Compile Driver+1","Stack+1"],"picked":"Consume+1","floor":29},{"not_picked":["Ball Lightning","Cold Snap"],"picked":"Coolheaded+1","floor":35},{"not_picked":["FTL+1","Glacier+1"],"picked":"Redo+1","floor":36},{"not_picked":["Hologram+1","Cold Snap"],"picked":"Electrodynamics+1","floor":37}],"player_experience":234700,"relics_obtained":[{"floor":6,"key":"Pen Nib"},{"floor":9,"key":"Frozen Egg 2"},{"floor":13,"key":"Toxic Egg 2"},{"floor":26,"key":"War Paint"},{"floor":28,"key":"Blue Candle"},{"floor":29,"key":"Oddly Smooth Stone"},{"floor":29,"key":"Tiny Chest"},{"floor":37,"key":"Gambling Chip"}],"event_choices":[{"damage_healed":0,"gold_gain":0,"player_choice":"Left Gold","damage_taken":0,"max_hp_gain":0,"max_hp_loss":0,"event_name":"World of Goop","floor":4,"gold_loss":47},{"cards_removed":["Strike_B"],"damage_healed":0,"gold_gain":0,"player_choice":"Card Removal","damage_taken":7,"max_hp_gain":0,"max_hp_loss":0,"event_name":"Golden Wing","floor":11,"gold_loss":0},{"damage_healed":0,"gold_gain":0,"player_choice":"Read","damage_taken":0,"max_hp_gain":0,"max_hp_loss":0,"event_name":"The Library","floor":19,"gold_loss":0,"cards_obtained":["Self Repair"]},{"damage_healed":0,"gold_gain":0,"cards_transformed":["Strike_B","Strike_B"],"player_choice":"Became Test Subject","damage_taken":0,"max_hp_gain":0,"max_hp_loss":0,"event_name":"Drug Dealer","floor":21,"gold_loss":0,"cards_obtained":["Loop","Reboot"]},{"damage_healed":0,"gold_gain":0,"player_choice":"Upgraded","damage_taken":0,"max_hp_gain":0,"max_hp_loss":0,"event_name":"Upgrade Shrine","floor":25,"gold_loss":0,"cards_upgraded":["Redo"]},{"damage_healed":0,"gold_gain":0,"player_choice":"Fight","damage_taken":0,"max_hp_gain":0,"max_hp_loss":0,"event_name":"Colosseum","floor":31,"gold_loss":0},{"damage_healed":0,"gold_gain":0,"player_choice":"Fled From Nobs","damage_taken":0,"max_hp_gain":0,"max_hp_loss":0,"event_name":"Colosseum","floor":31,"gold_loss":0},{"damage_healed":0,"gold_gain":0,"player_choice":"Fight","damage_taken":0,"max_hp_gain":0,"max_hp_loss":0,"event_name":"Mysterious Sphere","floor":37,"gold_loss":0}],"is_beta":false,"boss_relics":[{"not_picked":["Astrolabe","Tiny House"],"picked":"Black Star"},{"not_picked":["White Beast Statue","Snecko Eye"],"picked":"Empty Cage"}],"items_purged_floors":[20],"is_endless":false,"potions_floor_spawned":[2,3,5,13,22,27,29,35,36],"killed_by":"Jaw Worm Horde","ascension_level":0}