{"gold_per_floor":[13,32,46,65,65,65,24,24,24,51,51,51,62,62,62,141,141,156,109,126,36,48,48,77,77,77,104,104,104,116,116,116,187,237,248,12,12,25,25,25,0,0,25,36,36,36,54,89,89,89],"floor_reached":50,"playtime":6699,"items_purged":["Strike_B+1"],"score":1066,"play_id":"6dc973bf-0a88-4c67-8f96-9eda0263d925","local_time":"20190424003417","is_ascension_mode":true,"campfire_choices":[{"data":"Zap","floor":6.0,"key":"SMITH"},{"data":"Defragment","floor":8.0,"key":"SMITH"},{"floor":15.0,"key":"REST"},{"floor":23.0,"key":"REST"},{"floor":25.0,"key":"REST"},{"floor":28.0,"key":"REST"},{"data":"Dualcast","floor":32.0,"key":"SMITH"},{"floor":40.0,"key":"REST"},{"floor":42.0,"key":"REST"},{"floor":45,"key":"REST"},{"floor":49,"key":"REST"}],"neow_cost":"NO_GOLD","seed_source_timestamp":1128107636410232,"circlet_count":0,"master_deck":["AscendersBane","Strike_B+1","Strike_B+1","Strike_B+1","Defend_B+1","Defend_B+1","Defend_B+1","Zap+1","Dualcast+1","All For One","Beam Cell","Glacier+1","Beam Cell","Leap","Defragment+1","Conserve Battery","Go for the Eyes","All For One","Glacier+1","Undo","Madness","Blizzard","Beam Cell","Madness","Stack","Madness","Madness","Chrysalis"],"special_seed":0,"relics":["Cracked Core","Pear","Darkstone Periapt","Busted Crown","Vajra","War Paint","Dead Branch","Tiny House","Red Mask","Orichalcum","Frozen Egg 2"],"potions_floor_usage":[47,50,50],"damage_taken":[{"damage":1.0,"enemies":"Cultist","floor":1.0,"turns":3.0},{"damage":0.0,"enemies":"Small Slimes","floor":2.0,"turns":2.0},{"damage":1.0,"enemies":"Jaw Worm","floor":3.0,"turns":3.0},{"damage":1.0,"enemies":"2 Fungi Beasts","floor":4.0,"turns":3.0},{"damage":20.0,"enemies":"3 Sentries","floor":10.0,"turns":9.0},{"damage":4.0,"enemies":"Looter","floor":13.0,"turns":2.0},{"damage":42.0,"enemies":"Hexaghost","floor":16.0,"turns":10.0},{"damage":5.0,"enemies":"Spheric Guardian","floor":18.0,"turns":4.0},{"damage":2.0,"enemies":"2 Thieves","floor":19.0,"turns":5.0},{"damage":18.0,"enemies":"Snake Plant","floor":20.0,"turns":6.0},{"damage":12.0,"enemies":"Snecko","floor":22.0,"turns":8.0},{"damage":24.0,"enemies":"Book of Stabbing","floor":24.0,"turns":7.0},{"damage":8.0,"enemies":"Slavers","floor":27.0,"turns":6.0},{"damage":12.0,"enemies":"Centurion and Healer","floor":30.0,"turns":4.0},{"damage":75.0,"enemies":"Champ","floor":33.0,"turns":14.0},{"damage":18.0,"enemies":"3 Darklings","floor":35.0,"turns":9.0},{"damage":9.0,"enemies":"Orb Walker","floor":38.0,"turns":4.0},{"damage":24,"enemies":"3 Darklings","floor":44,"turns":6},{"damage":0,"enemies":"Writhing Mass","floor":47,"turns":6},{"damage":26,"enemies":"Reptomancer","floor":48,"turns":7},{"damage":104,"enemies":"Time Eater","floor":50,"turns":14}],"seed_played":"8780359445471491225","potions_obtained":[{"floor":2.0,"key":"Energy Potion"},{"floor":4.0,"key":"Fruit Juice"},{"floor":10.0,"key":"Block Potion"},{"floor":18.0,"key":"GamblersBrew"},{"floor":24.0,"key":"FearPotion"},{"floor":27.0,"key":"Explosive Potion"},{"floor":34.0,"key":"Fire Potion"},{"floor":47,"key":"Weak Potion"},{"floor":48,"key":"Regen Potion"}],"is_trial":false,"path_per_floor":["M","M","M","M","?","R","$","R","T","E","?","$","M","?","R","B",null,"M","M","M","$","M","R","E","R","T","E","R","?","M","?","R","B",null,"M","$","?","M","?","R","?","R","T","M","R","?","M","E","R","B"],"character_chosen":"DEFECT","items_purchased":["Defragment","Madness","Madness","Stack"],"campfire_rested":8,"item_purchase_floors":[7,21,36,36],"current_hp_per_floor":[63,63,62,66,66,66,66,66,76,56,56,56,52,52,77,35,73,68,66,48,48,36,61,37,62,62,54,79,79,67,84,84,9,72,54,54,54,45,29,56,56,83,83,59,86,86,86,60,87,0],"gold":89,"neow_bonus":"THREE_RARE_CARDS","is_prod":false,"is_daily":false,"chose_seed":false,"campfire_upgraded":3,"win_rate":0,"timestamp":1556055257,"path_taken":["M","M","M","?","?","R","?","R","T","E","?","$","M","?","R","BOSS","M","M","?","$","M","R","E","R","T","E","R","?","M","?","R","BOSS","M","$","?","M","?","R","?","R","T","M","R","?","M","E","R","BOSS"],"build_version":"2019-01-23","purchased_purges":1,"victory":false,"max_hp_per_floor":[71,71,71,76,76,76,76,76,86,86,86,86,86,86,86,86,86,86,86,86,86,86,86,86,86,86,86,86,86,86,86,86,86,91,91,91,91,91,91,91,91,91,91,91,91,91,91,91,91,91],"card_choices":[{"not_picked":["Fission","Core Surge"],"picked":"All For One","floor":0.0},{"not_picked":["Stack","Hello World"],"picked":"Beam Cell","floor":1.0},{"not_picked":["Tempest","Coolheaded"],"picked":"Glacier","floor":2.0},{"not_picked":["Steam","Reprogram"],"picked":"Beam Cell","floor":3.0},{"not_picked":["Ball Lightning","Storm"],"picked":"Leap","floor":4.0},{"not_picked":["Hologram","Capacitor"],"picked":"Conserve Battery","floor":10.0},{"not_picked":["Rebound","FTL"],"picked":"Go for the Eyes","floor":13.0},{"not_picked":["Seek","Core Surge"],"picked":"All For One","floor":16.0},{"not_picked":["Darkness"],"picked":"SKIP","floor":18.0},{"not_picked":["Darkness"],"picked":"SKIP","floor":18.0},{"not_picked":[],"picked":"Glacier","floor":19.0},{"not_picked":[],"picked":"Undo","floor":20.0},{"not_picked":["Barrage"],"picked":"SKIP","floor":22.0},{"not_picked":["Stack"],"picked":"SKIP","floor":24.0},{"not_picked":[],"picked":"Blizzard","floor":27.0},{"not_picked":["Blizzard"],"picked":"SKIP","floor":30.0},{"not_picked":[],"picked":"Beam Cell","floor":34.0},{"not_picked":["Compile Driver"],"picked":"SKIP","floor":35.0},{"not_picked":["Compile Driver"],"picked":"SKIP","floor":38.0},{"not_picked":["Rebound"],"picked":"SKIP","floor":44},{"not_picked":[],"picked":"Chrysalis","floor":46},{"not_picked":["Rebound"],"picked":"SKIP","floor":47},{"not_picked":["Cold Snap"],"picked":"SKIP","floor":48}],"player_experience":839355,"relics_obtained":[{"floor":9.0,"key":"Pear"},{"floor":10.0,"key":"Darkstone Periapt"},{"floor":24.0,"key":"Vajra"},{"floor":26.0,"key":"War Paint"},{"floor":27.0,"key":"Dead Branch"},{"floor":43.0,"key":"Orichalcum"},{"floor":48,"key":"Frozen Egg 2"}],"event_choices":[{"damage_healed":0.0,"max_hp_gain":0.0,"max_hp_loss":0.0,"gold_gain":0.0,"event_name":"Liars Game","player_choice":"Ignored","floor":5.0,"gold_loss":0.0,"damage_taken":0.0},{"damage_healed":0.0,"max_hp_gain":0.0,"max_hp_loss":0.0,"gold_gain":0.0,"event_name":"Shining Light","player_choice":"Ignored","floor":11.0,"gold_loss":0.0,"damage_taken":0.0},{"damage_healed":0.0,"max_hp_gain":0.0,"max_hp_loss":0.0,"gold_gain":0.0,"event_name":"Match and Keep!","player_choice":"0 cards matched","floor":14.0,"gold_loss":0.0,"damage_taken":0.0,"cards_obtained":[]},{"damage_healed":0.0,"max_hp_gain":0.0,"max_hp_loss":0.0,"gold_gain":0.0,"event_name":"Back to Basics","player_choice":"Simplicity","floor":29.0,"gold_loss":0.0,"damage_taken":0.0,"cards_upgraded":["Strike_B","Strike_B","Strike_B","Strike_B","Defend_B","Defend_B","Defend_B"]},{"damage_healed":17.0,"max_hp_gain":0.0,"max_hp_loss":0.0,"gold_gain":0.0,"event_name":"The Library","player_choice":"Heal","floor":31.0,"gold_loss":0.0,"damage_taken":0.0},{"cards_removed":["Defend_B"],"damage_healed":0.0,"max_hp_gain":0.0,"max_hp_loss":0.0,"gold_gain":0.0,"event_name":"Falling","player_choice":"Removed Skill","floor":37.0,"gold_loss":0.0,"damage_taken":0.0},{"damage_healed":0.0,"max_hp_gain":0.0,"max_hp_loss":0.0,"gold_gain":0.0,"event_name":"Winding Halls","player_choice":"Embrace Madness","floor":39.0,"gold_loss":0.0,"damage_taken":16.0,"cards_obtained":["Madness","Madness"]},{"damage_healed":0.0,"max_hp_gain":0.0,"max_hp_loss":0.0,"gold_gain":0.0,"event_name":"Tomb of Lord Red Mask","player_choice":"Paid","floor":41.0,"gold_loss":25.0,"damage_taken":0.0,"relics_obtained":["Red Mask"]},{"damage_healed":0,"gold_gain":0,"player_choice":"Memory 1","damage_taken":0,"max_hp_gain":0,"max_hp_loss":0,"event_name":"SensoryStone","floor":46,"gold_loss":0}],"is_beta":false,"boss_relics":[{"not_picked":["FrozenCore","Calling Bell"],"picked":"Busted Crown"},{"not_picked":["Fusion Hammer","Philosopher\u0027s Stone"],"picked":"Tiny House"}],"items_purged_floors":[36],"is_endless":false,"potions_floor_spawned":[2,4,10,18,24,27,47,48],"killed_by":"Time Eater","ascension_level":20}