{"gold_per_floor":[114,129,129,129,129,129,159,159,159,169,169],"floor_reached":11,"playtime":219,"items_purged":[],"score":71,"play_id":"6950fdc6-35db-439e-acea-84a40eea4eb6","local_time":"20190119153156","daily_mods":["Heirloom","Time Dilation","Flight"],"is_ascension_mode":false,"campfire_choices":[{"data":"Bash","floor":6,"key":"SMITH"},{"data":"Headbutt","floor":8,"key":"SMITH"},{"data":"Strike_R","floor":11,"key":"SMITH"}],"neow_cost":"","seed_source_timestamp":0,"circlet_count":0,"master_deck":["Strike_R","Strike_R","Strike_R","Strike_R+1","Defend_R","Defend_R","Defend_R","Defend_R","Bash+1","Armaments+1","Headbutt+1","Sentinel","Headbutt+1"],"relics":["Burning Blood","Nunchaku","Ornamental Fan","Molten Egg 2"],"potions_floor_usage":[7],"damage_taken":[{"damage":11,"enemies":"Jaw Worm","floor":1,"turns":4},{"damage":0,"enemies":"Small Slimes","floor":2,"turns":3},{"damage":10,"enemies":"Lagavulin","floor":7,"turns":4},{"damage":0,"enemies":"2 Louse","floor":10,"turns":2}],"seed_played":"-8552080007260813782","potions_obtained":[{"floor":1,"key":"Ancient Potion"},{"floor":2,"key":"Explosive Potion"},{"floor":5,"key":"Energy Potion"}],"is_trial":true,"path_per_floor":["M","M","?","?","?","R","E","R","T","M","R"],"character_chosen":"IRONCLAD","items_purchased":[],"campfire_rested":0,"item_purchase_floors":[],"current_hp_per_floor":[75,80,80,73,73,73,69,69,69,75,75],"gold":169,"neow_bonus":"","is_prod":false,"is_daily":false,"chose_seed":false,"campfire_upgraded":3,"win_rate":0,"timestamp":1547879516,"path_taken":["M","M","?","?","?","R","E","R","T","M","R"],"build_version":"2019-01-17v2","purchased_purges":0,"victory":false,"max_hp_per_floor":[80,80,80,80,80,80,80,80,80,80,80],"card_choices":[{"not_picked":["Inflame","Twin Strike"],"picked":"Armaments","floor":1},{"not_picked":["Combust","Power Through"],"picked":"Headbutt","floor":2},{"not_picked":["Clothesline","Warcry"],"picked":"Sentinel","floor":7},{"not_picked":["Wild Strike+1","Sword Boomerang+1"],"picked":"Headbutt+1","floor":10}],"player_experience":302583,"relics_obtained":[{"floor":7,"key":"Ornamental Fan"},{"floor":9,"key":"Molten Egg 2"}],"event_choices":[{"damage_healed":0,"gold_gain":0,"player_choice":"Grow","damage_taken":0,"max_hp_gain":0,"max_hp_loss":0,"event_name":"Living Wall","floor":3,"gold_loss":0,"cards_upgraded":["Armaments"]},{"cards_removed":["Strike_R"],"damage_healed":0,"gold_gain":0,"player_choice":"Card Removal","damage_taken":7,"max_hp_gain":0,"max_hp_loss":0,"event_name":"Golden Wing","floor":4,"gold_loss":0},{"damage_healed":0,"gold_gain":0,"player_choice":"Got Potions","damage_taken":0,"max_hp_gain":0,"max_hp_loss":0,"event_name":"Lab","floor":5,"gold_loss":0}],"is_beta":false,"boss_relics":[],"items_purged_floors":[],"is_endless":true,"potions_floor_spawned":[1,2],"ascension_level":0}