{"gold_per_floor":[109,125,135,135,60,60,77,77,103,103,117,142,142,156,156,252,252,235,335,186,186,201,201,201,201,201,201,212,212,230,246,246,341,341,352,137,150,150,165,165,165,165,165,165,165,165,193,207,207,207],"floor_reached":50,"playtime":3925,"items_purged":["Strike_R","Defend_R","Defend_R"],"score":655,"play_id":"e66b0309-ef7d-4047-9ae7-b094d4701de4","local_time":"20190505212855","is_ascension_mode":true,"campfire_choices":[{"data":"Searing Blow","floor":6,"key":"SMITH"},{"data":"Searing Blow+1","floor":8,"key":"SMITH"},{"data":"Searing Blow+2","floor":10,"key":"SMITH"},{"data":"Searing Blow+3","floor":13,"key":"SMITH"},{"floor":15,"key":"REST"},{"data":"Searing Blow+4","floor":23,"key":"SMITH"},{"floor":27,"key":"REST"},{"data":"Searing Blow+5","floor":29,"key":"SMITH"},{"floor":32,"key":"REST"},{"data":"Searing Blow+6","floor":40,"key":"SMITH"},{"data":"Searing Blow+7","floor":42,"key":"SMITH"},{"data":"Searing Blow+8","floor":44,"key":"SMITH"},{"floor":46,"key":"REST"},{"floor":49,"key":"REST"}],"neow_cost":"NONE","seed_source_timestamp":1837096821666358,"circlet_count":0,"master_deck":["Strike_R","Strike_R","Strike_R","Defend_R","Defend_R","Bash","Searing Blow+9","Pommel Strike","Disarm","Armaments","Armaments","Exhume+1","Pommel Strike","Impervious+1","Metallicize+1","Armaments+1","Impervious+1","Armaments+1","Exhume+1","Dark Shackles+1","Trip+1","Reaper"],"relics":["Black Blood","Pen Nib","Juzu Bracelet","Toxic Egg 2","White Beast Statue","FossilizedHelix","Pantograph","Nloth\u0027s Gift","MutagenicStrength","StoneCalendar","Sundial","Omamori"],"potions_floor_usage":[11,19,22,30,30,33,33,35,37,39,41,41,48,50],"damage_taken":[{"damage":0,"enemies":"Jaw Worm","floor":1,"turns":1},{"damage":0,"enemies":"Cultist","floor":2,"turns":1},{"damage":0,"enemies":"Small Slimes","floor":3,"turns":1},{"damage":10,"enemies":"Blue Slaver","floor":7,"turns":4},{"damage":21,"enemies":"3 Louse","floor":11,"turns":3},{"damage":23,"enemies":"Lagavulin","floor":12,"turns":5},{"damage":29,"enemies":"Lots of Slimes","floor":14,"turns":5},{"damage":13,"enemies":"Slime Boss","floor":16,"turns":9},{"damage":11,"enemies":"2 Thieves","floor":18,"turns":4},{"damage":21,"enemies":"Colosseum Slavers","floor":19,"turns":6},{"damage":46,"enemies":"Colosseum Nobs","floor":19,"turns":7},{"damage":6,"enemies":"3 Byrds","floor":22,"turns":6},{"damage":0,"enemies":"Snecko","floor":28,"turns":4},{"damage":31,"enemies":"3 Cultists","floor":30,"turns":7},{"damage":8,"enemies":"Centurion and Healer","floor":31,"turns":7},{"damage":42,"enemies":"Champ","floor":33,"turns":13},{"damage":31,"enemies":"Orb Walker","floor":35,"turns":6},{"damage":26,"enemies":"3 Shapes","floor":37,"turns":7},{"damage":0,"enemies":"Maw","floor":39,"turns":9},{"damage":38,"enemies":"Giant Head","floor":41,"turns":9},{"damage":47,"enemies":"Nemesis","floor":47,"turns":7},{"damage":0,"enemies":"Spire Growth","floor":48,"turns":5},{"damage":92,"enemies":"Time Eater","floor":50,"turns":11}],"seed_played":"-6352060904469752183","potions_obtained":[{"floor":2,"key":"Strength Potion"},{"floor":3,"key":"Energy Potion"},{"floor":16,"key":"SpeedPotion"},{"floor":18,"key":"FearPotion"},{"floor":19,"key":"Fire Potion"},{"floor":22,"key":"Ancient Potion"},{"floor":28,"key":"GamblersBrew"},{"floor":30,"key":"Fruit Juice"},{"floor":31,"key":"Strength Potion"},{"floor":33,"key":"SmokeBomb"},{"floor":35,"key":"Explosive Potion"},{"floor":37,"key":"Strength Potion"},{"floor":39,"key":"SpeedPotion"},{"floor":47,"key":"EssenceOfSteel"},{"floor":48,"key":"AttackPotion"}],"is_trial":false,"path_per_floor":["M","M","M","?","$","R","M","R","T","R","M","E","R","M","R","B",null,"M","?","$","?","M","R","?","?","T","R","M","R","M","M","R","B",null,"M","$","M","?","M","R","E","R","T","R","?","R","E","M","R","B"],"character_chosen":"IRONCLAD","items_purchased":["Armaments+1","Dark Shackles+1"],"campfire_rested":5,"item_purchase_floors":[20,36],"current_hp_per_floor":[80,80,80,80,80,80,76,76,76,76,61,44,44,21,45,38,80,75,20,20,20,20,20,20,20,20,44,50,50,30,28,53,42,85,64,64,48,48,58,58,36,36,36,36,36,61,31,41,66,0],"gold":207,"neow_bonus":"THREE_ENEMY_KILL","is_prod":false,"is_daily":false,"chose_seed":false,"campfire_upgraded":9,"win_rate":0,"timestamp":1557106135,"path_taken":["M","M","M","?","$","R","M","R","T","R","M","E","R","M","R","BOSS","M","?","$","?","M","R","?","?","T","R","M","R","M","M","R","BOSS","M","$","M","?","M","R","E","R","T","R","?","R","E","M","R","BOSS"],"build_version":"2019-01-23","purchased_purges":3,"victory":false,"max_hp_per_floor":[80,80,80,80,80,80,80,80,80,80,80,80,80,80,80,80,80,80,80,80,80,80,80,80,80,80,80,80,80,85,85,85,85,85,85,85,85,85,85,85,85,85,85,85,85,85,85,85,85,85],"card_choices":[{"not_picked":["Warcry","Intimidate"],"picked":"Searing Blow","floor":1},{"not_picked":["Searing Blow","Twin Strike"],"picked":"Pommel Strike","floor":2},{"not_picked":["Sword Boomerang","Wild Strike"],"picked":"Disarm","floor":3},{"not_picked":["Warcry","Clothesline"],"picked":"Armaments","floor":7},{"not_picked":["Carnage","Rupture"],"picked":"Armaments","floor":11},{"not_picked":["Body Slam","Perfected Strike"],"picked":"Exhume","floor":12},{"not_picked":["Clash","Iron Wave"],"picked":"Pommel Strike","floor":14},{"not_picked":["Juggernaut","Barricade"],"picked":"Impervious+1","floor":16},{"not_picked":["Corruption+1","Blood for Blood+1"],"picked":"Metallicize+1","floor":18},{"not_picked":["Iron Wave","Combust","Headbutt+1"],"picked":"SKIP","floor":22},{"not_picked":["Dark Embrace","Anger+1"],"picked":"Armaments+1","floor":28},{"not_picked":["Armaments+1","Bloodletting+1","Power Through+1"],"picked":"SKIP","floor":30},{"not_picked":["Sword Boomerang","Body Slam+1","Armaments+1"],"picked":"SKIP","floor":31},{"not_picked":["Berserk","Demon Form"],"picked":"Exhume+1","floor":33},{"not_picked":["Rampage","Headbutt+1","Havoc+1"],"picked":"SKIP","floor":35},{"not_picked":["Anger+1","Shrug It Off+1","Entrench+1"],"picked":"SKIP","floor":37},{"not_picked":["Mayhem","Flash of Steel"],"picked":"Trip+1","floor":38},{"not_picked":["Havoc+1","Rage+1"],"picked":"Reaper","floor":39},{"not_picked":["Armaments+1","Clothesline+1","Cleave+1"],"picked":"SKIP","floor":47},{"not_picked":["Combust+1","Wild Strike+1","Havoc+1"],"picked":"SKIP","floor":48}],"player_experience":176397,"relics_obtained":[{"floor":9,"key":"Juzu Bracelet"},{"floor":12,"key":"Toxic Egg 2"},{"floor":19,"key":"FossilizedHelix"},{"floor":19,"key":"Pantograph"},{"floor":26,"key":"StoneCalendar"},{"floor":43,"key":"Sundial"},{"floor":47,"key":"Omamori"}],"event_choices":[{"damage_healed":0,"gold_gain":0,"player_choice":"Gave Potion","damage_taken":0,"relics_obtained":["Pen Nib"],"max_hp_gain":0,"max_hp_loss":0,"event_name":"WeMeetAgain","floor":4,"gold_loss":0},{"damage_healed":0,"gold_gain":0,"player_choice":"Fight","damage_taken":0,"max_hp_gain":0,"max_hp_loss":0,"event_name":"Colosseum","floor":19,"gold_loss":0},{"damage_healed":0,"gold_gain":0,"player_choice":"Fought Nobs","damage_taken":0,"max_hp_gain":0,"max_hp_loss":0,"event_name":"Colosseum","floor":19,"gold_loss":0},{"damage_healed":0,"gold_gain":0,"cards_transformed":["Strike_R"],"player_choice":"Transformed","damage_taken":0,"max_hp_gain":0,"max_hp_loss":0,"event_name":"Transmorgrifier","floor":21,"gold_loss":0,"cards_obtained":["Impervious"]},{"damage_healed":0,"gold_gain":0,"player_choice":"Traded Relic","damage_taken":0,"relics_obtained":["Nloth\u0027s Gift"],"max_hp_gain":0,"max_hp_loss":0,"event_name":"N\u0027loth","floor":24,"relics_lost":["NeowsBlessing"],"gold_loss":0},{"damage_healed":0,"gold_gain":0,"player_choice":"Inject Mutagens","damage_taken":0,"relics_obtained":["MutagenicStrength"],"max_hp_gain":0,"max_hp_loss":0,"event_name":"Drug Dealer","floor":25,"gold_loss":0},{"damage_healed":0,"gold_gain":0,"player_choice":"Memory 1","damage_taken":0,"max_hp_gain":0,"max_hp_loss":0,"event_name":"SensoryStone","floor":38,"gold_loss":0},{"damage_healed":0,"gold_gain":0,"player_choice":"Ignored","damage_taken":0,"max_hp_gain":0,"max_hp_loss":0,"event_name":"Mysterious Sphere","floor":45,"gold_loss":0}],"is_beta":false,"boss_relics":[{"not_picked":["Calling Bell","Eternal Feather"],"picked":"White Beast Statue"},{"not_picked":["Busted Crown","Philosopher\u0027s Stone"],"picked":"Black Blood"}],"items_purged_floors":[5,20,36],"is_endless":false,"potions_floor_spawned":[2,3,16,18,19,19,22,28,30,31,33,35,37,39,41,47,48],"killed_by":"Time Eater","ascension_level":4}