{"gold_per_floor":[111,123,198,18,32,57,57,85,85,85,105,133,133,40,40,40],"floor_reached":16,"playtime":824,"items_purged":[],"score":136,"play_id":"df050570-b811-45be-b767-a3bcef3f187c","local_time":"20181114201208","is_ascension_mode":true,"campfire_choices":[{"floor":7,"key":"REST"},{"floor":10,"key":"REST"},{"data":"Uppercut","floor":15,"key":"SMITH"}],"neow_cost":"NONE","seed_source_timestamp":30894191748605,"circlet_count":0,"master_deck":["Strike_R","Strike_R","Strike_R","Strike_R","Strike_R","Defend_R+1","Defend_R","Defend_R","Defend_R","Bash","Pommel Strike","Clothesline","Shrug It Off+1","Warcry","Limit Break","Twin Strike","Perfected Strike","Headbutt","Uppercut+1","Flex"],"relics":["Burning Blood","Omamori","War Paint","The Courier","Potion Belt","Strawberry"],"potions_floor_usage":[8,12,12],"damage_taken":[{"damage":8,"enemies":"Jaw Worm","floor":1,"turns":4},{"damage":4,"enemies":"Cultist","floor":2,"turns":3},{"damage":8,"enemies":"Small Slimes","floor":5,"turns":4},{"damage":56,"enemies":"Lagavulin","floor":6,"turns":8},{"damage":43,"enemies":"3 Sentries","floor":8,"turns":11},{"damage":15,"enemies":"Exordium Thugs","floor":11,"turns":5},{"damage":15,"enemies":"Lagavulin","floor":12,"turns":5},{"damage":23,"enemies":"Hexaghost","floor":16,"turns":9}],"seed_played":"-655182941078146650","potions_obtained":[{"floor":1,"key":"EssenceOfSteel"},{"floor":8,"key":"AttackPotion"},{"floor":11,"key":"SpeedPotion"}],"is_trial":false,"path_per_floor":["M","M","?","$","M","E","R","E","T","R","M","E","?","$","R","B"],"character_chosen":"IRONCLAD","items_purchased":["Omamori","Warcry","Uppercut","Flex"],"campfire_rested":2,"item_purchase_floors":[4,4,14,14],"current_hp_per_floor":[78,80,72,72,70,20,44,7,7,31,22,20,20,20,20,0],"gold":40,"neow_bonus":"THREE_CARDS","is_prod":false,"is_daily":false,"chose_seed":false,"campfire_upgraded":1,"win_rate":0,"timestamp":1542244328,"path_taken":["M","M","?","$","M","E","R","E","T","R","?","E","?","?","R","BOSS"],"build_version":"2018-11-08","purchased_purges":0,"victory":false,"max_hp_per_floor":[80,80,80,80,80,80,80,80,80,80,80,87,87,87,87,87],"card_choices":[{"not_picked":["Rupture","Havoc"],"picked":"Pommel Strike","floor":0},{"not_picked":["Clash","Combust"],"picked":"Clothesline","floor":1},{"not_picked":["Hemokinesis","Heavy Blade"],"picked":"Shrug It Off","floor":2},{"not_picked":["Bloodletting","Sever Soul"],"picked":"Limit Break","floor":5},{"not_picked":["Blood for Blood","Heavy Blade","Sever Soul"],"picked":"SKIP","floor":6},{"not_picked":["Armaments","Warcry"],"picked":"Twin Strike","floor":8},{"not_picked":["Rupture","Havoc"],"picked":"Perfected Strike","floor":11},{"not_picked":["Feel No Pain","Exhume"],"picked":"Headbutt","floor":12}],"player_experience":142380,"relics_obtained":[{"floor":6,"key":"War Paint"},{"floor":8,"key":"The Courier"},{"floor":9,"key":"Potion Belt"},{"floor":12,"key":"Strawberry"}],"event_choices":[{"damage_healed":0,"gold_gain":75,"player_choice":"Touch","damage_taken":8,"max_hp_gain":0,"max_hp_loss":0,"event_name":"FaceTrader","floor":3,"gold_loss":0},{"damage_healed":0,"gold_gain":0,"player_choice":"Ignored","damage_taken":0,"max_hp_gain":0,"max_hp_loss":0,"event_name":"Golden Idol","floor":13,"gold_loss":0}],"is_beta":false,"boss_relics":[],"items_purged_floors":[],"is_endless":false,"potions_floor_spawned":[1,8,11],"killed_by":"Hexaghost","ascension_level":3}