{"gold_per_floor":[118,134,114,126,137,137,137,172,244,198,211,6,17,28,28,106,106,123,223,236,236,236,236,266,266,266,301,321,236,186,14,14,87,87,105,105,56,56,56,84,84,84,84,98,98,198,198,218,218,218],"floor_reached":51,"playtime":3592,"items_purged":["Strike_R","Strike_R"],"score":1276,"play_id":"df0d9010-a434-4ccc-b641-2de252db1fe0","local_time":"20190207014323","is_ascension_mode":true,"campfire_choices":[{"data":"Bash","floor":6.0,"key":"SMITH"},{"floor":15.0,"key":"REST"},{"floor":23.0,"key":"REST"},{"data":"Barricade","floor":25.0,"key":"SMITH"},{"floor":32.0,"key":"REST"},{"data":"Flame Barrier","floor":41.0,"key":"SMITH"},{"data":"Flame Barrier","floor":47,"key":"SMITH"},{"data":"Rage","floor":49,"key":"SMITH"}],"neow_cost":"NONE","seed_source_timestamp":0,"circlet_count":0,"master_deck":["AscendersBane","Strike_R","Strike_R","Strike_R+1","Defend_R","Defend_R","Defend_R","Defend_R+1","Headbutt","Shrug It Off","Spot Weakness","Cleave","Demon Form+1","Iron Wave+1","Flame Barrier+1","Iron Wave+1","Iron Wave+1","Sword Boomerang+1","Barricade+1","Heavy Blade+1","Rage+1","Necronomicurse","Reaper+1","Flame Barrier+1","Demon Form","Iron Wave+1"],"special_seed":0,"relics":["Burning Blood","FossilizedHelix","Molten Egg 2","Cursed Key","StoneCalendar","Pear","Necronomicon","MutagenicStrength","Vajra","Juzu Bracelet","Dream Catcher","Velvet Choker","CultistMask","Strawberry"],"potions_floor_usage":[48,50],"damage_taken":[{"damage":4.0,"enemies":"2 Louse","floor":1.0,"turns":5.0},{"damage":6.0,"enemies":"Cultist","floor":2.0,"turns":3.0},{"damage":1.0,"enemies":"Small Slimes","floor":4.0,"turns":4.0},{"damage":5.0,"enemies":"3 Louse","floor":5.0,"turns":4.0},{"damage":39.0,"enemies":"Lagavulin","floor":8.0,"turns":6.0},{"damage":0.0,"enemies":"Exordium Wildlife","floor":11.0,"turns":3.0},{"damage":1.0,"enemies":"Blue Slaver","floor":13.0,"turns":4.0},{"damage":0.0,"enemies":"Large Slime","floor":14.0,"turns":4.0},{"damage":12.0,"enemies":"Hexaghost","floor":16.0,"turns":8.0},{"damage":0.0,"enemies":"Shell Parasite","floor":18.0,"turns":6.0},{"damage":15.0,"enemies":"Colosseum Slavers","floor":19.0,"turns":7.0},{"damage":10.0,"enemies":"Colosseum Nobs","floor":19.0,"turns":5.0},{"damage":0.0,"enemies":"Spheric Guardian","floor":20.0,"turns":5.0},{"damage":28.0,"enemies":"Slavers","floor":24.0,"turns":7.0},{"damage":31.0,"enemies":"Book of Stabbing","floor":27.0,"turns":5.0},{"damage":0.0,"enemies":"Snecko","floor":28.0,"turns":3.0},{"damage":34.0,"enemies":"Automaton","floor":33.0,"turns":11.0},{"damage":34.0,"enemies":"3 Shapes","floor":35.0,"turns":5.0},{"damage":0.0,"enemies":"Nemesis","floor":40.0,"turns":5.0},{"damage":0,"enemies":"Orb Walker","floor":44,"turns":3},{"damage":0,"enemies":"Mind Bloom Boss Battle","floor":46,"turns":5},{"damage":7,"enemies":"Spire Growth","floor":48,"turns":5},{"damage":89,"enemies":"Donu and Deca","floor":50,"turns":8}],"seed_played":"3738933219824792725","potions_obtained":[{"floor":1.0,"key":"FearPotion"},{"floor":3.0,"key":"Energy Potion"},{"floor":8.0,"key":"SpeedPotion"},{"floor":16.0,"key":"GamblersBrew"},{"floor":19.0,"key":"Poison Potion"},{"floor":27.0,"key":"SpeedPotion"},{"floor":40.0,"key":"Block Potion"}],"is_trial":false,"path_per_floor":["M","M","?","M","M","R","?","E","T","?","M","$","M","M","R","B",null,"M","?","M","?","?","R","E","R","T","E","M","?","?","$","R","B",null,"M","?","$","?","?","E","R","?","T","M","?","?","R","M","R","B",null],"character_chosen":"IRONCLAD","items_purchased":["Flame Barrier","Iron Wave+1","Reaper+1","Block Potion"],"campfire_rested":3,"item_purchase_floors":[12,12,31,37],"current_hp_per_floor":[77,77,77,82,82,82,57,24,24,24,30,30,35,41,65,59,76,82,79,85,64,64,91,69,69,69,44,50,50,50,50,77,67,86,92,92,92,92,92,99,99,94,94,94,94,94,94,93,93,46],"gold":218,"neow_bonus":"TEN_PERCENT_HP_BONUS","is_prod":false,"is_daily":false,"chose_seed":false,"campfire_upgraded":5,"win_rate":0,"timestamp":1549496603,"path_taken":["M","M","?","M","?","R","?","E","T","?","M","$","M","M","R","BOSS","M","?","M","?","?","R","E","R","T","E","M","?","?","$","R","BOSS","M","?","?","?","?","E","R","?","T","M","?","?","R","M","R","BOSS"],"build_version":"2019-01-23","purchased_purges":2,"victory":true,"max_hp_per_floor":[82,82,82,82,82,82,82,82,82,82,82,82,82,82,82,82,82,82,92,92,92,92,92,92,92,92,92,92,92,92,92,92,92,92,92,92,92,92,92,99,99,94,94,94,94,94,94,94,94,94],"card_choices":[{"not_picked":["Entrench","Thunderclap"],"picked":"Headbutt","floor":1.0},{"not_picked":["Anger","Rupture"],"picked":"Shrug It Off","floor":2.0},{"not_picked":["Immolate","Sword Boomerang"],"picked":"Spot Weakness","floor":4.0},{"not_picked":["Shrug It Off","Feel No Pain"],"picked":"Cleave","floor":5.0},{"not_picked":["Flex","Rage"],"picked":"Demon Form","floor":8.0},{"not_picked":["Shockwave","Sever Soul+1"],"picked":"Iron Wave+1","floor":11.0},{"not_picked":["Thunderclap+1","Whirlwind+1"],"picked":"Iron Wave+1","floor":13.0},{"not_picked":["Anger+1","Twin Strike+1"],"picked":"Sword Boomerang+1","floor":14.0},{"not_picked":["Double Tap","Juggernaut"],"picked":"Barricade","floor":16.0},{"not_picked":["Havoc+1","Searing Blow+1","Anger+1"],"picked":"SKIP","floor":18.0},{"not_picked":["Havoc+1","Searing Blow+1","Anger+1"],"picked":"SKIP","floor":18.0},{"not_picked":["Havoc","Disarm"],"picked":"Heavy Blade+1","floor":19.0},{"not_picked":["Flex","Wild Strike+1"],"picked":"Rage","floor":20.0},{"not_picked":["Armaments","Burning Pact","Heavy Blade+1"],"picked":"SKIP","floor":24.0},{"not_picked":["Thunderclap+1","Berserk","Sentinel"],"picked":"SKIP","floor":27.0},{"not_picked":["Carnage+1","Rage","Feel No Pain"],"picked":"SKIP","floor":28.0},{"not_picked":["Second Wind","Headbutt+1"],"picked":"Flame Barrier","floor":32.0},{"not_picked":["Feed+1","Barricade"],"picked":"Demon Form","floor":33.0},{"not_picked":["Wild Strike+1","Sword Boomerang+1","Ghostly Armor"],"picked":"SKIP","floor":35.0},{"not_picked":["Shrug It Off","Warcry","Combust"],"picked":"SKIP","floor":40.0},{"not_picked":["Ghostly Armor","Sword Boomerang+1","Spot Weakness"],"picked":"SKIP","floor":44},{"not_picked":["Cleave+1","Clash+1"],"picked":"Iron Wave+1","floor":46},{"not_picked":["Rage","Wild Strike+1","Warcry"],"picked":"SKIP","floor":48}],"player_experience":555873,"relics_obtained":[{"floor":8.0,"key":"FossilizedHelix"},{"floor":9.0,"key":"Molten Egg 2"},{"floor":19.0,"key":"StoneCalendar"},{"floor":19.0,"key":"Pear"},{"floor":21.0,"key":"Necronomicon"},{"floor":24.0,"key":"Vajra"},{"floor":27.0,"key":"Juzu Bracelet"},{"floor":40.0,"key":"Strawberry"}],"event_choices":[{"damage_healed":0.0,"max_hp_gain":0.0,"max_hp_loss":0.0,"gold_gain":0.0,"event_name":"The Woman in Blue","player_choice":"Bought 1 Potion","floor":3.0,"gold_loss":0.0,"damage_taken":0.0},{"damage_healed":0.0,"max_hp_gain":0.0,"max_hp_loss":0.0,"gold_gain":0.0,"event_name":"Shining Light","player_choice":"Entered Light","floor":7.0,"gold_loss":0.0,"damage_taken":25.0,"cards_upgraded":["Strike_R","Defend_R"]},{"damage_healed":0.0,"max_hp_gain":0.0,"max_hp_loss":0.0,"gold_gain":0.0,"event_name":"World of Goop","player_choice":"Left Gold","floor":10.0,"gold_loss":46.0,"damage_taken":0.0},{"damage_healed":0.0,"max_hp_gain":0.0,"max_hp_loss":0.0,"gold_gain":0.0,"event_name":"Colosseum","player_choice":"Fight","floor":19.0,"gold_loss":0.0,"damage_taken":0.0},{"damage_healed":0.0,"max_hp_gain":0.0,"max_hp_loss":0.0,"gold_gain":0.0,"event_name":"Colosseum","player_choice":"Fought Nobs","floor":19.0,"gold_loss":0.0,"damage_taken":0.0},{"damage_healed":0.0,"max_hp_gain":0.0,"max_hp_loss":0.0,"gold_gain":0.0,"event_name":"Cursed Tome","player_choice":"Obtained Book","floor":21.0,"gold_loss":0.0,"damage_taken":21.0},{"damage_healed":0.0,"max_hp_gain":0.0,"max_hp_loss":0.0,"gold_gain":0.0,"event_name":"Drug Dealer","player_choice":"Inject Mutagens","floor":22.0,"gold_loss":0.0,"damage_taken":0.0,"relics_obtained":["MutagenicStrength"]},{"damage_healed":0.0,"max_hp_gain":0.0,"max_hp_loss":0.0,"gold_gain":0.0,"event_name":"Addict","player_choice":"Obtained Relic","floor":29.0,"gold_loss":85.0,"damage_taken":0.0,"relics_obtained":["Dream Catcher"]},{"damage_healed":0.0,"max_hp_gain":0.0,"max_hp_loss":0.0,"gold_gain":0.0,"event_name":"Designer","player_choice":"Upgrade","floor":30.0,"gold_loss":50.0,"damage_taken":0.0,"cards_upgraded":["Demon Form"]},{"damage_healed":0.0,"max_hp_gain":0.0,"max_hp_loss":0.0,"gold_gain":0.0,"event_name":"FaceTrader","player_choice":"Trade","floor":36.0,"gold_loss":0.0,"damage_taken":0.0,"relics_obtained":["CultistMask"]},{"cards_removed":["Bash"],"damage_healed":0.0,"max_hp_gain":0.0,"max_hp_loss":0.0,"gold_gain":0.0,"event_name":"Falling","player_choice":"Removed Attack","floor":38.0,"gold_loss":0.0,"damage_taken":0.0},{"damage_healed":0.0,"max_hp_gain":0.0,"max_hp_loss":0.0,"gold_gain":0.0,"event_name":"SensoryStone","player_choice":"Memory 1","floor":39.0,"gold_loss":0.0,"damage_taken":0.0},{"damage_healed":0.0,"max_hp_gain":0.0,"max_hp_loss":5.0,"gold_gain":0.0,"event_name":"Winding Halls","player_choice":"Max HP","floor":42.0,"gold_loss":0.0,"damage_taken":0.0},{"damage_healed":0,"gold_gain":0,"player_choice":"Ignored","damage_taken":0,"max_hp_gain":0,"max_hp_loss":0,"event_name":"Mysterious Sphere","floor":45,"gold_loss":0},{"damage_healed":0,"gold_gain":0,"player_choice":"Fight","damage_taken":0,"max_hp_gain":0,"max_hp_loss":0,"event_name":"MindBloom","floor":46,"gold_loss":0}],"is_beta":false,"boss_relics":[{"not_picked":["Astrolabe","Runic Cube"],"picked":"Cursed Key"},{"not_picked":["Black Star","Black Blood"],"picked":"Velvet Choker"}],"items_purged_floors":[12,31],"is_endless":false,"potions_floor_spawned":[1,4,8,16,18,19,27,40,44],"ascension_level":15}