{"gold_per_floor":[112,37,0,0,18,45,45,79,104,104,117,131,146,146,146,146],"floor_reached":16,"playtime":833,"items_purged":["Strike_B"],"score":198,"play_id":"fa90b684-8063-4e22-a316-de30fc12ddec","local_time":"20190312225035","is_ascension_mode":true,"campfire_choices":[{"floor":7,"key":"REST"},{"floor":15,"key":"REST"}],"neow_cost":"CURSE","seed_source_timestamp":941187804546863,"circlet_count":0,"master_deck":["AscendersBane","Strike_B","Strike_B","Strike_B","Defend_B","Defend_B","Defend_B","Defend_B","Zap","Dualcast","Writhe","Echo Form","Compile Driver","Redo","Defragment","Steam"],"relics":["Cracked Core","Bag of Marbles","Kunai","Orichalcum","Cables"],"potions_floor_usage":[11,12],"damage_taken":[{"damage":6,"enemies":"2 Louse","floor":1,"turns":3},{"damage":12,"enemies":"Jaw Worm","floor":5,"turns":4},{"damage":26,"enemies":"Lagavulin","floor":6,"turns":9},{"damage":35,"enemies":"3 Sentries","floor":8,"turns":8},{"damage":0,"enemies":"Cultist","floor":11,"turns":3},{"damage":0,"enemies":"2 Fungi Beasts","floor":12,"turns":3},{"damage":2,"enemies":"Blue Slaver","floor":13,"turns":2},{"damage":36,"enemies":"The Guardian","floor":16,"turns":9}],"seed_played":"-1228304227638544821","potions_obtained":[{"floor":1,"key":"LiquidBronze"},{"floor":8,"key":"Regen Potion"}],"is_trial":false,"path_per_floor":["M","$","?","$","M","E","R","E","T","T","M","M","M","?","R","B"],"character_chosen":"DEFECT","items_purchased":[],"campfire_rested":2,"item_purchase_floors":[],"current_hp_per_floor":[58,58,58,58,46,20,41,6,6,6,15,15,13,13,34,0],"gold":146,"neow_bonus":"THREE_RARE_CARDS","is_prod":false,"is_daily":false,"chose_seed":false,"campfire_upgraded":0,"win_rate":0,"timestamp":1552423835,"path_taken":["M","$","?","$","M","E","R","E","T","?","M","?","M","?","R","BOSS"],"build_version":"2019-01-23","purchased_purges":1,"victory":false,"max_hp_per_floor":[71,71,71,71,71,71,71,71,71,71,71,71,71,71,71,71],"card_choices":[{"not_picked":["Meteor Strike","Rainbow"],"picked":"Echo Form","floor":0},{"not_picked":["Stack","Steam Power"],"picked":"Compile Driver","floor":1},{"not_picked":["Hologram","Steam"],"picked":"Redo","floor":5},{"not_picked":["Redo","Compile Driver","Stack"],"picked":"SKIP","floor":6},{"not_picked":["Compile Driver","Hologram"],"picked":"Defragment","floor":8},{"not_picked":["Beam Cell","Ball Lightning"],"picked":"Steam","floor":11},{"not_picked":["Rebound","Gash","Hello World"],"picked":"SKIP","floor":12},{"not_picked":["Gash","Skim","Stack"],"picked":"SKIP","floor":13}],"player_experience":744240,"relics_obtained":[{"floor":6,"key":"Bag of Marbles"},{"floor":8,"key":"Kunai"},{"floor":9,"key":"Orichalcum"},{"floor":10,"key":"Cables"}],"event_choices":[{"damage_healed":0,"gold_gain":0,"player_choice":"Left Gold","damage_taken":0,"max_hp_gain":0,"max_hp_loss":0,"event_name":"World of Goop","floor":3,"gold_loss":37},{"damage_healed":0,"gold_gain":0,"player_choice":"Ignored","damage_taken":0,"max_hp_gain":0,"max_hp_loss":0,"event_name":"Golden Wing","floor":14,"gold_loss":0}],"is_beta":false,"boss_relics":[],"items_purged_floors":[2],"is_endless":false,"potions_floor_spawned":[1,8],"killed_by":"The Guardian","ascension_level":16}