{"gold_per_floor":[364,364,364,364,382,399,417,443,468,468,486,503,503,515,515,515],"floor_reached":16,"playtime":505,"items_purged":[],"score":94,"play_id":"850cbba8-0561-46b6-be3f-8431be44ea7d","local_time":"20190518162359","is_ascension_mode":false,"campfire_choices":[{"data":"Dualcast","floor":10.0,"key":"SMITH"},{"data":"Go for the Eyes","floor":15,"key":"SMITH"}],"neow_cost":"TEN_PERCENT_HP_LOSS","seed_source_timestamp":0,"circlet_count":0,"master_deck":["Strike_B","Strike_B","Strike_B","Strike_B","Defend_B","Defend_B","Defend_B","Zap","Dualcast+1","Double Energy","Coolheaded+1","Go for the Eyes+1","Steam","Leap","Conserve Battery","Seek"],"special_seed":0,"relics":["Cracked Core","Bag of Preparation","Blood Vial"],"potions_floor_usage":[16],"damage_taken":[{"damage":3.0,"enemies":"Small Slimes","floor":1.0,"turns":3.0},{"damage":1.0,"enemies":"Cultist","floor":5.0,"turns":3.0},{"damage":9.0,"enemies":"Jaw Worm","floor":6.0,"turns":3.0},{"damage":8.0,"enemies":"3 Louse","floor":7.0,"turns":4.0},{"damage":0.0,"enemies":"Looter","floor":11.0,"turns":3.0},{"damage":6.0,"enemies":"Large Slime","floor":12.0,"turns":7.0},{"damage":8.0,"enemies":"Lots of Slimes","floor":14.0,"turns":4.0},{"damage":22,"enemies":"Hexaghost","floor":16,"turns":14}],"seed_played":"823665278789769141","potions_obtained":[{"floor":1.0,"key":"Dexterity Potion"},{"floor":6.0,"key":"Ancient Potion"},{"floor":14.0,"key":"Poison Potion"}],"is_trial":false,"path_per_floor":["M","?","?","$","M","M","M","T","T","R","M","M","?","M","R","B"],"character_chosen":"DEFECT","items_purchased":[],"campfire_rested":0,"item_purchase_floors":[],"current_hp_per_floor":[65,65,65,65,64,55,47,47,47,47,49,45,45,39,39,19],"gold":515,"neow_bonus":"TWO_FIFTY_GOLD","is_prod":false,"is_daily":false,"chose_seed":false,"campfire_upgraded":2,"win_rate":0,"timestamp":1558164239,"path_taken":["M","?","?","$","M","?","M","?","T","R","M","M","?","M","R","BOSS"],"build_version":"2019-01-23","purchased_purges":0,"victory":false,"max_hp_per_floor":[68,68,68,68,68,68,68,68,68,68,68,68,68,68,68,68],"card_choices":[{"not_picked":["Chaos","Aggregate"],"picked":"Double Energy","floor":1.0},{"not_picked":["Go for the Eyes","Streamline"],"picked":"Coolheaded","floor":5.0},{"not_picked":["Genetic Algorithm","Rebound"],"picked":"Go for the Eyes","floor":6.0},{"not_picked":["Leap","Go for the Eyes"],"picked":"Steam","floor":7.0},{"not_picked":["Compile Driver","Reinforced Body"],"picked":"Leap","floor":11.0},{"not_picked":["Turbo","Coolheaded"],"picked":"Conserve Battery","floor":12.0},{"not_picked":["Darkness","Leap"],"picked":"Seek","floor":14.0}],"player_experience":376892,"relics_obtained":[{"floor":8.0,"key":"Bag of Preparation"},{"floor":9.0,"key":"Blood Vial"}],"event_choices":[{"damage_healed":0.0,"max_hp_gain":0.0,"max_hp_loss":0.0,"gold_gain":0.0,"event_name":"The Cleric","player_choice":"Leave","floor":2.0,"gold_loss":0.0,"damage_taken":0.0},{"cards_removed":["Defend_B"],"damage_healed":0.0,"max_hp_gain":0.0,"max_hp_loss":0.0,"gold_gain":0.0,"event_name":"Purifier","player_choice":"Purged","floor":3.0,"gold_loss":0.0,"damage_taken":0.0},{"damage_healed":0.0,"max_hp_gain":0.0,"max_hp_loss":0.0,"gold_gain":0.0,"event_name":"Living Wall","player_choice":"Grow","floor":13.0,"gold_loss":0.0,"damage_taken":0.0,"cards_upgraded":["Coolheaded"]}],"is_beta":false,"boss_relics":[],"items_purged_floors":[],"is_endless":false,"potions_floor_spawned":[1,6,14],"killed_by":"Hexaghost","ascension_level":0}