{"gold_per_floor":[114,133,133,148,166,166,166,166,166,166,191,234,254,293,293,422,422,441,441,441,441,454,454,470,487,487,502,283,300,317,333,333,435,435,447,43,43,57,68,68,68,97,123,123,123,142,142,0,0,0],"floor_reached":50,"playtime":1281,"items_purged":["Writhe"],"score":516,"play_id":"b6cdb8d5-db1a-4134-b145-c5036ba7348f","local_time":"20190512222129","is_ascension_mode":false,"campfire_choices":[{"data":"Pummel","floor":6,"key":"SMITH"},{"data":"Cleave","floor":8,"key":"SMITH"},{"data":"Pommel Strike","floor":10,"key":"SMITH"},{"data":"Flex","floor":15,"key":"SMITH"},{"data":"Double Tap","floor":23,"key":"SMITH"},{"data":"Berserk","floor":32,"key":"SMITH"},{"data":"Spot Weakness","floor":41,"key":"SMITH"},{"floor":49,"key":"REST"}],"neow_cost":"NONE","seed_source_timestamp":9804777313100,"circlet_count":0,"master_deck":["Strike_R","Strike_R+1","Strike_R+1","Strike_R","Strike_R","Defend_R+1","Defend_R+1","Defend_R","Bash","Cleave+1","Clothesline","Pummel+1","Pommel Strike+1","Seeing Red","Iron Wave","Flex+1","Double Tap+1","Iron Wave+1","Heavy Blade","Wild Strike","Whirlwind+1","Shrug It Off+1","Anger+1","Berserk+1","Offering","Spot Weakness+1","Inflame+1","Uppercut"],"relics":["Burning Blood","Whetstone","Bloody Idol","Dodecahedron","Shuriken","Bottled Flame","Cursed Key","Self Forming Clay","PreservedInsect","Calling Bell","Juzu Bracelet","Frozen Egg 2","Magic Flower","Paper Frog","War Paint","Bag of Marbles","Potion Belt"],"potions_floor_usage":[12,16,18,40,46,46],"damage_taken":[{"damage":7,"enemies":"2 Louse","floor":1,"turns":3},{"damage":1,"enemies":"Cultist","floor":2,"turns":3},{"damage":7,"enemies":"Small Slimes","floor":4,"turns":3},{"damage":5,"enemies":"2 Fungi Beasts","floor":5,"turns":4},{"damage":0,"enemies":"Lots of Slimes","floor":11,"turns":1},{"damage":13,"enemies":"3 Sentries","floor":12,"turns":5},{"damage":1,"enemies":"3 Louse","floor":13,"turns":2},{"damage":20,"enemies":"Gremlin Nob","floor":14,"turns":4},{"damage":45,"enemies":"The Guardian","floor":16,"turns":8},{"damage":0,"enemies":"3 Byrds","floor":18,"turns":3},{"damage":0,"enemies":"Chosen","floor":22,"turns":3},{"damage":13,"enemies":"Centurion and Healer","floor":24,"turns":4},{"damage":6,"enemies":"Chosen and Byrds","floor":25,"turns":3},{"damage":18,"enemies":"Shelled Parasite and Fungi","floor":27,"turns":4},{"damage":0,"enemies":"Snecko","floor":29,"turns":3},{"damage":0,"enemies":"Centurion and Healer","floor":30,"turns":2},{"damage":2,"enemies":"3 Cultists","floor":31,"turns":3},{"damage":28,"enemies":"Champ","floor":33,"turns":8},{"damage":12,"enemies":"3 Darklings","floor":35,"turns":3},{"damage":6,"enemies":"3 Shapes","floor":38,"turns":2},{"damage":27,"enemies":"3 Darklings","floor":39,"turns":4},{"damage":18,"enemies":"Reptomancer","floor":40,"turns":2},{"damage":42,"enemies":"Giant Head","floor":42,"turns":6},{"damage":13,"enemies":"Jaw Worm Horde","floor":46,"turns":3},{"damage":73,"enemies":"Awakened One","floor":50,"turns":5}],"seed_played":"-7811813470975729217","potions_obtained":[{"floor":2,"key":"Energy Potion"},{"floor":4,"key":"BloodPotion"},{"floor":12,"key":"Strength Potion"},{"floor":14,"key":"PowerPotion"},{"floor":16,"key":"Strength Potion"},{"floor":18,"key":"Poison Potion"},{"floor":35,"key":"SmokeBomb"}],"is_trial":false,"path_per_floor":["M","M","?","M","M","R","?","R","T","R","M","E","M","E","R","B",null,"M","?","?","?","M","R","M","M","T","M","$","M","M","M","R","B",null,"M","$","?","M","M","E","R","E","T","?","?","M","$","?","R","B"],"character_chosen":"IRONCLAD","items_purchased":["PreservedInsect","Paper Frog","Spot Weakness","Inflame+1"],"campfire_rested":1,"item_purchase_floors":[28,36,36,36],"current_hp_per_floor":[79,80,74,73,74,74,74,74,74,74,74,67,72,58,58,19,74,74,74,74,74,74,74,72,74,74,67,67,74,74,74,74,57,74,74,74,74,74,61,52,52,24,29,29,29,41,41,41,63,0],"gold":0,"neow_bonus":"RANDOM_COMMON_RELIC","is_prod":false,"is_daily":false,"chose_seed":false,"campfire_upgraded":7,"win_rate":0,"timestamp":1557688889,"path_taken":["M","M","?","M","M","R","?","R","T","R","M","E","?","E","R","BOSS","M","?","?","?","M","R","M","M","T","M","$","M","M","M","R","BOSS","M","$","?","M","M","E","R","E","T","?","?","M","$","?","R","BOSS"],"build_version":"2019-01-23","purchased_purges":1,"victory":false,"max_hp_per_floor":[80,80,74,74,74,74,74,74,74,74,74,74,74,74,74,74,74,74,74,74,74,74,74,74,74,74,74,74,74,74,74,74,74,74,74,74,74,74,74,74,74,74,74,74,74,74,74,74,74,74],"card_choices":[{"not_picked":["Sword Boomerang","Feel No Pain"],"picked":"Cleave","floor":1},{"not_picked":["Intimidate","Sword Boomerang"],"picked":"Clothesline","floor":2},{"not_picked":["Headbutt","Combust"],"picked":"Pummel","floor":4},{"not_picked":["Sword Boomerang","Clothesline"],"picked":"Pommel Strike","floor":5},{"not_picked":["Rampage","Headbutt"],"picked":"Seeing Red","floor":11},{"not_picked":["Clothesline","Warcry"],"picked":"Iron Wave","floor":12},{"not_picked":["Armaments","Perfected Strike","Juggernaut"],"picked":"SKIP","floor":13},{"not_picked":["Twin Strike","Exhume"],"picked":"Flex","floor":14},{"not_picked":["Immolate","Offering"],"picked":"Double Tap","floor":16},{"not_picked":["Shrug It Off","Perfected Strike"],"picked":"Iron Wave+1","floor":18},{"not_picked":["Double Tap","Pummel+1"],"picked":"Heavy Blade","floor":22},{"not_picked":["Intimidate","Iron Wave+1"],"picked":"Wild Strike","floor":24},{"not_picked":["Sword Boomerang","Clothesline"],"picked":"Whirlwind+1","floor":25},{"not_picked":["Wild Strike","Sword Boomerang"],"picked":"Shrug It Off+1","floor":27},{"not_picked":["Perfected Strike+1","Wild Strike+1"],"picked":"Anger+1","floor":29},{"not_picked":["Cleave","Iron Wave+1"],"picked":"Berserk","floor":30},{"not_picked":["Dual Wield","True Grit","Intimidate"],"picked":"SKIP","floor":31},{"not_picked":["Reaper","Exhume"],"picked":"Offering","floor":33},{"not_picked":["Clash","Cleave","Heavy Blade+1"],"picked":"SKIP","floor":35},{"not_picked":["True Grit+1","Clothesline","Cleave"],"picked":"SKIP","floor":38},{"not_picked":["Armaments+1","Anger","Headbutt"],"picked":"SKIP","floor":39},{"not_picked":["Anger","Rupture+1","Headbutt+1"],"picked":"SKIP","floor":42},{"not_picked":["Sentinel","Cleave"],"picked":"Uppercut","floor":46}],"player_experience":311107,"relics_obtained":[{"floor":9,"key":"Dodecahedron"},{"floor":12,"key":"Shuriken"},{"floor":14,"key":"Bottled Flame"},{"floor":26,"key":"Self Forming Clay"},{"floor":34,"key":"Juzu Bracelet"},{"floor":34,"key":"Frozen Egg 2"},{"floor":34,"key":"Magic Flower"},{"floor":42,"key":"War Paint"},{"floor":43,"key":"Bag of Marbles"}],"event_choices":[{"damage_healed":0,"gold_gain":0,"player_choice":"Lose Max HP","damage_taken":0,"relics_obtained":["Golden Idol"],"max_hp_gain":0,"max_hp_loss":6,"event_name":"Golden Idol","floor":3,"gold_loss":0},{"cards_removed":["Defend_R"],"damage_healed":0,"gold_gain":0,"player_choice":"Purged","damage_taken":0,"max_hp_gain":0,"max_hp_loss":0,"event_name":"Purifier","floor":7,"gold_loss":0},{"damage_healed":0,"gold_gain":0,"player_choice":"Gave Idol","damage_taken":0,"relics_obtained":["Bloody Idol"],"max_hp_gain":0,"max_hp_loss":0,"event_name":"Forgotten Altar","floor":19,"relics_lost":["Golden Idol"],"gold_loss":0},{"damage_healed":0,"gold_gain":0,"player_choice":"Ignored","damage_taken":0,"max_hp_gain":0,"max_hp_loss":0,"event_name":"Vampires","floor":20,"gold_loss":0},{"damage_healed":0,"gold_gain":0,"player_choice":"Full Heal","damage_taken":0,"max_hp_gain":0,"max_hp_loss":0,"event_name":"Wheel of Change","floor":21,"gold_loss":0},{"damage_healed":0,"gold_gain":0,"player_choice":"Memory 1","damage_taken":0,"max_hp_gain":0,"max_hp_loss":0,"event_name":"SensoryStone","floor":37,"gold_loss":0},{"damage_healed":0,"gold_gain":0,"player_choice":"Got Potions","damage_taken":0,"max_hp_gain":0,"max_hp_loss":0,"event_name":"Lab","floor":44,"gold_loss":0},{"cards_removed":["Injury","Writhe","Injury","Pain"],"damage_healed":0,"gold_gain":0,"player_choice":"Removed Curses","damage_taken":0,"max_hp_gain":0,"max_hp_loss":0,"event_name":"Fountain of Cleansing","floor":45,"gold_loss":0},{"damage_healed":0,"gold_gain":0,"player_choice":"Paid Gold","damage_taken":0,"relics_obtained":["Potion Belt"],"max_hp_gain":0,"max_hp_loss":0,"event_name":"WeMeetAgain","floor":48,"gold_loss":142}],"is_beta":false,"boss_relics":[{"not_picked":["Runic Pyramid","Astrolabe"],"picked":"Cursed Key"},{"not_picked":["Black Star","Tiny House"],"picked":"Calling Bell"}],"items_purged_floors":[28],"is_endless":false,"potions_floor_spawned":[2,4,12,14,16,18,27,30,35,38],"killed_by":"Awakened One","ascension_level":0}