{"gold_per_floor":[116,131,145,63,63,91,110,110,110,183,43,43,43,75,75,180,180,193,292,292,306,319,319,337,337,388,54,67,67,100,113,113,211,211,230,240,58,0,0,0,35,35,35,35,62,79,96,46,46,46],"floor_reached":51,"playtime":2974,"items_purged":["Strike_B"],"score":908,"play_id":"b662a897-ec5e-4849-bd19-a5d222e05e5e","local_time":"20181205103354","is_ascension_mode":true,"campfire_choices":[{"data":"Streamline","floor":8,"key":"SMITH"},{"data":"Go for the Eyes","floor":12,"key":"SMITH"},{"data":"Defragment","floor":15,"key":"SMITH"},{"data":"Coolheaded","floor":23,"key":"SMITH"},{"data":"Go for the Eyes","floor":25,"key":"SMITH"},{"data":"Echo Form","floor":32,"key":"SMITH"},{"data":"Capacitor","floor":40,"key":"SMITH"},{"data":"Consume","floor":42,"key":"SMITH"},{"data":"Creative AI","floor":44,"key":"SMITH"},{"data":"Chill","floor":49,"key":"SMITH"}],"neow_cost":"NONE","seed_source_timestamp":5105286595534,"circlet_count":0,"master_deck":["Strike_B","Strike_B","Strike_B","Defend_B","Defend_B","Defend_B+1","Defend_B","Zap+1","Dualcast","Conserve Battery","Go for the Eyes+1","Conserve Battery","FTL","Streamline+1","Self Repair","Go for the Eyes+1","Core Surge","Defragment+1","Echo Form+1","Coolheaded+1","Glacier","Ball Lightning","Steam","Meteor Strike","Chill+1","Conserve Battery","Creative AI+1","Consume+1","Capacitor+1","FTL"],"relics":["Cracked Core","Bag of Preparation","Matryoshka","MawBank","Mercury Hourglass","Tiny Chest","Lantern","Snecko Eye","Regal Pillow","Oddly Smooth Stone","Strawberry","OrangePellets","Potion Belt","Busted Crown","Red Mask","Girya","Shuriken","Bag of Marbles","Omamori"],"potions_floor_usage":[6,14,14,16,16,33,33,47,50],"damage_taken":[{"damage":8,"enemies":"Small Slimes","floor":1,"turns":4},{"damage":5,"enemies":"2 Louse","floor":2,"turns":2},{"damage":0,"enemies":"Jaw Worm","floor":3,"turns":3},{"damage":2,"enemies":"Lagavulin","floor":6,"turns":7},{"damage":0,"enemies":"Large Slime","floor":7,"turns":4},{"damage":8,"enemies":"3 Sentries","floor":10,"turns":5},{"damage":8,"enemies":"Lagavulin","floor":14,"turns":4},{"damage":7,"enemies":"Hexaghost","floor":16,"turns":8},{"damage":0,"enemies":"Spheric Guardian","floor":18,"turns":3},{"damage":0,"enemies":"Chosen","floor":21,"turns":4},{"damage":3,"enemies":"Centurion and Healer","floor":22,"turns":5},{"damage":0,"enemies":"3 Cultists","floor":24,"turns":6},{"damage":19,"enemies":"Snake Plant","floor":28,"turns":3},{"damage":14,"enemies":"Book of Stabbing","floor":30,"turns":4},{"damage":3,"enemies":"Centurion and Healer","floor":31,"turns":7},{"damage":24,"enemies":"Collector","floor":33,"turns":9},{"damage":0,"enemies":"3 Darklings","floor":35,"turns":5},{"damage":0,"enemies":"3 Shapes","floor":36,"turns":3},{"damage":0,"enemies":"Giant Head","floor":41,"turns":9},{"damage":6,"enemies":"Reptomancer","floor":45,"turns":8},{"damage":17,"enemies":"3 Darklings","floor":46,"turns":5},{"damage":7,"enemies":"Writhing Mass","floor":47,"turns":6},{"damage":0,"enemies":"Donu and Deca","floor":50,"turns":9}],"seed_played":"-8511629129638647944","potions_obtained":[{"floor":3,"key":"Weak Potion"},{"floor":6,"key":"Weak Potion"},{"floor":10,"key":"EntropicBrew"},{"floor":18,"key":"Poison Potion"},{"floor":24,"key":"SkillPotion"},{"floor":30,"key":"Explosive Potion"},{"floor":31,"key":"SteroidPotion"},{"floor":33,"key":"Fire Potion"},{"floor":35,"key":"Explosive Potion"},{"floor":46,"key":"FearPotion"}],"is_trial":false,"path_per_floor":["M","M","M","$","?","E","M","R","T","E","$","R","?","E","R","B",null,"M","?","T","M","M","R","M","R","T","$","M","?","E","M","R","B",null,"M","M","$","?","T","R","E","R","T","R","E","M","M","$","R","B",null],"character_chosen":"DEFECT","items_purchased":["FTL","Core Surge","OrangePellets","Meteor Strike","PowerPotion","Capacitor","FTL","SpeedPotion"],"campfire_rested":0,"item_purchase_floors":[4,11,27,27,27,37,37,48],"current_hp_per_floor":[67,62,62,62,47,45,45,45,45,37,37,37,37,29,29,29,75,75,75,75,75,75,75,75,75,82,82,63,63,63,74,74,57,82,82,82,82,82,82,82,82,82,82,82,82,72,65,65,65,72],"gold":46,"neow_bonus":"RANDOM_COMMON_RELIC","is_prod":false,"is_daily":false,"chose_seed":false,"campfire_upgraded":10,"win_rate":0,"timestamp":1544024034,"path_taken":["M","M","M","$","?","E","M","R","T","E","$","R","?","E","R","BOSS","M","?","?","M","M","R","M","R","T","$","M","?","E","?","R","BOSS","M","M","$","?","?","R","E","R","T","R","E","M","M","?","R","BOSS"],"build_version":"2018-11-15","purchased_purges":1,"victory":true,"max_hp_per_floor":[75,75,75,75,75,75,75,75,75,75,75,75,75,75,75,75,75,75,75,75,75,75,75,75,75,82,82,82,82,82,82,82,82,82,82,82,82,82,82,82,82,82,82,82,82,82,82,82,82,82],"card_choices":[{"not_picked":["Recycle","Redo"],"picked":"Conserve Battery","floor":1},{"not_picked":["Blizzard","Skim"],"picked":"Go for the Eyes","floor":2},{"not_picked":["Hello World","Stack"],"picked":"Conserve Battery","floor":3},{"not_picked":["Hologram","Beam Cell"],"picked":"Streamline","floor":6},{"not_picked":["Turbo","Storm"],"picked":"Self Repair","floor":7},{"not_picked":["Heatsinks","FTL"],"picked":"Go for the Eyes","floor":10},{"not_picked":["Static Discharge","Skim"],"picked":"Defragment","floor":14},{"not_picked":["Seek","Multi-Cast"],"picked":"Echo Form","floor":16},{"not_picked":["Capacitor","Lockon"],"picked":"Coolheaded","floor":18},{"not_picked":["Cold Snap","Rebound+1"],"picked":"Glacier","floor":21},{"not_picked":["Streamline","Blizzard"],"picked":"Ball Lightning","floor":22},{"not_picked":["Redo+1","FTL"],"picked":"Steam","floor":24},{"not_picked":["Static Discharge","Redo","Steam"],"picked":"SKIP","floor":28},{"not_picked":["Gash","Static Discharge"],"picked":"Chill","floor":30},{"not_picked":["Aggregate","Chaos"],"picked":"Conserve Battery","floor":31},{"not_picked":["Echo Form","Multi-Cast"],"picked":"Creative AI","floor":33},{"not_picked":[],"picked":"Consume","floor":35},{"not_picked":["Melter"],"picked":"SKIP","floor":36},{"not_picked":["Steam Power"],"picked":"SKIP","floor":41},{"not_picked":["Darkness"],"picked":"SKIP","floor":45},{"not_picked":["Scrape"],"picked":"SKIP","floor":46},{"not_picked":["Reprogram+1"],"picked":"SKIP","floor":47}],"player_experience":276986,"relics_obtained":[{"floor":6,"key":"Matryoshka"},{"floor":9,"key":"MawBank"},{"floor":9,"key":"Mercury Hourglass"},{"floor":10,"key":"Tiny Chest"},{"floor":14,"key":"Lantern"},{"floor":20,"key":"Regal Pillow"},{"floor":20,"key":"Oddly Smooth Stone"},{"floor":26,"key":"Strawberry"},{"floor":30,"key":"Potion Belt"},{"floor":39,"key":"Girya"},{"floor":41,"key":"Shuriken"},{"floor":43,"key":"Bag of Marbles"},{"floor":45,"key":"Omamori"}],"event_choices":[{"damage_healed":0,"gold_gain":0,"player_choice":"Entered Light","damage_taken":15,"max_hp_gain":0,"max_hp_loss":0,"event_name":"Shining Light","floor":5,"gold_loss":0,"cards_upgraded":["Zap","Defend_B"]},{"damage_healed":0,"gold_gain":0,"player_choice":"Searched \u00271\u0027 times","damage_taken":0,"max_hp_gain":0,"max_hp_loss":0,"event_name":"Dead Adventurer","floor":13,"gold_loss":0},{"damage_healed":0,"gold_gain":99,"player_choice":"Stole From Cult","damage_taken":0,"max_hp_gain":0,"max_hp_loss":0,"event_name":"Nest","floor":19,"gold_loss":0},{"damage_healed":0,"gold_gain":0,"player_choice":"0 cards matched","damage_taken":0,"max_hp_gain":0,"max_hp_loss":0,"event_name":"Match and Keep!","floor":29,"gold_loss":0,"cards_obtained":[]},{"damage_healed":0,"gold_gain":0,"player_choice":"Paid","damage_taken":0,"relics_obtained":["Red Mask"],"max_hp_gain":0,"max_hp_loss":0,"event_name":"Tomb of Lord Red Mask","floor":38,"gold_loss":58}],"is_beta":false,"boss_relics":[{"not_picked":["White Beast Statue","Astrolabe"],"picked":"Snecko Eye"},{"not_picked":["Runic Pyramid","Calling Bell"],"picked":"Busted Crown"}],"items_purged_floors":[37],"is_endless":false,"potions_floor_spawned":[3,6,10,18,24,30,31,33,35,41,46],"ascension_level":3}