{"gold_per_floor":[117,136,136,149,149,149,149,173,173,185,203,203,215,52,52,131,131,131,131,31,0,0,0,0,0,0,0,0,0,0,0,0,0],"floor_reached":33,"playtime":4185,"items_purged":["Strike_R","Strike_R"],"score":422,"play_id":"0c6aeab2-e9d6-4a9f-8557-53752eafca80","local_time":"20190206165224","is_ascension_mode":true,"campfire_choices":[{"data":"Bash","floor":6.0,"key":"SMITH"},{"data":"Armaments","floor":12.0,"key":"SMITH"},{"floor":15.0,"key":"REST"},{"data":"Barricade","floor":23,"key":"SMITH"},{"floor":32,"key":"REST"}],"neow_cost":"PERCENT_DAMAGE","seed_source_timestamp":2238544374134753,"circlet_count":0,"master_deck":["AscendersBane","Strike_R","Strike_R","Defend_R","Defend_R","Defend_R","Defend_R","Bash+1","Fire Breathing","Spot Weakness","Anger","Spot Weakness","Armaments+1","Shrug It Off","Whirlwind","Shrug It Off","Barricade+1","Battle Trance","Body Slam+1","Inflame+1","Ghostly Armor"],"special_seed":0,"relics":["Burning Blood","Vajra","Dodecahedron","Ectoplasm","Meat on the Bone"],"potions_floor_usage":[25,29,29,29,29,31,33],"damage_taken":[{"damage":0.0,"enemies":"2 Louse","floor":1.0,"turns":3.0},{"damage":19.0,"enemies":"Jaw Worm","floor":2.0,"turns":6.0},{"damage":9.0,"enemies":"Small Slimes","floor":4.0,"turns":4.0},{"damage":12.0,"enemies":"Looter","floor":10.0,"turns":3.0},{"damage":11.0,"enemies":"Exordium Thugs","floor":11.0,"turns":5.0},{"damage":8.0,"enemies":"Blue Slaver","floor":13.0,"turns":3.0},{"damage":35.0,"enemies":"Slime Boss","floor":16.0,"turns":9.0},{"damage":0.0,"enemies":"3 Byrds","floor":18.0,"turns":4.0},{"damage":18.0,"enemies":"2 Thieves","floor":21.0,"turns":4.0},{"damage":35,"enemies":"Chosen and Byrds","floor":24,"turns":5},{"damage":18,"enemies":"Snecko","floor":25,"turns":5},{"damage":22,"enemies":"Centurion and Healer","floor":29,"turns":5},{"damage":24,"enemies":"Snake Plant","floor":30,"turns":4},{"damage":16,"enemies":"3 Cultists","floor":31,"turns":5},{"damage":69,"enemies":"Automaton","floor":33,"turns":6}],"seed_played":"-8559153538496141228","potions_obtained":[{"floor":4.0,"key":"PowerPotion"},{"floor":13.0,"key":"Strength Potion"},{"floor":16.0,"key":"Explosive Potion"},{"floor":18.0,"key":"EssenceOfSteel"},{"floor":25,"key":"Energy Potion"},{"floor":27,"key":"Regen Potion"},{"floor":27,"key":"EntropicBrew"},{"floor":29,"key":"Fire Potion"},{"floor":31,"key":"SneckoOil"}],"is_trial":false,"path_per_floor":["M","M","?","M","?","R","?","T","T","M","M","R","M","$","R","B",null,"M","?","$","M","?","R","M","M","T","?","$","M","M","M","R","B"],"character_chosen":"IRONCLAD","items_purchased":["Whirlwind","Shrug It Off"],"campfire_rested":2,"item_purchase_floors":[14,14],"current_hp_per_floor":[70,57,57,54,83,83,76,76,76,70,65,65,63,63,89,60,82,88,80,80,68,68,68,39,27,27,27,27,37,31,33,59,0],"gold":0,"neow_bonus":"TWENTY_PERCENT_HP_BONUS","is_prod":false,"is_daily":false,"chose_seed":false,"campfire_upgraded":3,"win_rate":0,"timestamp":1549464744,"path_taken":["M","M","?","M","?","R","?","?","T","M","M","R","M","$","R","BOSS","M","?","?","M","?","R","M","?","T","?","$","M","?","M","R","BOSS"],"build_version":"2019-01-23","purchased_purges":2,"victory":false,"max_hp_per_floor":[89,89,89,89,89,89,89,89,89,89,89,89,89,89,89,89,89,89,89,89,89,89,89,89,89,89,89,89,89,89,89,89,89],"card_choices":[{"not_picked":["Clash","True Grit"],"picked":"Fire Breathing","floor":1.0},{"not_picked":["Armaments","Sentinel"],"picked":"Spot Weakness","floor":2.0},{"not_picked":["Disarm","Second Wind"],"picked":"Anger","floor":4.0},{"not_picked":["Searing Blow","Wild Strike"],"picked":"Spot Weakness","floor":10.0},{"not_picked":["Wild Strike","Cleave"],"picked":"Armaments","floor":11.0},{"not_picked":["Spot Weakness","Clash"],"picked":"Shrug It Off","floor":13.0},{"not_picked":["Immolate","Fiend Fire"],"picked":"Barricade","floor":16.0},{"not_picked":["Wild Strike","Sever Soul"],"picked":"Battle Trance","floor":18.0},{"not_picked":["Anger","Bloodletting","Shrug It Off"],"picked":"SKIP","floor":21.0},{"not_picked":["Headbutt","Bloodletting"],"picked":"Body Slam+1","floor":24},{"not_picked":["Body Slam","Cleave"],"picked":"Inflame+1","floor":25},{"not_picked":["Wild Strike","Hemokinesis","Iron Wave"],"picked":"SKIP","floor":29},{"not_picked":["Clash","Bloodletting+1","Disarm"],"picked":"SKIP","floor":30},{"not_picked":["Clash","Warcry"],"picked":"Ghostly Armor","floor":31}],"player_experience":551233,"relics_obtained":[{"floor":8.0,"key":"Vajra"},{"floor":9.0,"key":"Dodecahedron"},{"floor":26,"key":"Meat on the Bone"}],"event_choices":[{"damage_healed":0.0,"max_hp_gain":0.0,"max_hp_loss":0.0,"gold_gain":0.0,"event_name":"Golden Idol","player_choice":"Ignored","floor":3.0,"gold_loss":0.0,"damage_taken":0.0},{"damage_healed":29.0,"max_hp_gain":0.0,"max_hp_loss":0.0,"gold_gain":0.0,"event_name":"Big Fish","player_choice":"Banana","floor":5.0,"gold_loss":0.0,"damage_taken":0.0},{"cards_removed":["Strike_R"],"damage_healed":0.0,"max_hp_gain":0.0,"max_hp_loss":0.0,"gold_gain":0.0,"event_name":"Golden Wing","player_choice":"Card Removal","floor":7.0,"gold_loss":0.0,"damage_taken":7.0},{"damage_healed":0.0,"max_hp_gain":0.0,"max_hp_loss":0.0,"gold_gain":0.0,"event_name":"Knowing Skull","player_choice":"","floor":19.0,"potions_obtained":[],"gold_loss":0.0,"damage_taken":8.0,"cards_obtained":[]},{"damage_healed":0,"gold_gain":0,"player_choice":"Got Potions","damage_taken":0,"max_hp_gain":0,"max_hp_loss":0,"event_name":"Lab","floor":27,"gold_loss":0}],"is_beta":false,"boss_relics":[{"not_picked":["Calling Bell","White Beast Statue"],"picked":"Ectoplasm"}],"items_purged_floors":[14,20],"is_endless":false,"potions_floor_spawned":[4,13,16,18,25,29,31],"killed_by":"Automaton","ascension_level":15}