{"gold_per_floor":[119,137,212,19,194,194,210,229,229,239,239,272,116,131,131,257,257,270,294,308,3,26,26,0,0,26,26,26,42,82,82,82,210,210,224,238,238,263,283,283,308,308,308,339,339,439,457,457],"floor_reached":48,"playtime":2200,"items_purged":["Doubt","Hyperbeam"],"score":509,"play_id":"a71b6ec6-66b0-4ec6-8253-4432010a6249","local_time":"20190419230204","is_ascension_mode":false,"campfire_choices":[{"data":"Dualcast","floor":6,"key":"SMITH"},{"data":"Mayhem","floor":15,"key":"SMITH"},{"data":"Glacier","floor":23,"key":"SMITH"},{"data":"White Noise","floor":25,"key":"SMITH"},{"data":"White Noise","floor":32,"key":"SMITH"},{"data":"Fission","floor":40,"key":"SMITH"},{"floor":42,"key":"RECALL"}],"neow_cost":"NONE","seed_source_timestamp":259198831218686,"circlet_count":0,"master_deck":["Dualcast+1","Self Repair","Defragment","Blizzard","Glacier+1","Cold Snap","Mayhem+1","Cold Snap","Coolheaded","Seek","Hello World","Darkness","Coolheaded","White Noise+1","Barrage","All For One","Capacitor","White Noise+1","Force Field+1","Glacier","Rebound","Multi-Cast","Fission+1","Defragment+1","Reboot","Defragment","Consume+1"],"relics":["Cracked Core","NeowsBlessing","Membership Card","Boot","Golden Idol","Darkstone Periapt","Pandora\u0027s Box","Orichalcum","Happy Flower","Runic Capacitor","Pear","Matryoshka","Molten Egg 2","Eternal Feather","Symbiotic Virus","Gambling Chip","Art of War"],"potions_floor_usage":[12,19,19,20,22,37,44,44,44],"damage_taken":[{"damage":0,"enemies":"Cultist","floor":1,"turns":1},{"damage":0,"enemies":"2 Louse","floor":2,"turns":1},{"damage":0,"enemies":"Small Slimes","floor":7,"turns":1},{"damage":20,"enemies":"Looter","floor":8,"turns":3},{"damage":14,"enemies":"Blue Slaver","floor":10,"turns":3},{"damage":18,"enemies":"Lagavulin","floor":12,"turns":8},{"damage":3,"enemies":"Large Slime","floor":14,"turns":6},{"damage":31,"enemies":"Hexaghost","floor":16,"turns":15},{"damage":7,"enemies":"Chosen","floor":18,"turns":5},{"damage":33,"enemies":"2 Thieves","floor":19,"turns":4},{"damage":27,"enemies":"Shelled Parasite and Fungi","floor":20,"turns":6},{"damage":12,"enemies":"Snake Plant","floor":22,"turns":6},{"damage":0,"enemies":"Snecko","floor":29,"turns":7},{"damage":12,"enemies":"Gremlin Leader","floor":30,"turns":9},{"damage":10,"enemies":"Collector","floor":33,"turns":13},{"damage":20,"enemies":"3 Shapes","floor":35,"turns":6},{"damage":18,"enemies":"3 Darklings","floor":36,"turns":4},{"damage":0,"enemies":"Jaw Worm Horde","floor":38,"turns":5},{"damage":14,"enemies":"Sphere and 2 Shapes","floor":39,"turns":4},{"damage":17,"enemies":"4 Shapes","floor":41,"turns":4},{"damage":40,"enemies":"Reptomancer","floor":44,"turns":8},{"damage":0,"enemies":"Maw","floor":47,"turns":6},{"damage":50,"enemies":"Sphere and 2 Shapes","floor":48,"turns":5}],"seed_played":"-1108789325703962507","potions_obtained":[{"floor":7,"key":"Dexterity Potion"},{"floor":12,"key":"Fire Potion"},{"floor":14,"key":"EssenceOfSteel"},{"floor":16,"key":"Strength Potion"},{"floor":19,"key":"AttackPotion"},{"floor":30,"key":"Poison Potion"},{"floor":33,"key":"Ancient Potion"},{"floor":36,"key":"EssenceOfSteel"},{"floor":37,"key":"Fruit Juice"},{"floor":37,"key":"SkillPotion"},{"floor":44,"key":"Poison Potion"},{"floor":47,"key":"Swift Potion"}],"is_trial":false,"path_per_floor":["M","M","?","$","?","R","M","M","T","M","?","E","$","M","R","B",null,"M","M","M","$","M","R","?","R","T","T","?","M","E","?","R","B",null,"M","M","?","M","M","R","M","R","T","E","?","?","M","M"],"character_chosen":"DEFECT","items_purchased":["Membership Card","Mayhem","Cold Snap","Orichalcum","Happy Flower","Runic Capacitor"],"campfire_rested":0,"item_purchase_floors":[4,13,13,21,21,21],"current_hp_per_floor":[75,75,64,64,64,64,64,51,51,44,44,33,33,37,37,13,69,69,36,16,16,11,11,11,11,11,21,21,28,23,23,23,20,79,66,55,60,67,60,75,58,73,73,40,40,40,47,0],"gold":457,"neow_bonus":"THREE_ENEMY_KILL","is_prod":false,"is_daily":false,"chose_seed":false,"campfire_upgraded":6,"win_rate":0,"timestamp":1555682524,"path_taken":["M","?","?","$","?","R","M","M","T","M","?","E","?","M","R","BOSS","M","M","M","$","M","R","?","R","T","?","?","M","E","?","R","BOSS","M","?","?","M","?","R","M","R","T","E","?","?","M","M"],"build_version":"2019-01-23","purchased_purges":2,"victory":false,"max_hp_per_floor":[75,75,75,75,75,75,75,75,75,75,69,69,69,69,69,69,69,69,69,69,69,69,69,69,69,69,79,79,79,79,79,79,79,79,79,79,84,84,84,84,84,84,84,84,84,84,84,84],"card_choices":[{"not_picked":["Barrage","Compile Driver"],"picked":"Self Repair","floor":1},{"not_picked":["Barrage","Undo"],"picked":"Defragment","floor":2},{"not_picked":["Rip and Tear","Beam Cell","Streamline"],"picked":"SKIP","floor":7},{"not_picked":["Hologram","Barrage"],"picked":"Blizzard","floor":8},{"not_picked":["Reprogram","Go for the Eyes"],"picked":"Glacier","floor":10},{"not_picked":["Biased Cognition","Rebound"],"picked":"Cold Snap","floor":12},{"not_picked":["Beam Cell","Streamline"],"picked":"Coolheaded","floor":14},{"not_picked":["Echo Form","Rainbow"],"picked":"Seek","floor":16},{"not_picked":["Cold Snap","Defragment"],"picked":"Capacitor","floor":18},{"not_picked":["Coolheaded","Steam Power"],"picked":"White Noise","floor":19},{"not_picked":["Steam+1","Gash+1"],"picked":"Force Field+1","floor":20},{"not_picked":["Cold Snap+1","BootSequence","Stack"],"picked":"SKIP","floor":22},{"not_picked":["Beam Cell","Sweeping Beam","Stack+1"],"picked":"SKIP","floor":29},{"not_picked":["Beam Cell+1","Aggregate"],"picked":"Multi-Cast","floor":30},{"not_picked":["Core Surge+1","Reboot"],"picked":"Fission","floor":33},{"not_picked":["Chaos+1","Stack","Turbo+1"],"picked":"SKIP","floor":35},{"not_picked":["Melter+1","Go for the Eyes+1"],"picked":"Defragment+1","floor":36},{"not_picked":["Gash+1","Sweeping Beam+1"],"picked":"Reboot","floor":38},{"not_picked":["Redo","Rip and Tear+1"],"picked":"Defragment","floor":39},{"not_picked":["Sweeping Beam+1","Darkness+1","Aggregate"],"picked":"SKIP","floor":41},{"not_picked":["Melter+1","Sunder+1","Hologram"],"picked":"SKIP","floor":44},{"not_picked":["Hologram","Darkness"],"picked":"Consume+1","floor":47}],"player_experience":306381,"relics_obtained":[{"floor":9,"key":"Boot"},{"floor":12,"key":"Darkstone Periapt"},{"floor":27,"key":"Pear"},{"floor":30,"key":"Matryoshka"},{"floor":43,"key":"Symbiotic Virus"},{"floor":43,"key":"Gambling Chip"},{"floor":44,"key":"Art of War"}],"event_choices":[{"damage_healed":0,"gold_gain":75,"player_choice":"Gather Gold","damage_taken":11,"max_hp_gain":0,"max_hp_loss":0,"event_name":"World of Goop","floor":3,"gold_loss":0},{"damage_healed":0,"gold_gain":175,"player_choice":"AGREE","damage_taken":0,"max_hp_gain":0,"max_hp_loss":0,"event_name":"Liars Game","floor":5,"gold_loss":0,"cards_obtained":["Doubt"]},{"damage_healed":0,"gold_gain":0,"player_choice":"Lose Max HP","damage_taken":0,"relics_obtained":["Golden Idol"],"max_hp_gain":0,"max_hp_loss":6,"event_name":"Golden Idol","floor":11,"gold_loss":0},{"damage_healed":0,"gold_gain":0,"player_choice":"Paid Fearfully","damage_taken":0,"max_hp_gain":0,"max_hp_loss":0,"event_name":"Masked Bandits","floor":24,"gold_loss":26},{"damage_healed":0,"gold_gain":0,"cards_transformed":["Meteor Strike","Zap"],"player_choice":"Became Test Subject","damage_taken":0,"max_hp_gain":0,"max_hp_loss":0,"event_name":"Drug Dealer","floor":28,"gold_loss":0,"cards_obtained":["Glacier","Rebound"]},{"damage_healed":0,"gold_gain":0,"player_choice":"Gave Potion","damage_taken":0,"relics_obtained":["Molten Egg 2"],"max_hp_gain":0,"max_hp_loss":0,"event_name":"WeMeetAgain","floor":31,"gold_loss":0},{"damage_healed":0,"gold_gain":0,"player_choice":"Got Potions","damage_taken":0,"max_hp_gain":0,"max_hp_loss":0,"event_name":"Lab","floor":37,"gold_loss":0},{"damage_healed":0,"gold_gain":0,"player_choice":"Ignored","damage_taken":0,"max_hp_gain":0,"max_hp_loss":0,"event_name":"Tomb of Lord Red Mask","floor":45,"gold_loss":0},{"damage_healed":0,"gold_gain":100,"player_choice":"Pray","damage_taken":0,"max_hp_gain":0,"max_hp_loss":0,"event_name":"Golden Shrine","floor":46,"gold_loss":0}],"is_beta":false,"boss_relics":[{"not_picked":["Runic Dome","Coffee Dripper"],"picked":"Pandora\u0027s Box"},{"not_picked":["Velvet Choker","Nuclear Battery"],"picked":"Eternal Feather"}],"items_purged_floors":[13,21],"is_endless":false,"potions_floor_spawned":[7,12,14,16,19,30,33,36,44,47],"killed_by":"Sphere and 2 Shapes","ascension_level":0}