{"gold_per_floor":[116,216,227,244,244,244,308,333,386,386,400,400,416,431,431,527,527,543,458,123,123,45,45,61,61,61,75,89,114,126,145,145,242,242,252,252,262,274,34,34,44,72,142,174,205,205,215,245,245,245],"floor_reached":51,"playtime":2632,"items_purged":["Strike_R"],"score":903,"play_id":"aaefd506-f4ee-45f3-a8f5-9dd06b7802b3","local_time":"20181207224110","is_ascension_mode":true,"campfire_choices":[{"data":"Bash","floor":6,"key":"SMITH"},{"data":"Immolate","floor":10,"key":"SMITH"},{"data":"Twin Strike","floor":12,"key":"SMITH"},{"data":"True Grit","floor":15,"key":"SMITH"},{"data":"Shrug It Off","floor":23,"key":"SMITH"},{"data":"Intimidate","floor":25,"key":"SMITH"},{"data":"Pommel Strike","floor":32,"key":"SMITH"},{"data":"Corruption","floor":40,"key":"SMITH"},{"data":"Inflame","floor":46,"key":"SMITH"},{"floor":49,"key":"REST"}],"neow_cost":"NONE","seed_source_timestamp":46960798865637,"circlet_count":0,"master_deck":["Strike_R+1","Defend_R+1","Defend_R+1","Defend_R+1","Defend_R+1","Bash+1","Immolate+1","Armaments+1","Twin Strike+1","Intimidate+1","Shrug It Off+1","Disarm","True Grit+1","Ghostly Armor","Impervious","Shrug It Off","Disarm+1","Flame Barrier+1","Shrug It Off+1","Pommel Strike+1","Clothesline+1","Shrug It Off+1","Headbutt","Immolate","Shrug It Off+1","Combust","Inflame+1","Corruption+1","Warcry+1","Immolate","Carnage","Impervious+1","Rage+1","Carnage+1"],"relics":["Burning Blood","Oddly Smooth Stone","Lantern","Snecko Eye","WingedGreaves","Toxic Egg 2","Bottled Flame","Dodecahedron","Empty Cage","Gremlin Horn","Darkstone Periapt","Mummified Hand","Blue Candle","Shuriken","Magic Flower"],"potions_floor_usage":[27,33,41,41,50,50],"damage_taken":[{"damage":6,"enemies":"Jaw Worm","floor":1,"turns":3},{"damage":1,"enemies":"Cultist","floor":3,"turns":3},{"damage":0,"enemies":"2 Louse","floor":4,"turns":1},{"damage":18,"enemies":"Lagavulin","floor":8,"turns":5},{"damage":0,"enemies":"2 Fungi Beasts","floor":11,"turns":3},{"damage":0,"enemies":"Looter","floor":13,"turns":1},{"damage":0,"enemies":"3 Louse","floor":14,"turns":1},{"damage":56,"enemies":"The Guardian","floor":16,"turns":14},{"damage":18,"enemies":"2 Thieves","floor":18,"turns":4},{"damage":0,"enemies":"3 Byrds","floor":24,"turns":4},{"damage":0,"enemies":"Snecko","floor":27,"turns":4},{"damage":9,"enemies":"Snake Plant","floor":28,"turns":5},{"damage":0,"enemies":"Gremlin Leader","floor":29,"turns":6},{"damage":0,"enemies":"3 Cultists","floor":30,"turns":3},{"damage":0,"enemies":"Shelled Parasite and Fungi","floor":31,"turns":4},{"damage":53,"enemies":"Champ","floor":33,"turns":15},{"damage":0,"enemies":"3 Shapes","floor":35,"turns":2},{"damage":1,"enemies":"Orb Walker","floor":37,"turns":3},{"damage":11,"enemies":"Maw","floor":38,"turns":10},{"damage":21,"enemies":"Writhing Mass","floor":41,"turns":7},{"damage":13,"enemies":"Giant Head","floor":42,"turns":9},{"damage":0,"enemies":"Reptomancer","floor":44,"turns":5},{"damage":12,"enemies":"Nemesis","floor":45,"turns":7},{"damage":0,"enemies":"3 Darklings","floor":47,"turns":2},{"damage":38,"enemies":"Giant Head","floor":48,"turns":10},{"damage":35,"enemies":"Time Eater","floor":50,"turns":12}],"seed_played":"-9126577607764398401","potions_obtained":[{"floor":4,"key":"AttackPotion"},{"floor":13,"key":"Fruit Juice"},{"floor":16,"key":"EssenceOfSteel"},{"floor":27,"key":"PowerPotion"},{"floor":35,"key":"Swift Potion"},{"floor":41,"key":"SkillPotion"},{"floor":42,"key":"Swift Potion"}],"is_trial":false,"path_per_floor":["M","?","M","M","?","R","?","E","T","R","M","R","M","M","R","B",null,"M","?","$","?","$","R","M","R","T","M","M","E","M","M","R","B",null,"M","?","M","M","$","R","M","E","T","E","E","R","M","E","R","B",null],"character_chosen":"IRONCLAD","items_purchased":["Toxic Egg 2","Disarm+1","Gremlin Horn"],"campfire_rested":1,"item_purchase_floors":[20,22,39],"current_hp_per_floor":[80,80,80,80,80,80,80,68,68,68,74,74,80,80,80,30,80,68,68,68,68,68,68,74,74,74,85,82,85,85,85,85,38,85,85,85,85,80,80,80,65,58,58,64,58,58,64,32,57,31],"gold":245,"neow_bonus":"ONE_RANDOM_RARE_CARD","is_prod":false,"is_daily":false,"chose_seed":false,"campfire_upgraded":9,"win_rate":0,"timestamp":1544240470,"path_taken":["M","?","?","M","?","R","?","E","T","R","M","R","M","M","R","BOSS","M","?","$","?","$","R","M","R","T","M","M","E","M","M","R","BOSS","M","?","M","M","$","R","M","E","T","E","E","R","M","E","R","BOSS"],"build_version":"2018-12-06","purchased_purges":1,"victory":true,"max_hp_per_floor":[80,80,80,80,80,80,80,80,80,80,80,80,80,80,80,80,80,80,80,80,80,80,80,80,80,80,85,85,85,85,85,85,85,85,85,85,85,85,85,85,85,85,85,85,85,85,85,85,85,85],"card_choices":[{"not_picked":["Havoc","Iron Wave"],"picked":"Armaments","floor":1},{"not_picked":["Perfected Strike","Thunderclap"],"picked":"Twin Strike","floor":3},{"not_picked":["Hemokinesis","Metallicize"],"picked":"Intimidate","floor":4},{"not_picked":["Wild Strike","Perfected Strike"],"picked":"Shrug It Off","floor":8},{"not_picked":["Body Slam","Anger"],"picked":"Disarm","floor":11},{"not_picked":["Armaments","Intimidate"],"picked":"True Grit","floor":13},{"not_picked":["Clothesline","Perfected Strike"],"picked":"Ghostly Armor","floor":14},{"not_picked":["Exhume","Limit Break"],"picked":"Impervious","floor":16},{"not_picked":["Body Slam","Headbutt"],"picked":"Shrug It Off","floor":18},{"not_picked":["Sentinel+1","Armaments+1"],"picked":"Flame Barrier+1","floor":24},{"not_picked":["Wild Strike+1","Pommel Strike+1"],"picked":"Shrug It Off+1","floor":27},{"not_picked":["Heavy Blade","Second Wind+1"],"picked":"Pommel Strike","floor":28},{"not_picked":["Perfected Strike","Wild Strike+1"],"picked":"Clothesline+1","floor":29},{"not_picked":["Bludgeon","True Grit+1"],"picked":"Shrug It Off+1","floor":30},{"not_picked":["Power Through+1","Wild Strike"],"picked":"Headbutt","floor":31},{"not_picked":["Bludgeon","Fiend Fire"],"picked":"Immolate","floor":33},{"not_picked":["Iron Wave","Sever Soul+1"],"picked":"Shrug It Off+1","floor":35},{"not_picked":["Sentinel+1","Battle Trance+1"],"picked":"Inflame","floor":37},{"not_picked":["Spot Weakness+1","Clash+1"],"picked":"Corruption","floor":38},{"not_picked":["Thunderclap+1","Armaments+1"],"picked":"Warcry+1","floor":41},{"not_picked":["Anger+1","Hemokinesis+1"],"picked":"Immolate","floor":42},{"not_picked":["Metallicize+1","Thunderclap"],"picked":"Carnage","floor":44},{"not_picked":["Hemokinesis","Rampage"],"picked":"Impervious+1","floor":45},{"not_picked":["Metallicize","Bloodletting+1"],"picked":"Rage+1","floor":47},{"not_picked":["Havoc+1","Intimidate+1"],"picked":"Carnage+1","floor":48}],"player_experience":290791,"relics_obtained":[{"floor":8,"key":"Oddly Smooth Stone"},{"floor":9,"key":"Lantern"},{"floor":26,"key":"Bottled Flame"},{"floor":29,"key":"Dodecahedron"},{"floor":42,"key":"Darkstone Periapt"},{"floor":43,"key":"Mummified Hand"},{"floor":44,"key":"Blue Candle"},{"floor":45,"key":"Shuriken"},{"floor":48,"key":"Magic Flower"}],"event_choices":[{"damage_healed":0,"gold_gain":100,"player_choice":"Pray","damage_taken":0,"max_hp_gain":0,"max_hp_loss":0,"event_name":"Golden Shrine","floor":2,"gold_loss":0},{"damage_healed":0,"gold_gain":0,"player_choice":"Grow","damage_taken":0,"max_hp_gain":0,"max_hp_loss":0,"event_name":"Living Wall","floor":5,"gold_loss":0,"cards_upgraded":["Armaments"]},{"damage_healed":0,"gold_gain":64,"player_choice":"Gained Gold","damage_taken":0,"max_hp_gain":0,"max_hp_loss":0,"event_name":"Golden Wing","floor":7,"gold_loss":0},{"damage_healed":0,"gold_gain":0,"player_choice":"Obtained Relic","damage_taken":0,"relics_obtained":["WingedGreaves"],"max_hp_gain":0,"max_hp_loss":0,"event_name":"Addict","floor":19,"gold_loss":85},{"damage_healed":0,"gold_gain":0,"player_choice":"Simplicity","damage_taken":0,"max_hp_gain":0,"max_hp_loss":0,"event_name":"Back to Basics","floor":21,"gold_loss":0,"cards_upgraded":["Strike_R","Strike_R","Strike_R","Strike_R","Defend_R","Defend_R","Defend_R","Defend_R"]},{"damage_healed":0,"gold_gain":0,"cards_transformed":["Strike_R"],"player_choice":"Transformed","damage_taken":0,"max_hp_gain":0,"max_hp_loss":0,"event_name":"Transmorgrifier","floor":36,"gold_loss":0,"cards_obtained":["Combust"]}],"is_beta":false,"boss_relics":[{"not_picked":["Tiny House","Black Star"],"picked":"Snecko Eye"},{"not_picked":["Runic Cube","White Beast Statue"],"picked":"Empty Cage"}],"items_purged_floors":[20],"is_endless":false,"potions_floor_spawned":[4,13,16,27,29,30,35,41,42,48],"ascension_level":1}