{"gold_per_floor":[111,36,36,36,49,83,33,33,105,105,105,118,153,172,172,172],"floor_reached":16,"playtime":927,"items_purged":["Defend_R"],"score":226,"play_id":"d99863db-7f17-4cfc-94e6-ed3a6fd45bfa","local_time":"20190205151126","is_ascension_mode":true,"campfire_choices":[{"data":"True Grit","floor":8,"key":"SMITH"},{"data":"Bash","floor":11,"key":"SMITH"},{"floor":15,"key":"REST"}],"neow_cost":"NONE","seed_source_timestamp":2149326858992358,"circlet_count":0,"master_deck":["AscendersBane","Strike_R","Strike_R","Strike_R","Strike_R","Defend_R","Defend_R","Bash","Power Through","Bash+1","True Grit+1","Shockwave","Pommel Strike","Cleave"],"special_seed":0,"relics":["Burning Blood","NeowsBlessing","Orichalcum","Pear","Frozen Egg 2"],"potions_floor_usage":[13,16,16],"damage_taken":[{"damage":0.0,"enemies":"2 Louse","floor":1.0,"turns":1.0},{"damage":0,"enemies":"Small Slimes","floor":5,"turns":1},{"damage":0,"enemies":"Gremlin Nob","floor":6,"turns":1},{"damage":0,"enemies":"Cultist","floor":12,"turns":3},{"damage":38,"enemies":"Lagavulin","floor":13,"turns":10},{"damage":4,"enemies":"Looter","floor":14,"turns":3},{"damage":90,"enemies":"The Guardian","floor":16,"turns":13}],"seed_played":"3933174829726321823","potions_obtained":[{"floor":12,"key":"Weak Potion"},{"floor":13,"key":"SkillPotion"},{"floor":14,"key":"Poison Potion"}],"is_trial":false,"path_per_floor":["M","$","?","?","M","E","?","R","T","?","R","M","E","M","R","B"],"character_chosen":"IRONCLAD","items_purchased":[],"campfire_rested":1,"item_purchase_floors":[],"current_hp_per_floor":[74,74,79,79,80,80,80,80,90,83,83,89,57,59,86,0],"gold":172,"neow_bonus":"THREE_ENEMY_KILL","is_prod":false,"is_daily":false,"chose_seed":false,"campfire_upgraded":2,"win_rate":0,"timestamp":1549372286,"path_taken":["M","$","?","?","?","E","?","R","T","?","R","?","E","M","R","BOSS"],"build_version":"2019-01-23","purchased_purges":1,"victory":false,"max_hp_per_floor":[75,75,80,80,80,80,80,80,90,90,90,90,90,90,90,90],"card_choices":[{"not_picked":["Perfected Strike","Uppercut"],"picked":"Power Through","floor":1.0},{"not_picked":["Pummel","Wild Strike"],"picked":"True Grit","floor":5},{"not_picked":["Burning Pact","Sentinel"],"picked":"Shockwave","floor":6},{"not_picked":["Thunderclap","Sever Soul","Body Slam"],"picked":"SKIP","floor":12},{"not_picked":["Clothesline","Rupture"],"picked":"Pommel Strike","floor":13},{"not_picked":["Bloodletting","Disarm"],"picked":"Cleave","floor":14}],"player_experience":506418,"relics_obtained":[{"floor":6,"key":"Orichalcum"},{"floor":9,"key":"Pear"},{"floor":13,"key":"Frozen Egg 2"}],"event_choices":[{"damage_healed":0,"gold_gain":0,"player_choice":"Donut","damage_taken":0,"max_hp_gain":5,"max_hp_loss":0,"event_name":"Big Fish","floor":3,"gold_loss":0},{"damage_healed":0,"gold_gain":0,"player_choice":"1 cards matched","damage_taken":0,"max_hp_gain":0,"max_hp_loss":0,"event_name":"Match and Keep!","floor":4,"gold_loss":0,"cards_obtained":["Bash"]},{"cards_removed":["Strike_R"],"damage_healed":0,"gold_gain":0,"player_choice":"Card Removal","damage_taken":0,"max_hp_gain":0,"max_hp_loss":0,"event_name":"The Cleric","floor":7,"gold_loss":50},{"cards_removed":["Defend_R"],"damage_healed":0,"gold_gain":0,"player_choice":"Card Removal","damage_taken":7,"max_hp_gain":0,"max_hp_loss":0,"event_name":"Golden Wing","floor":10,"gold_loss":0}],"is_beta":false,"boss_relics":[],"items_purged_floors":[2],"is_endless":false,"potions_floor_spawned":[12,13,14],"killed_by":"The Guardian","ascension_level":14}