{"gold_per_floor":[119,131,131,131,131,164,174,202,227,227,261,109,165,183,183,278,278,278,39,0,0,0,0,0,0,0,0,0,0,0,0,0,0,0,0,0,0,0,0,0,0,0,0,0,0,0,0,0,0,0],"floor_reached":51,"playtime":2917,"items_purged":[],"score":789,"play_id":"c44460c7-920c-410c-9db0-9e548a0ae4d7","local_time":"20181124015452","is_ascension_mode":true,"campfire_choices":[{"floor":10,"key":"REST"},{"data":"Sunder","floor":15,"key":"SMITH"},{"data":"Defragment","floor":24,"key":"SMITH"},{"floor":30,"key":"REST"},{"data":"Capacitor","floor":32,"key":"SMITH"},{"data":"Chill","floor":40,"key":"SMITH"},{"data":"Defragment","floor":42,"key":"SMITH"},{"data":"Coolheaded","floor":44,"key":"SMITH"},{"floor":46,"key":"REST"},{"data":"Loop","floor":49,"key":"SMITH"}],"neow_cost":"NONE","seed_source_timestamp":96289854725120,"circlet_count":0,"master_deck":["Strike_B","Strike_B","Strike_B","Defend_B","Defend_B","Defend_B","Defend_B","Zap","Dualcast","Loop+1","Rebound","Sunder+1","Capacitor+1","Streamline","Gash","Defragment+1","Cold Snap","Coolheaded+1","Sweeping Beam","Machine Learning","Glacier","Leap","Gash","Consume","Chill+1","Undo","Conserve Battery+1","Reboot","Go for the Eyes","Hologram","Defragment+1","Conserve Battery","Shame"],"relics":["Cracked Core","NeowsBlessing","Lantern","Pen Nib","Boot","Strawberry","Bronze Scales","Ectoplasm","Cables","Calipers","Bottled Flame","Ancient Tea Set","Cursed Key","Dead Branch","Mercury Hourglass"],"potions_floor_usage":[11,16,16,23,31,50],"damage_taken":[{"damage":0,"enemies":"Jaw Worm","floor":1,"turns":1},{"damage":0,"enemies":"Small Slimes","floor":2,"turns":1},{"damage":0,"enemies":"3 Sentries","floor":6,"turns":1},{"damage":2,"enemies":"2 Louse","floor":7,"turns":2},{"damage":36,"enemies":"Lagavulin","floor":8,"turns":7},{"damage":17,"enemies":"3 Sentries","floor":11,"turns":7},{"damage":8,"enemies":"Looter","floor":14,"turns":2},{"damage":17,"enemies":"Slime Boss","floor":16,"turns":6},{"damage":5,"enemies":"3 Byrds","floor":18,"turns":2},{"damage":10,"enemies":"2 Thieves","floor":20,"turns":3},{"damage":18,"enemies":"3 Cultists","floor":21,"turns":5},{"damage":18,"enemies":"Gremlin Leader","floor":23,"turns":7},{"damage":0,"enemies":"Cultist and Chosen","floor":25,"turns":6},{"damage":13,"enemies":"Centurion and Healer","floor":28,"turns":6},{"damage":8,"enemies":"Slavers","floor":31,"turns":5},{"damage":0,"enemies":"Champ","floor":33,"turns":13},{"damage":3,"enemies":"3 Shapes","floor":35,"turns":5},{"damage":39,"enemies":"Mind Bloom Boss Battle","floor":36,"turns":6},{"damage":0,"enemies":"Orb Walker","floor":38,"turns":4},{"damage":7,"enemies":"3 Darklings","floor":41,"turns":6},{"damage":13,"enemies":"Transient","floor":45,"turns":5},{"damage":0,"enemies":"Maw","floor":47,"turns":8},{"damage":13,"enemies":"Time Eater","floor":50,"turns":16}],"seed_played":"2336183495884377538","potions_obtained":[{"floor":1,"key":"SkillPotion"},{"floor":2,"key":"Dexterity Potion"},{"floor":11,"key":"Strength Potion"},{"floor":14,"key":"FearPotion"},{"floor":18,"key":"Fire Potion"},{"floor":25,"key":"AttackPotion"},{"floor":33,"key":"Fire Potion"},{"floor":36,"key":"Ancient Potion"},{"floor":41,"key":"SpeedPotion"}],"is_trial":false,"path_per_floor":["M","M","?","?","?","E","M","E","T","R","E","$","?","M","R","B",null,"M","$","M","M","?","E","R","M","T","$","M","?","R","E","R","B",null,"M","?","?","M","$","R","M","R","T","R","M","R","M","?","R","B",null],"character_chosen":"DEFECT","items_purchased":["Defragment","Cold Snap","Coolheaded","Cables"],"campfire_rested":3,"item_purchase_floors":[12,12,12,19],"current_hp_per_floor":[75,75,63,63,68,68,66,30,37,63,46,46,46,38,38,21,87,82,82,72,54,54,36,36,36,36,36,23,23,49,41,41,41,87,84,45,45,45,45,45,38,38,38,38,25,51,51,51,51,38],"gold":0,"neow_bonus":"THREE_ENEMY_KILL","is_prod":false,"is_daily":false,"chose_seed":false,"campfire_upgraded":7,"win_rate":0,"timestamp":1543042492,"path_taken":["M","M","?","?","?","E","?","E","T","R","E","$","?","M","R","BOSS","M","$","M","M","?","E","R","M","T","$","M","?","R","E","R","BOSS","M","?","?","M","$","R","M","R","T","R","M","R","M","?","R","BOSS"],"build_version":"2018-11-15","purchased_purges":0,"victory":true,"max_hp_per_floor":[75,75,75,75,80,80,80,80,87,87,87,87,87,87,87,87,87,87,87,87,87,87,87,87,87,87,87,87,87,87,87,87,87,87,87,87,87,87,87,87,87,87,87,87,87,87,87,87,87,87],"card_choices":[{"not_picked":["Rip and Tear","Redo"],"picked":"Loop","floor":1},{"not_picked":["Consume","Force Field"],"picked":"Rebound","floor":2},{"not_picked":["Skim","Compile Driver"],"picked":"Sunder","floor":6},{"not_picked":["Hologram","Consume"],"picked":"Capacitor","floor":7},{"not_picked":["Fission","Reprogram"],"picked":"Streamline","floor":8},{"not_picked":["Rebound","Scrape"],"picked":"Gash","floor":11},{"not_picked":["Gash","Genetic Algorithm"],"picked":"Sweeping Beam","floor":14},{"not_picked":["Amplify","Reboot"],"picked":"Machine Learning","floor":16},{"not_picked":["Sweeping Beam+1","Redo"],"picked":"Glacier","floor":18},{"not_picked":["Steam","Stack+1"],"picked":"Leap","floor":20},{"not_picked":["Capacitor","All For One"],"picked":"Gash","floor":21},{"not_picked":["Redo+1","Leap"],"picked":"Consume","floor":23},{"not_picked":["Ball Lightning+1","Cold Snap"],"picked":"Chill","floor":25},{"not_picked":["Consume","Machine Learning"],"picked":"Undo","floor":28},{"not_picked":["Gash+1","Consume"],"picked":"Conserve Battery+1","floor":31},{"not_picked":["Biased Cognition","Hyperbeam"],"picked":"Reboot","floor":33},{"not_picked":["Genetic Algorithm","Leap+1"],"picked":"Go for the Eyes","floor":35},{"not_picked":["Glacier+1","Stack"],"picked":"Hologram","floor":36},{"not_picked":["Force Field","Gash"],"picked":"Defragment","floor":38},{"not_picked":["Tempest+1","Turbo"],"picked":"Conserve Battery","floor":41},{"not_picked":["Aggregate","Scrape","Stack+1"],"picked":"SKIP","floor":45},{"not_picked":["Aggregate","Rebound+1","Hologram+1"],"picked":"SKIP","floor":47}],"player_experience":214508,"relics_obtained":[{"floor":6,"key":"Pen Nib"},{"floor":8,"key":"Boot"},{"floor":9,"key":"Strawberry"},{"floor":11,"key":"Bronze Scales"},{"floor":23,"key":"Calipers"},{"floor":26,"key":"Bottled Flame"},{"floor":31,"key":"Ancient Tea Set"},{"floor":36,"key":"Dead Branch"},{"floor":43,"key":"Mercury Hourglass"}],"event_choices":[{"damage_healed":0,"gold_gain":0,"player_choice":"Success","damage_taken":12,"relics_obtained":["Lantern"],"max_hp_gain":0,"max_hp_loss":0,"event_name":"Scrap Ooze","floor":3,"gold_loss":0},{"damage_healed":0,"gold_gain":0,"player_choice":"Ignored","damage_taken":0,"max_hp_gain":0,"max_hp_loss":0,"event_name":"Shining Light","floor":4,"gold_loss":0},{"damage_healed":0,"gold_gain":0,"player_choice":"Donut","damage_taken":0,"max_hp_gain":5,"max_hp_loss":0,"event_name":"Big Fish","floor":5,"gold_loss":0},{"damage_healed":0,"gold_gain":56,"player_choice":"Gained Gold","damage_taken":0,"max_hp_gain":0,"max_hp_loss":0,"event_name":"Golden Wing","floor":13,"gold_loss":0},{"damage_healed":0,"gold_gain":0,"player_choice":"Ignored","damage_taken":0,"max_hp_gain":0,"max_hp_loss":0,"event_name":"Beggar","floor":22,"gold_loss":0},{"damage_healed":0,"gold_gain":0,"player_choice":"Ignored","damage_taken":0,"max_hp_gain":0,"max_hp_loss":0,"event_name":"Ghosts","floor":29,"gold_loss":0},{"damage_healed":0,"gold_gain":0,"player_choice":"Fight","damage_taken":0,"max_hp_gain":0,"max_hp_loss":0,"event_name":"MindBloom","floor":36,"gold_loss":0},{"cards_removed":["Strike_B"],"damage_healed":0,"gold_gain":0,"player_choice":"Removed Attack","damage_taken":0,"max_hp_gain":0,"max_hp_loss":0,"event_name":"Falling","floor":37,"gold_loss":0},{"damage_healed":0,"gold_gain":0,"player_choice":"Ignored","damage_taken":0,"max_hp_gain":0,"max_hp_loss":0,"event_name":"Mysterious Sphere","floor":48,"gold_loss":0}],"is_beta":false,"boss_relics":[{"not_picked":["Empty Cage","Runic Dome"],"picked":"Ectoplasm"},{"not_picked":["Velvet Choker","Black Star"],"picked":"Cursed Key"}],"items_purged_floors":[],"is_endless":false,"potions_floor_spawned":[1,2,11,14,18,25,33,36,41],"ascension_level":1}