{"gold_per_floor":[112,37,37,54,54,54,83,83,109,125,125,137,137,137,137,209,209,227,227,152,47,58,84,84,33,57,57,4,24,24,74,74,74],"floor_reached":33,"playtime":2102,"items_purged":["Strike_R"],"score":518,"play_id":"629fa12a-89f0-40c3-bb9e-749b0e7d706e","local_time":"20190214002725","is_ascension_mode":true,"campfire_choices":[{"data":"Rampage","floor":6.0,"key":"SMITH"},{"floor":11.0,"key":"REST"},{"floor":13.0,"key":"REST"},{"data":"Shockwave","floor":15.0,"key":"SMITH"},{"floor":24,"key":"REST"},{"floor":27,"key":"REST"},{"floor":30,"key":"REST"},{"floor":32,"key":"REST"}],"neow_cost":"NONE","seed_source_timestamp":605767269774803,"circlet_count":0,"master_deck":["AscendersBane","Strike_R","Strike_R","Strike_R","Defend_R","Defend_R+1","Defend_R+1","Defend_R","Bash","Inflame","Battle Trance","Shrug It Off","Battle Trance","Clothesline+1","Rampage+1","Headbutt","Shockwave+1","Impervious","Deep Breath","Burning Pact","Headbutt","Shrug It Off"],"special_seed":0,"relics":["Orrery","Singing Bowl","Oddly Smooth Stone","Orichalcum","Letter Opener","Fusion Hammer","Dream Catcher","War Paint"],"potions_floor_usage":[22,23,29],"damage_taken":[{"damage":7.0,"enemies":"2 Louse","floor":1.0,"turns":3.0},{"damage":0.0,"enemies":"Cultist","floor":4.0,"turns":4.0},{"damage":34.0,"enemies":"3 Sentries","floor":7.0,"turns":12.0},{"damage":0.0,"enemies":"Jaw Worm","floor":10.0,"turns":4.0},{"damage":2.0,"enemies":"Large Slime","floor":12.0,"turns":6.0},{"damage":36.0,"enemies":"Hexaghost","floor":16.0,"turns":9.0},{"damage":21,"enemies":"Spheric Guardian","floor":18,"turns":4},{"damage":0,"enemies":"2 Thieves","floor":22,"turns":4},{"damage":23,"enemies":"Book of Stabbing","floor":23,"turns":5},{"damage":5,"enemies":"Snecko","floor":29,"turns":5},{"damage":93,"enemies":"Automaton","floor":33,"turns":10}],"seed_played":"1896532920849258537","potions_obtained":[{"floor":1.0,"key":"Block Potion"},{"floor":12.0,"key":"FearPotion"},{"floor":16.0,"key":"Poison Potion"},{"floor":18,"key":"Fire Potion"},{"floor":23,"key":"Poison Potion"}],"is_trial":false,"path_per_floor":["M","$","?","M","$","R","E","?","T","M","R","M","R","T","R","B",null,"M","?","?","$","M","E","R","$","T","R","$","M","R","?","R","B"],"character_chosen":"IRONCLAD","items_purchased":["Deep Breath","Shrug It Off","AttackPotion"],"campfire_rested":6,"item_purchase_floors":[21,25,28],"current_hp_per_floor":[61,61,61,61,61,61,29,29,29,29,52,50,73,73,73,37,67,48,64,64,64,64,43,67,67,67,83,83,80,87,87,89,0],"gold":74,"neow_bonus":"BOSS_RELIC","is_prod":false,"is_daily":false,"chose_seed":false,"campfire_upgraded":2,"win_rate":0,"timestamp":1550096845,"path_taken":["M","$","?","?","?","R","E","?","T","M","R","M","R","?","R","BOSS","M","?","?","$","M","E","R","$","T","R","?","M","R","?","R","BOSS"],"build_version":"2019-01-23","purchased_purges":1,"victory":false,"max_hp_per_floor":[75,75,75,75,75,75,77,77,77,77,77,77,77,77,77,77,77,79,79,79,79,79,81,81,81,81,83,83,85,87,87,89,89],"card_choices":[{"not_picked":["Feel No Pain","Dual Wield"],"picked":"Inflame","floor":0.0},{"not_picked":["Thunderclap","Combust"],"picked":"Battle Trance","floor":0.0},{"not_picked":["Disarm","Armaments"],"picked":"Shrug It Off","floor":0.0},{"not_picked":["Second Wind","Anger"],"picked":"Battle Trance","floor":0.0},{"not_picked":["Seeing Red","Body Slam"],"picked":"Clothesline","floor":1.0},{"not_picked":["Shockwave","Corruption"],"picked":"Rampage","floor":4.0},{"not_picked":["Heavy Blade","Fire Breathing","Rupture"],"picked":"Singing Bowl","floor":7.0},{"not_picked":["Twin Strike","Pommel Strike"],"picked":"Headbutt","floor":10.0},{"not_picked":["Perfected Strike","Clothesline"],"picked":"Shockwave","floor":12.0},{"not_picked":["Offering","Barricade"],"picked":"Impervious","floor":16.0},{"not_picked":["Havoc+1","Whirlwind","Heavy Blade+1"],"picked":"Singing Bowl","floor":18},{"not_picked":["True Grit","Armaments"],"picked":"Burning Pact","floor":22},{"not_picked":["Dropkick","Infernal Blade","Wild Strike"],"picked":"Singing Bowl","floor":23},{"not_picked":["Perfected Strike","Juggernaut"],"picked":"Headbutt","floor":24},{"not_picked":["Body Slam","Cleave","Combust"],"picked":"Singing Bowl","floor":27},{"not_picked":["Armaments","Flex","Power Through"],"picked":"Singing Bowl","floor":29},{"not_picked":["Anger","Second Wind","Body Slam"],"picked":"Singing Bowl","floor":30},{"not_picked":["Shockwave","Entrench","Clash"],"picked":"Singing Bowl","floor":32}],"player_experience":612912,"relics_obtained":[{"floor":7.0,"key":"Singing Bowl"},{"floor":9.0,"key":"Orichalcum"},{"floor":14.0,"key":"Letter Opener"},{"floor":23,"key":"Dream Catcher"},{"floor":26,"key":"War Paint"}],"event_choices":[{"damage_healed":0.0,"max_hp_gain":0.0,"max_hp_loss":0.0,"gold_gain":0.0,"event_name":"Upgrade Shrine","player_choice":"Upgraded","floor":3.0,"gold_loss":0.0,"damage_taken":0.0,"cards_upgraded":["Clothesline"]},{"damage_healed":0.0,"max_hp_gain":0.0,"max_hp_loss":0.0,"gold_gain":0.0,"event_name":"Dead Adventurer","player_choice":"Searched \u00271\u0027 times","floor":8.0,"gold_loss":0.0,"damage_taken":0.0,"relics_obtained":["Oddly Smooth Stone"]},{"damage_healed":16,"gold_gain":0,"player_choice":"Heal","damage_taken":0,"max_hp_gain":0,"max_hp_loss":0,"event_name":"The Library","floor":19,"gold_loss":0},{"cards_removed":["Strike_R"],"damage_healed":0,"gold_gain":0,"player_choice":"Gave Gold","damage_taken":0,"max_hp_gain":0,"max_hp_loss":0,"event_name":"Beggar","floor":20,"gold_loss":75},{"damage_healed":0,"gold_gain":50,"player_choice":"Stole From Cult","damage_taken":0,"max_hp_gain":0,"max_hp_loss":0,"event_name":"Nest","floor":31,"gold_loss":0}],"is_beta":false,"boss_relics":[{"not_picked":["Velvet Choker","Empty Cage"],"picked":"Fusion Hammer"}],"items_purged_floors":[2],"is_endless":false,"potions_floor_spawned":[1,12,16,18,23],"killed_by":"Automaton","ascension_level":20}