{"gold_per_floor":[112,112,128,53,53,53,70,86,111,128,128,160,179,104,104,176,176,192,204,47,57,70,70,96,96,150,150,169,188,63,77,77,77],"floor_reached":33,"playtime":2658,"items_purged":["Strike_B","Strike_B","Strike_B"],"score":528,"play_id":"a0a7a706-5ceb-4571-9adf-c7e38d747a5b","local_time":"20190412202808","is_ascension_mode":true,"campfire_choices":[{"floor":6.0,"key":"REST"},{"data":"Beam Cell","floor":11.0,"key":"SMITH"},{"data":"Defend_B","floor":15.0,"key":"SMITH"},{"data":"Conserve Battery","floor":23.0,"key":"SMITH"},{"data":"Undo","floor":27.0,"key":"SMITH"},{"data":"Seek","floor":32.0,"key":"SMITH"}],"neow_cost":"NONE","seed_source_timestamp":166972156441360,"circlet_count":0,"master_deck":["AscendersBane","Defend_B+1","Defend_B","Defend_B","Defend_B","Hyperbeam+1","Self Repair+1","Undo+1","Beam Cell+1","FTL","Seek+1","Conserve Battery+1","Leap+1","Auto Shields","Gash+1"],"special_seed":0,"relics":["Astrolabe","Strawberry","Blood Vial","Orichalcum","Velvet Choker","Meat on the Bone","Omamori"],"potions_floor_usage":[33],"damage_taken":[{"damage":7.0,"enemies":"Jaw Worm","floor":1.0,"turns":2.0},{"damage":0.0,"enemies":"2 Louse","floor":3.0,"turns":1.0},{"damage":0.0,"enemies":"Small Slimes","floor":7.0,"turns":1.0},{"damage":2.0,"enemies":"2 Fungi Beasts","floor":8.0,"turns":3.0},{"damage":6.0,"enemies":"Looter","floor":10.0,"turns":2.0},{"damage":1.0,"enemies":"3 Sentries","floor":12.0,"turns":6.0},{"damage":0.0,"enemies":"Large Slime","floor":13.0,"turns":4.0},{"damage":34.0,"enemies":"Slime Boss","floor":16.0,"turns":7.0},{"damage":8.0,"enemies":"Shell Parasite","floor":18.0,"turns":3.0},{"damage":6.0,"enemies":"3 Byrds","floor":19.0,"turns":4.0},{"damage":7.0,"enemies":"Snecko","floor":21.0,"turns":6.0},{"damage":10.0,"enemies":"Shelled Parasite and Fungi","floor":22.0,"turns":4.0},{"damage":20.0,"enemies":"Book of Stabbing","floor":24.0,"turns":7.0},{"damage":13.0,"enemies":"Sentry and Sphere","floor":28.0,"turns":7.0},{"damage":4.0,"enemies":"Centurion and Healer","floor":29.0,"turns":4.0},{"damage":15.0,"enemies":"Shelled Parasite and Fungi","floor":31.0,"turns":3.0},{"damage":77,"enemies":"Collector","floor":33,"turns":9}],"seed_played":"2310685251295588200","potions_obtained":[{"floor":8.0,"key":"FearPotion"},{"floor":10.0,"key":"EssenceOfSteel"},{"floor":12.0,"key":"LiquidBronze"},{"floor":19.0,"key":"Regen Potion"},{"floor":28.0,"key":"Poison Potion"}],"is_trial":false,"path_per_floor":["M","?","M","?","?","R","M","M","T","M","R","E","M","$","R","B",null,"M","M","$","M","M","R","E","?","T","R","M","M","$","M","R","B"],"character_chosen":"DEFECT","items_purchased":["Conserve Battery"],"campfire_rested":1,"item_purchase_floors":[20],"current_hp_per_floor":[57,57,57,57,38,61,61,69,69,75,75,78,78,78,78,54,72,66,72,72,77,68,68,72,78,78,78,75,78,78,73,73,0],"gold":77,"neow_bonus":"BOSS_RELIC","is_prod":false,"is_daily":false,"chose_seed":false,"campfire_upgraded":5,"win_rate":0,"timestamp":1555090088,"path_taken":["M","?","M","?","?","R","M","M","T","M","R","E","M","$","R","BOSS","M","M","$","M","M","R","E","?","T","R","M","M","$","M","R","BOSS"],"build_version":"2019-01-23","purchased_purges":3,"victory":false,"max_hp_per_floor":[71,71,71,71,78,78,78,78,78,78,78,78,78,78,78,78,78,78,78,78,78,78,78,78,78,78,78,78,78,78,78,78,78],"card_choices":[{"not_picked":["Redo","Ball Lightning","Aggregate"],"picked":"SKIP","floor":1.0},{"not_picked":["Chill","Glacier"],"picked":"Undo","floor":3.0},{"not_picked":["Rebound","Scrape","Ball Lightning"],"picked":"SKIP","floor":7.0},{"not_picked":["Sweeping Beam","Blizzard"],"picked":"Beam Cell","floor":8.0},{"not_picked":["Sunder","Fusion","Steam Power"],"picked":"SKIP","floor":10.0},{"not_picked":["Compile Driver","Sweeping Beam","Static Discharge"],"picked":"SKIP","floor":12.0},{"not_picked":["Amplify","Ball Lightning"],"picked":"FTL","floor":13.0},{"not_picked":["Thunder Strike","Fission"],"picked":"Seek","floor":16.0},{"not_picked":["Hologram","Loop","White Noise"],"picked":"SKIP","floor":18.0},{"not_picked":["Cold Snap+1","Rip and Tear","Stack"],"picked":"SKIP","floor":19.0},{"not_picked":["Beam Cell","Turbo"],"picked":"Leap+1","floor":21.0},{"not_picked":["Scrape","Sunder"],"picked":"Auto Shields","floor":22.0},{"not_picked":["Turbo","Leap","Barrage"],"picked":"SKIP","floor":24.0},{"not_picked":["Undo","Barrage"],"picked":"Gash+1","floor":28.0},{"not_picked":["Double Energy","Defragment","Fusion"],"picked":"SKIP","floor":29.0},{"not_picked":["Double Energy","Defragment","Fusion"],"picked":"SKIP","floor":29.0},{"not_picked":["Glacier","Leap","Streamline+1"],"picked":"SKIP","floor":31.0}],"player_experience":810376,"relics_obtained":[{"floor":9.0,"key":"Blood Vial"},{"floor":12.0,"key":"Orichalcum"},{"floor":24.0,"key":"Meat on the Bone"},{"floor":26.0,"key":"Omamori"}],"event_choices":[{"damage_healed":0.0,"max_hp_gain":0.0,"max_hp_loss":0.0,"gold_gain":0.0,"event_name":"Golden Idol","player_choice":"Ignored","floor":2.0,"gold_loss":0.0,"damage_taken":0.0},{"cards_removed":["Hello World"],"damage_healed":0.0,"max_hp_gain":0.0,"max_hp_loss":0.0,"gold_gain":0.0,"event_name":"The Cleric","player_choice":"Card Removal","floor":4.0,"gold_loss":75.0,"damage_taken":0.0},{"damage_healed":0.0,"max_hp_gain":0.0,"max_hp_loss":0.0,"gold_gain":0.0,"event_name":"Scrap Ooze","player_choice":"Success","floor":5.0,"gold_loss":0.0,"damage_taken":26.0,"relics_obtained":["Strawberry"]},{"damage_healed":16.0,"max_hp_gain":0.0,"max_hp_loss":0.0,"gold_gain":0.0,"event_name":"The Library","player_choice":"Heal","floor":25.0,"gold_loss":0.0,"damage_taken":0.0}],"is_beta":false,"boss_relics":[{"not_picked":["Runic Dome","Orrery"],"picked":"Velvet Choker"}],"items_purged_floors":[14,20,30],"is_endless":false,"potions_floor_spawned":[8,10,12,13,19,21,28],"killed_by":"Collector","ascension_level":19}