{"gold_per_floor":[115,75,95,105,124,152,165,180,180,180,207,224,242,242,242,340,340,353,453,453,453],"floor_reached":21,"playtime":2133,"items_purged":[],"score":327,"play_id":"99451c2f-2a76-482e-b785-7deabda5d5f9","local_time":"20190512082554","is_ascension_mode":true,"campfire_choices":[{"floor":10.0,"key":"REST"},{"floor":15.0,"key":"REST"}],"neow_cost":"NONE","seed_source_timestamp":2716957761478981,"circlet_count":0,"master_deck":["AscendersBane","Defend_G","Defend_G","Defend_G","Defend_G","Strike_G","Strike_G","Strike_G","Survivor","Neutralize","Phantasmal Killer","Leg Sweep","Corpse Explosion","Crippling Poison","Leg Sweep","Predator","A Thousand Cuts"],"special_seed":0,"relics":["Snecko Eye","Bronze Scales","Pear","Pocketwatch","Empty Cage","Nunchaku","Dodecahedron"],"potions_floor_usage":[19],"damage_taken":[{"damage":10.0,"enemies":"Jaw Worm","floor":1.0,"turns":5.0},{"damage":2.0,"enemies":"Cultist","floor":3.0,"turns":5.0},{"damage":0.0,"enemies":"Small Slimes","floor":4.0,"turns":4.0},{"damage":7.0,"enemies":"3 Louse","floor":5.0,"turns":4.0},{"damage":22.0,"enemies":"3 Sentries","floor":6.0,"turns":16.0},{"damage":4.0,"enemies":"Blue Slaver","floor":7.0,"turns":6.0},{"damage":2.0,"enemies":"Gremlin Gang","floor":8.0,"turns":3.0},{"damage":16.0,"enemies":"Lagavulin","floor":11.0,"turns":6.0},{"damage":0.0,"enemies":"Looter","floor":12.0,"turns":4.0},{"damage":0.0,"enemies":"Red Slaver","floor":13.0,"turns":3.0},{"damage":9.0,"enemies":"The Guardian","floor":16.0,"turns":9.0},{"damage":1.0,"enemies":"Shell Parasite","floor":18.0,"turns":4.0},{"damage":16,"enemies":"Colosseum Slavers","floor":19,"turns":4},{"damage":50,"enemies":"Colosseum Nobs","floor":19,"turns":4},{"damage":23,"enemies":"Spheric Guardian","floor":21,"turns":5}],"seed_played":"196849373563755636","potions_obtained":[{"floor":2.0,"key":"FairyPotion"},{"floor":2.0,"key":"SkillPotion"},{"floor":2.0,"key":"GhostInAJar"},{"floor":3.0,"key":"Block Potion"},{"floor":7.0,"key":"GhostInAJar"},{"floor":8.0,"key":"FearPotion"},{"floor":13.0,"key":"Explosive Potion"}],"is_trial":false,"path_per_floor":["M","?","M","M","M","E","M","M","T","R","E","M","M","?","R","B",null,"M","?","?","M"],"character_chosen":"THE_SILENT","items_purchased":[],"campfire_rested":2,"item_purchase_floors":[],"current_hp_per_floor":[53,53,51,51,44,22,18,16,26,50,34,34,34,34,58,49,72,71,5,5,0],"gold":453,"neow_bonus":"BOSS_RELIC","is_prod":false,"is_daily":false,"chose_seed":false,"campfire_upgraded":0,"win_rate":0,"timestamp":1557638754,"path_taken":["M","?","M","M","M","E","M","?","T","R","E","M","M","?","R","BOSS","M","?","?","M"],"build_version":"2019-01-23","purchased_purges":0,"victory":false,"max_hp_per_floor":[70,70,70,70,70,70,70,70,80,80,80,80,80,80,80,80,80,80,80,80,80],"card_choices":[{"not_picked":["Dagger Spray","Deadly Poison","Tactician"],"picked":"SKIP","floor":1.0},{"not_picked":["Dagger Throw","Quick Slash"],"picked":"Phantasmal Killer","floor":3.0},{"not_picked":["Flying Knee","Choke"],"picked":"Leg Sweep","floor":4.0},{"not_picked":["Prepared","Acrobatics","Deflect"],"picked":"SKIP","floor":5.0},{"not_picked":["Riddle With Holes","Flying Knee"],"picked":"Corpse Explosion","floor":6.0},{"not_picked":["Expertise","Outmaneuver"],"picked":"Crippling Poison","floor":7.0},{"not_picked":["Deflect","Cloak And Dagger"],"picked":"Leg Sweep","floor":8.0},{"not_picked":["Backflip","Reflex","Outmaneuver"],"picked":"SKIP","floor":11.0},{"not_picked":["Deadly Poison","Finisher","Prepared"],"picked":"SKIP","floor":12.0},{"not_picked":["Poisoned Stab","Prepared"],"picked":"Predator","floor":13.0},{"not_picked":["Venomology","Glass Knife"],"picked":"A Thousand Cuts","floor":16.0},{"not_picked":["Outmaneuver","Flechettes","Acrobatics+1"],"picked":"SKIP","floor":18.0}],"player_experience":973883,"relics_obtained":[{"floor":6.0,"key":"Bronze Scales"},{"floor":9.0,"key":"Pear"},{"floor":11.0,"key":"Pocketwatch"},{"floor":19,"key":"Nunchaku"},{"floor":19,"key":"Dodecahedron"}],"event_choices":[{"damage_healed":0.0,"max_hp_gain":0.0,"max_hp_loss":0.0,"gold_gain":0.0,"event_name":"The Woman in Blue","player_choice":"Bought 3 Potions","floor":2.0,"gold_loss":0.0,"damage_taken":0.0},{"cards_removed":["Strike_G"],"damage_healed":0.0,"max_hp_gain":0.0,"max_hp_loss":0.0,"gold_gain":0.0,"event_name":"Purifier","player_choice":"Purged","floor":14.0,"gold_loss":0.0,"damage_taken":0.0},{"damage_healed":0,"gold_gain":0,"player_choice":"Fight","damage_taken":0,"max_hp_gain":0,"max_hp_loss":0,"event_name":"Colosseum","floor":19,"gold_loss":0},{"damage_healed":0,"gold_gain":0,"player_choice":"Fought Nobs","damage_taken":0,"max_hp_gain":0,"max_hp_loss":0,"event_name":"Colosseum","floor":19,"gold_loss":0},{"damage_healed":0,"gold_gain":0,"player_choice":"Ignored","damage_taken":0,"max_hp_gain":0,"max_hp_loss":0,"event_name":"Cursed Tome","floor":20,"gold_loss":0}],"is_beta":false,"boss_relics":[{"not_picked":["Runic Dome","Runic Pyramid"],"picked":"Empty Cage"}],"items_purged_floors":[],"is_endless":false,"potions_floor_spawned":[3,7,8,13],"killed_by":"Spheric Guardian","ascension_level":10}