{"gold_per_floor":[109,42,62,62,76,104,104,121,121,121,121,121,132,165,165,268,268,288,305,320,337,19,44,58,58,134,134,134,167,167,185,185,287,287,303,228,239,239,89,114,114,147,147,147,57,57,77,112,112,112],"floor_reached":51,"playtime":2812,"items_purged":["Strike_R"],"score":941,"play_id":"c9a9a0e9-1db8-4423-a2c5-47725ae8fb5a","local_time":"20190505014710","is_ascension_mode":true,"campfire_choices":[{"data":"Shockwave","floor":7,"key":"SMITH"},{"floor":10,"key":"REST"},{"floor":15,"key":"REST"},{"floor":25,"key":"REST"},{"floor":27,"key":"REST"},{"data":"Juggernaut","floor":30,"key":"SMITH"},{"floor":32,"key":"REST"},{"data":"Flame Barrier","floor":41,"key":"SMITH"},{"floor":44,"key":"REST"},{"data":"Flame Barrier","floor":46,"key":"SMITH"},{"data":"Demon Form","floor":49,"key":"SMITH"}],"neow_cost":"NONE","seed_source_timestamp":1767277070673008,"circlet_count":0,"master_deck":["Strike_R","Strike_R+1","Defend_R","Defend_R","Defend_R","Bash","Ghostly Armor","Shockwave+1","Clothesline","Juggernaut+1","Uppercut","Impervious","Barricade","Flame Barrier+1","Mayhem","Shockwave","Bludgeon","Carnage+1","Demon Form+1","Flame Barrier+1","Twin Strike","Twin Strike"],"relics":["Snecko Eye","Blue Candle","Pantograph","Gremlin Horn","Velvet Choker","Happy Flower","Paper Frog","Matryoshka","Torii","Lizard Tail","Lantern","Bag of Marbles","Dream Catcher","Orichalcum","FossilizedHelix","Pocketwatch"],"potions_floor_usage":[8,13,19,23,24,29,33,33,37,42,50],"damage_taken":[{"damage":0,"enemies":"Small Slimes","floor":1,"turns":2},{"damage":8,"enemies":"2 Louse","floor":3,"turns":4},{"damage":0,"enemies":"Cultist","floor":5,"turns":2},{"damage":17,"enemies":"Gremlin Nob","floor":6,"turns":4},{"damage":11,"enemies":"Lots of Slimes","floor":8,"turns":5},{"damage":7,"enemies":"2 Fungi Beasts","floor":13,"turns":3},{"damage":21,"enemies":"Lagavulin","floor":14,"turns":4},{"damage":35,"enemies":"The Guardian","floor":16,"turns":9},{"damage":17,"enemies":"Shell Parasite","floor":18,"turns":6},{"damage":4,"enemies":"2 Thieves","floor":19,"turns":4},{"damage":0,"enemies":"Snecko","floor":20,"turns":5},{"damage":0,"enemies":"Chosen and Byrds","floor":21,"turns":4},{"damage":38,"enemies":"Slavers","floor":23,"turns":7},{"damage":14,"enemies":"3 Cultists","floor":24,"turns":5},{"damage":0,"enemies":"Gremlin Leader","floor":29,"turns":5},{"damage":0,"enemies":"Cultist and Chosen","floor":31,"turns":3},{"damage":9,"enemies":"Champ","floor":33,"turns":7},{"damage":18,"enemies":"3 Darklings","floor":35,"turns":4},{"damage":0,"enemies":"3 Shapes","floor":37,"turns":3},{"damage":0,"enemies":"Giant Head","floor":40,"turns":6},{"damage":25,"enemies":"Reptomancer","floor":42,"turns":6},{"damage":0,"enemies":"Spire Growth","floor":47,"turns":3},{"damage":0,"enemies":"Nemesis","floor":48,"turns":5},{"damage":10,"enemies":"Donu and Deca","floor":50,"turns":7}],"seed_played":"-8923176344193239681","potions_obtained":[{"floor":3,"key":"EssenceOfSteel"},{"floor":5,"key":"SneckoOil"},{"floor":8,"key":"Poison Potion"},{"floor":12,"key":"GamblersBrew"},{"floor":12,"key":"PowerPotion"},{"floor":16,"key":"Dexterity Potion"},{"floor":21,"key":"Dexterity Potion"},{"floor":23,"key":"Weak Potion"},{"floor":24,"key":"Explosive Potion"},{"floor":31,"key":"Dexterity Potion"},{"floor":35,"key":"Fire Potion"},{"floor":37,"key":"SneckoOil"}],"is_trial":false,"path_per_floor":["M","$","M","$","M","E","R","M","T","R","?","?","M","E","R","B",null,"M","M","M","M","$","E","M","R","T","R","?","E","R","M","R","B",null,"M","$","M","?","$","E","R","E","T","R","?","R","M","E","R","B",null],"character_chosen":"IRONCLAD","items_purchased":["Shockwave","Mayhem","Happy Flower","Lantern"],"campfire_rested":6,"item_purchase_floors":[2,22,22,39],"current_hp_per_floor":[80,80,72,72,72,55,55,44,44,68,61,61,54,33,57,45,80,63,59,59,59,59,21,7,31,31,55,55,55,55,55,79,71,80,62,62,62,62,62,62,62,37,37,61,61,61,61,61,61,70],"gold":112,"neow_bonus":"BOSS_RELIC","is_prod":false,"is_daily":false,"chose_seed":false,"campfire_upgraded":5,"win_rate":0,"timestamp":1557035230,"path_taken":["M","$","M","$","M","E","R","M","T","R","?","?","M","E","R","BOSS","M","M","M","?","$","E","?","R","T","R","?","E","R","M","R","BOSS","M","$","M","?","$","E","R","E","T","R","?","R","?","E","R","BOSS"],"build_version":"2019-01-23","purchased_purges":1,"victory":true,"max_hp_per_floor":[80,80,80,80,80,80,80,80,80,80,80,80,80,80,80,80,80,80,80,80,80,80,80,80,80,80,80,80,80,80,80,80,80,80,80,80,80,80,80,80,80,80,80,80,80,80,80,80,80,80],"card_choices":[{"not_picked":["Anger","Havoc"],"picked":"Ghostly Armor","floor":1},{"not_picked":["Seeing Red","Thunderclap"],"picked":"Clothesline","floor":3},{"not_picked":["Pommel Strike","Metallicize","Thunderclap"],"picked":"SKIP","floor":5},{"not_picked":["Headbutt","Body Slam"],"picked":"Juggernaut","floor":6},{"not_picked":["Power Through","Twin Strike"],"picked":"Uppercut","floor":8},{"not_picked":["Reckless Charge","Pommel Strike","Headbutt"],"picked":"SKIP","floor":13},{"not_picked":["Whirlwind","Iron Wave"],"picked":"Impervious","floor":14},{"not_picked":["Offering","Reaper"],"picked":"Barricade","floor":16},{"not_picked":["Clash","Dual Wield+1"],"picked":"Flame Barrier","floor":18},{"not_picked":["Shrug It Off","True Grit+1","Clash+1"],"picked":"SKIP","floor":19},{"not_picked":["Battle Trance+1","Pommel Strike","Inflame"],"picked":"SKIP","floor":20},{"not_picked":["True Grit","Heavy Blade","Wild Strike"],"picked":"SKIP","floor":21},{"not_picked":["Twin Strike","Second Wind","Thunderclap"],"picked":"SKIP","floor":23},{"not_picked":["Body Slam+1","Immolate"],"picked":"Shockwave","floor":24},{"not_picked":["Whirlwind+1","Inflame+1"],"picked":"Bludgeon","floor":29},{"not_picked":["Dual Wield","Rage"],"picked":"Carnage+1","floor":31},{"not_picked":["Dark Embrace","Impervious"],"picked":"Demon Form","floor":33},{"not_picked":["Clash","Spot Weakness+1","Sever Soul+1"],"picked":"SKIP","floor":35},{"not_picked":["Disarm","Anger","True Grit"],"picked":"SKIP","floor":37},{"not_picked":["Barricade","Dual Wield+1","Searing Blow"],"picked":"SKIP","floor":40},{"not_picked":["Thunderclap+1","Metallicize+1"],"picked":"Flame Barrier","floor":42},{"not_picked":["Rupture+1","Pommel Strike"],"picked":"Twin Strike","floor":44},{"not_picked":["Intimidate","Inflame","Wild Strike+1"],"picked":"SKIP","floor":47},{"not_picked":["Shrug It Off+1","Pommel Strike+1"],"picked":"Twin Strike","floor":48}],"player_experience":166588,"relics_obtained":[{"floor":6,"key":"Blue Candle"},{"floor":9,"key":"Pantograph"},{"floor":14,"key":"Gremlin Horn"},{"floor":23,"key":"Paper Frog"},{"floor":26,"key":"Matryoshka"},{"floor":29,"key":"Torii"},{"floor":40,"key":"Bag of Marbles"},{"floor":42,"key":"Dream Catcher"},{"floor":43,"key":"Orichalcum"},{"floor":43,"key":"FossilizedHelix"},{"floor":48,"key":"Pocketwatch"}],"event_choices":[{"cards_removed":["Strike_R"],"damage_healed":0,"gold_gain":0,"player_choice":"Card Removal","damage_taken":7,"max_hp_gain":0,"max_hp_loss":0,"event_name":"Golden Wing","floor":11,"gold_loss":0},{"damage_healed":0,"gold_gain":0,"player_choice":"Got Potions","damage_taken":0,"max_hp_gain":0,"max_hp_loss":0,"event_name":"Lab","floor":12,"gold_loss":0},{"damage_healed":0,"gold_gain":0,"player_choice":"Ignored","damage_taken":0,"max_hp_gain":0,"max_hp_loss":0,"event_name":"Ghosts","floor":28,"gold_loss":0},{"cards_removed":["Strike_R"],"damage_healed":0,"gold_gain":0,"player_choice":"Removed Attack","damage_taken":0,"max_hp_gain":0,"max_hp_loss":0,"event_name":"Falling","floor":38,"gold_loss":0},{"cards_removed":["Defend_R"],"damage_healed":0,"gold_gain":0,"player_choice":"Upgrade and Remove","damage_taken":0,"max_hp_gain":0,"max_hp_loss":0,"event_name":"Designer","floor":45,"gold_loss":90,"cards_upgraded":["Strike_R"]}],"is_beta":false,"boss_relics":[{"not_picked":["Tiny House","Runic Dome"],"picked":"Velvet Choker"},{"not_picked":["Runic Cube","Fusion Hammer"],"picked":"Lizard Tail"}],"items_purged_floors":[36],"is_endless":false,"potions_floor_spawned":[3,5,8,16,21,23,24,31,35,37],"ascension_level":2}