{"gold_per_floor":[111,36,50,69,69,95,95,126,149,480,480,493,513,529,529,601,601,619,619,248,248,248,248,281,281,281,281,300,320,338,372,372,372],"floor_reached":33,"playtime":1098,"items_purged":["Regret","Strike_R"],"score":660,"play_id":"43d440a0-7dde-45fa-94e1-cf86cf4535df","local_time":"20190506155414","is_ascension_mode":true,"campfire_choices":[{"data":"Whirlwind","floor":7.0,"key":"SMITH"},{"data":"Disarm","floor":11.0,"key":"SMITH"},{"data":"Armaments","floor":15.0,"key":"SMITH"},{"data":"Offering","floor":23.0,"key":"SMITH"},{"floor":25.0,"key":"REST"},{"data":"Battle Trance","floor":27.0,"key":"SMITH"},{"data":"1","floor":32,"key":"LIFT"}],"neow_cost":"CURSE","seed_source_timestamp":9209314249809,"circlet_count":0,"master_deck":["AscendersBane","Strike_R+1","Strike_R+1","Strike_R+1","Defend_R+1","Defend_R+1","Defend_R+1","Defend_R+1","Bash+1","Offering+1","Carnage","Headbutt","Whirlwind+1","Disarm+1","Armaments+1","Fiend Fire","Shrug It Off","Necronomicurse","Battle Trance+1","Feel No Pain","Corruption","Metallicize"],"special_seed":0,"relics":["Burning Blood","Red Skull","Whetstone","Pen Nib","Old Coin","Black Star","Strawberry","Necronomicon","Vajra","The Courier","Singing Bowl","Girya","Mercury Hourglass"],"potions_floor_usage":[30,31,33],"damage_taken":[{"damage":8.0,"enemies":"Cultist","floor":1.0,"turns":3.0},{"damage":7.0,"enemies":"Jaw Worm","floor":3.0,"turns":3.0},{"damage":5.0,"enemies":"Small Slimes","floor":4.0,"turns":3.0},{"damage":15.0,"enemies":"Gremlin Nob","floor":6.0,"turns":3.0},{"damage":36.0,"enemies":"Lagavulin","floor":8.0,"turns":4.0},{"damage":6.0,"enemies":"Gremlin Nob","floor":10.0,"turns":2.0},{"damage":6.0,"enemies":"Blue Slaver","floor":12.0,"turns":2.0},{"damage":6.0,"enemies":"Exordium Wildlife","floor":13.0,"turns":1.0},{"damage":6.0,"enemies":"Lots of Slimes","floor":14.0,"turns":2.0},{"damage":23.0,"enemies":"The Guardian","floor":16.0,"turns":9.0},{"damage":12.0,"enemies":"Spheric Guardian","floor":18.0,"turns":3.0},{"damage":16.0,"enemies":"Slavers","floor":24.0,"turns":4.0},{"damage":0.0,"enemies":"3 Byrds","floor":28.0,"turns":1.0},{"damage":6,"enemies":"Snecko","floor":29,"turns":2},{"damage":0,"enemies":"Cultist and Chosen","floor":30,"turns":2},{"damage":19,"enemies":"Gremlin Leader","floor":31,"turns":5},{"damage":62,"enemies":"Automaton","floor":33,"turns":6}],"seed_played":"4655732775741510999","potions_obtained":[{"floor":1.0,"key":"Swift Potion"},{"floor":6.0,"key":"SkillPotion"},{"floor":8.0,"key":"Energy Potion"},{"floor":10.0,"key":"Weak Potion"},{"floor":24.0,"key":"BloodPotion"},{"floor":30,"key":"FearPotion"}],"is_trial":false,"path_per_floor":["M","$","M","M","?","E","R","E","T","E","R","M","M","M","R","B",null,"M","?","$","?","?","R","E","R","T","R","M","M","M","E","R","B"],"character_chosen":"IRONCLAD","items_purchased":["Shrug It Off","Strawberry","Fire Potion"],"campfire_rested":1,"item_purchase_floors":[20,20,20],"current_hp_per_floor":[66,66,65,66,66,57,57,27,27,27,27,27,27,27,27,10,59,53,53,60,39,39,39,29,53,53,53,59,59,73,62,62,0],"gold":372,"neow_bonus":"THREE_RARE_CARDS","is_prod":false,"is_daily":false,"chose_seed":false,"campfire_upgraded":5,"win_rate":0,"timestamp":1557172454,"path_taken":["M","$","?","M","?","E","R","E","T","E","R","M","M","M","R","BOSS","M","?","$","?","?","R","E","R","T","R","M","M","?","E","R","BOSS"],"build_version":"2019-01-23","purchased_purges":2,"victory":false,"max_hp_per_floor":[75,75,75,75,75,75,75,75,75,75,75,75,75,75,75,75,75,75,75,82,82,82,82,82,82,82,82,82,82,82,84,84,84],"card_choices":[{"not_picked":["Demon Form","Exhume"],"picked":"Offering","floor":0.0},{"not_picked":["Warcry","Havoc"],"picked":"Carnage","floor":1.0},{"not_picked":["Thunderclap","Armaments"],"picked":"Headbutt","floor":3.0},{"not_picked":["Dropkick","Blood for Blood","Iron Wave"],"picked":"SKIP","floor":4.0},{"not_picked":["Twin Strike","Clash"],"picked":"Whirlwind","floor":6.0},{"not_picked":["Clash","Twin Strike"],"picked":"Disarm","floor":8.0},{"not_picked":["Corruption","Sentinel","Clash"],"picked":"SKIP","floor":10.0},{"not_picked":["Clash","Wild Strike"],"picked":"Armaments","floor":12.0},{"not_picked":["Wild Strike","Armaments","Hemokinesis"],"picked":"SKIP","floor":13.0},{"not_picked":["Headbutt","Juggernaut","Sever Soul"],"picked":"SKIP","floor":14.0},{"not_picked":["Bludgeon","Demon Form"],"picked":"Fiend Fire","floor":16.0},{"not_picked":["Thunderclap+1","Clothesline","Havoc"],"picked":"SKIP","floor":18.0},{"not_picked":["Iron Wave","Pommel Strike"],"picked":"Battle Trance","floor":24.0},{"not_picked":["Cleave","Seeing Red"],"picked":"Feel No Pain","floor":28.0},{"not_picked":["Clothesline","Clash"],"picked":"Corruption","floor":29},{"not_picked":["Blood for Blood","Feel No Pain"],"picked":"Metallicize","floor":30},{"not_picked":["Flex","Infernal Blade+1","Combust"],"picked":"Singing Bowl","floor":31}],"player_experience":609397,"relics_obtained":[{"floor":6.0,"key":"Red Skull"},{"floor":8.0,"key":"Whetstone"},{"floor":9.0,"key":"Pen Nib"},{"floor":10.0,"key":"Old Coin"},{"floor":21.0,"key":"Necronomicon"},{"floor":24.0,"key":"Vajra"},{"floor":24.0,"key":"The Courier"},{"floor":26.0,"key":"Singing Bowl"},{"floor":31,"key":"Girya"},{"floor":31,"key":"Mercury Hourglass"}],"event_choices":[{"cards_removed":["Strike_R"],"damage_healed":0.0,"max_hp_gain":0.0,"max_hp_loss":0.0,"gold_gain":0.0,"event_name":"Bonfire Elementals","player_choice":"Offered Basic","floor":5.0,"gold_loss":0.0,"damage_taken":0.0},{"damage_healed":0.0,"max_hp_gain":0.0,"max_hp_loss":0.0,"gold_gain":0.0,"event_name":"Ghosts","player_choice":"Ignored","floor":19.0,"gold_loss":0.0,"damage_taken":0.0},{"damage_healed":0.0,"max_hp_gain":0.0,"max_hp_loss":0.0,"gold_gain":0.0,"event_name":"Cursed Tome","player_choice":"Obtained Book","floor":21.0,"gold_loss":0.0,"damage_taken":21.0},{"damage_healed":0.0,"max_hp_gain":0.0,"max_hp_loss":0.0,"gold_gain":0.0,"event_name":"Back to Basics","player_choice":"Simplicity","floor":22.0,"gold_loss":0.0,"damage_taken":0.0,"cards_upgraded":["Strike_R","Strike_R","Defend_R","Defend_R","Defend_R","Defend_R"]}],"is_beta":false,"boss_relics":[{"not_picked":["Busted Crown","Pandora\u0027s Box"],"picked":"Black Star"}],"items_purged_floors":[2,20],"is_endless":false,"potions_floor_spawned":[1,6,8,10,12,24,29,30],"killed_by":"Automaton","ascension_level":20}