{"gold_per_floor":[110,130,150,170,229,261,261,289,289,321,334,334,334,347,347,418,418,431,230,242,13,13,75,75,151,203,128,128,128,140,165,165,236,236,247,95,111,71,71,71],"floor_reached":40,"playtime":1838,"items_purged":["Decay","Strike_R"],"score":754,"play_id":"e262f3d9-5cfb-4bbc-b625-f7207c774baa","local_time":"20190111150543","is_ascension_mode":true,"campfire_choices":[{"data":"Bash","floor":7,"key":"SMITH"},{"floor":12,"key":"REST"},{"data":"Uppercut","floor":15,"key":"SMITH"},{"data":"Flame Barrier","floor":29,"key":"SMITH"},{"data":"Demon Form","floor":32,"key":"SMITH"}],"neow_cost":"NONE","seed_source_timestamp":63240524281038,"circlet_count":0,"master_deck":["AscendersBane","Strike_R","Strike_R","Strike_R","Strike_R","Defend_R","Defend_R","Defend_R","Defend_R","Bash+1","Shrug It Off","Carnage","Anger","Uppercut+1","Demon Form+1","Warcry","Shrug It Off","Flame Barrier+1","Metallicize","Shockwave","Offering","Armaments","Flame Barrier"],"relics":["Burning Blood","Bird Faced Urn","Happy Flower","Mummified Hand","Calipers","Shuriken","Snecko Eye","Bronze Scales","Pen Nib","MutagenicStrength","Tiny Chest","Question Card","Potion Belt","Strawberry","Sozu"],"potions_floor_usage":[10,31],"damage_taken":[{"damage":1,"enemies":"Cultist","floor":1,"turns":3},{"damage":1,"enemies":"2 Louse","floor":2,"turns":3},{"damage":5,"enemies":"Small Slimes","floor":3,"turns":4},{"damage":10,"enemies":"Red Slaver","floor":4,"turns":3},{"damage":36,"enemies":"Gremlin Nob","floor":6,"turns":5},{"damage":37,"enemies":"3 Sentries","floor":8,"turns":10},{"damage":22,"enemies":"Gremlin Nob","floor":10,"turns":4},{"damage":0,"enemies":"Exordium Wildlife","floor":11,"turns":4},{"damage":6,"enemies":"Looter","floor":14,"turns":2},{"damage":40,"enemies":"The Guardian","floor":16,"turns":16},{"damage":12,"enemies":"2 Thieves","floor":18,"turns":3},{"damage":5,"enemies":"Shell Parasite","floor":20,"turns":3},{"damage":17,"enemies":"Slavers","floor":23,"turns":5},{"damage":26,"enemies":"Colosseum Slavers","floor":28,"turns":3},{"damage":0,"enemies":"Centurion and Healer","floor":30,"turns":5},{"damage":2,"enemies":"Book of Stabbing","floor":31,"turns":4},{"damage":48,"enemies":"Automaton","floor":33,"turns":7},{"damage":0,"enemies":"3 Shapes","floor":35,"turns":4},{"damage":25,"enemies":"3 Darklings","floor":37,"turns":5},{"damage":82,"enemies":"Nemesis","floor":40,"turns":8}],"seed_played":"-7945994453531174567","potions_obtained":[{"floor":4,"key":"PowerPotion"},{"floor":8,"key":"Strength Potion"},{"floor":16,"key":"Ancient Potion"},{"floor":23,"key":"PowerPotion"},{"floor":31,"key":"Regen Potion"},{"floor":33,"key":"Explosive Potion"}],"is_trial":false,"path_per_floor":["M","M","M","M","?","E","R","E","T","E","M","R","?","M","R","B",null,"M","$","M","$","?","E","?","T","T","$","?","R","M","E","R","B",null,"M","$","M","$","?","E"],"character_chosen":"IRONCLAD","items_purchased":["Shrug It Off","Bronze Scales","Metallicize","Pen Nib","Armaments","Flame Barrier"],"campfire_rested":1,"item_purchase_floors":[19,19,21,21,36,38],"current_hp_per_floor":[85,88,88,84,84,54,54,23,23,9,15,41,41,41,41,7,68,64,64,67,67,67,58,58,58,58,58,40,40,50,67,67,29,79,89,89,74,74,74,0],"gold":71,"neow_bonus":"TEN_PERCENT_HP_BONUS","is_prod":false,"is_daily":false,"chose_seed":false,"campfire_upgraded":4,"win_rate":0,"timestamp":1547237143,"path_taken":["M","?","M","M","?","E","R","E","T","E","M","R","?","?","R","BOSS","M","$","M","$","?","E","?","?","T","$","?","R","M","E","R","BOSS","M","$","M","$","?","E"],"build_version":"2019-01-10","purchased_purges":2,"victory":false,"max_hp_per_floor":[88,88,88,88,88,88,88,88,88,88,88,88,88,88,88,88,88,88,88,88,88,88,88,88,88,88,88,88,88,88,95,95,95,95,95,95,95,95,95,95],"card_choices":[{"not_picked":["Rage","Clash"],"picked":"Shrug It Off","floor":1},{"not_picked":["Bloodletting","Flex"],"picked":"Carnage","floor":2},{"not_picked":["Rupture","Sever Soul"],"picked":"Anger","floor":3},{"not_picked":["True Grit","Perfected Strike","Berserk"],"picked":"SKIP","floor":4},{"not_picked":["Havoc","Reckless Charge","Searing Blow"],"picked":"SKIP","floor":6},{"not_picked":["Brutality","Second Wind","Pommel Strike"],"picked":"SKIP","floor":8},{"not_picked":["Iron Wave","Intimidate","Perfected Strike"],"picked":"SKIP","floor":10},{"not_picked":["Burning Pact","Searing Blow","Pommel Strike"],"picked":"SKIP","floor":11},{"not_picked":["Iron Wave","Anger"],"picked":"Uppercut","floor":14},{"not_picked":["Impervious","Bludgeon"],"picked":"Demon Form","floor":16},{"not_picked":["Combust","Wild Strike"],"picked":"Warcry","floor":18},{"not_picked":["Clothesline","Battle Trance+1"],"picked":"Flame Barrier","floor":20},{"not_picked":["Second Wind+1","Body Slam"],"picked":"Sword Boomerang","floor":23},{"not_picked":["Sentinel","Sever Soul","Ghostly Armor+1"],"picked":"Shockwave","floor":30},{"not_picked":["Heavy Blade","Pommel Strike","Inflame","Blood for Blood"],"picked":"SKIP","floor":31},{"not_picked":["Fiend Fire","Bludgeon","Double Tap"],"picked":"Offering","floor":33},{"not_picked":["Wild Strike","Carnage+1","Clash","Inflame+1"],"picked":"SKIP","floor":35},{"not_picked":["Pommel Strike","Warcry","Body Slam","Sentinel"],"picked":"SKIP","floor":37}],"player_experience":364334,"relics_obtained":[{"floor":6,"key":"Bird Faced Urn"},{"floor":8,"key":"Happy Flower"},{"floor":9,"key":"Mummified Hand"},{"floor":10,"key":"Calipers"},{"floor":23,"key":"Tiny Chest"},{"floor":25,"key":"Question Card"},{"floor":26,"key":"Potion Belt"},{"floor":31,"key":"Strawberry"}],"event_choices":[{"damage_healed":0,"gold_gain":59,"player_choice":"Gained Gold","damage_taken":0,"max_hp_gain":0,"max_hp_loss":0,"event_name":"Golden Wing","floor":5,"gold_loss":0},{"damage_healed":0,"gold_gain":0,"player_choice":"Gave Potion","damage_taken":0,"relics_obtained":["Shuriken"],"max_hp_gain":0,"max_hp_loss":0,"event_name":"WeMeetAgain","floor":13,"gold_loss":0},{"damage_healed":0,"gold_gain":0,"player_choice":"Inject Mutagens","damage_taken":0,"relics_obtained":["MutagenicStrength"],"max_hp_gain":0,"max_hp_loss":0,"event_name":"Drug Dealer","floor":22,"gold_loss":0},{"damage_healed":0,"gold_gain":0,"player_choice":"Smashed Altar","damage_taken":0,"max_hp_gain":0,"max_hp_loss":0,"event_name":"Forgotten Altar","floor":24,"gold_loss":0,"cards_obtained":["Decay"]},{"damage_healed":0,"gold_gain":0,"player_choice":"Fight","damage_taken":0,"max_hp_gain":0,"max_hp_loss":0,"event_name":"Colosseum","floor":28,"gold_loss":0},{"damage_healed":0,"gold_gain":0,"player_choice":"Fled From Nobs","damage_taken":0,"max_hp_gain":0,"max_hp_loss":0,"event_name":"Colosseum","floor":28,"gold_loss":0},{"cards_removed":["Sword Boomerang"],"damage_healed":0,"gold_gain":0,"player_choice":"Removed Attack","damage_taken":0,"max_hp_gain":0,"max_hp_loss":0,"event_name":"Falling","floor":39,"gold_loss":0}],"is_beta":false,"boss_relics":[{"not_picked":["Busted Crown","Ectoplasm"],"picked":"Snecko Eye"},{"not_picked":["Tiny House","Calling Bell"],"picked":"Sozu"}],"items_purged_floors":[27,36],"is_endless":false,"potions_floor_spawned":[1,3,4,8,16,23,28,31,33],"killed_by":"Nemesis","ascension_level":13}