{"gold_per_floor":[116,132,151,167,185,216,226,226,295,312,312],"floor_reached":11,"playtime":964,"items_purged":[],"score":83,"play_id":"cff0af39-d2ed-4830-9cdc-3d9773c680ad","local_time":"20190427232733","is_ascension_mode":true,"campfire_choices":[{"floor":8,"key":"REST"}],"neow_cost":"NONE","seed_source_timestamp":1155962899319510,"circlet_count":0,"master_deck":["Strike_R","Strike_R","Strike_R","Strike_R","Strike_R","Defend_R","Defend_R","Defend_R","Defend_R","Bash","Clothesline","Searing Blow","Uppercut","Headbutt","Wild Strike","Dual Wield","Infernal Blade","Burning Pact","Shrug It Off","Clothesline","Dark Embrace","Seeing Red"],"relics":["Orrery","Pen Nib","Matryoshka"],"potions_floor_usage":[11],"damage_taken":[{"damage":6,"enemies":"Small Slimes","floor":1,"turns":3},{"damage":11,"enemies":"2 Louse","floor":2,"turns":3},{"damage":0,"enemies":"Cultist","floor":3,"turns":2},{"damage":7,"enemies":"2 Fungi Beasts","floor":4,"turns":3},{"damage":11,"enemies":"3 Louse","floor":5,"turns":4},{"damage":24,"enemies":"Gremlin Nob","floor":6,"turns":4},{"damage":0,"enemies":"Exordium Wildlife","floor":7,"turns":1},{"damage":10,"enemies":"Large Slime","floor":10,"turns":5},{"damage":37,"enemies":"Lagavulin","floor":11,"turns":5}],"seed_played":"-703610256933168700","potions_obtained":[{"floor":5,"key":"Dexterity Potion"},{"floor":6,"key":"Swift Potion"},{"floor":10,"key":"PowerPotion"}],"is_trial":false,"path_per_floor":["M","M","M","M","M","E","M","R","T","M","E"],"character_chosen":"IRONCLAD","items_purchased":[],"campfire_rested":1,"item_purchase_floors":[],"current_hp_per_floor":[74,63,63,56,45,21,21,45,45,35,0],"gold":312,"neow_bonus":"BOSS_RELIC","is_prod":false,"is_daily":false,"chose_seed":false,"campfire_upgraded":0,"win_rate":0,"timestamp":1556422053,"path_taken":["M","M","M","M","M","E","M","R","T","M","E"],"build_version":"2019-01-23","purchased_purges":0,"victory":false,"max_hp_per_floor":[80,80,80,80,80,80,80,80,80,80,80],"card_choices":[{"not_picked":["Havoc","Iron Wave"],"picked":"Clothesline","floor":0},{"not_picked":["Anger","Hemokinesis"],"picked":"Searing Blow","floor":0},{"not_picked":["Spot Weakness","Bloodletting"],"picked":"Uppercut","floor":0},{"not_picked":["Flex","Combust"],"picked":"Headbutt","floor":0},{"not_picked":["Intimidate","Disarm"],"picked":"Wild Strike","floor":0},{"not_picked":["Disarm","Anger"],"picked":"Dual Wield","floor":1},{"not_picked":["Cleave","Disarm"],"picked":"Infernal Blade","floor":2},{"not_picked":["Fire Breathing","Thunderclap"],"picked":"Burning Pact","floor":3},{"not_picked":["True Grit","Metallicize"],"picked":"Shrug It Off","floor":4},{"not_picked":["Headbutt","True Grit"],"picked":"Clothesline","floor":5},{"not_picked":["Anger","Iron Wave"],"picked":"Dark Embrace","floor":6},{"not_picked":["Rage","Hemokinesis","Body Slam"],"picked":"SKIP","floor":7},{"not_picked":["Clothesline","Clash"],"picked":"Seeing Red","floor":10}],"player_experience":137074,"relics_obtained":[{"floor":6,"key":"Pen Nib"},{"floor":9,"key":"Matryoshka"}],"event_choices":[],"is_beta":false,"boss_relics":[],"items_purged_floors":[],"is_endless":false,"potions_floor_spawned":[5,6,10],"killed_by":"Lagavulin","ascension_level":1}