{"gold_per_floor":[109,21,32,83,83,83,117,117,140,166,38,38,62,79,79,151,151,161,161,161,161,175,175,175,98,155,80,98,117,117,127,127,127],"floor_reached":33,"playtime":1450,"items_purged":["Strike_G"],"score":439,"play_id":"f9fd0bd5-a06e-4087-aaec-825372a925b2","local_time":"20190312232951","is_ascension_mode":true,"campfire_choices":[{"data":"Poisoned Stab","floor":6,"key":"SMITH"},{"data":"Bane","floor":8,"key":"SMITH"},{"data":"Noxious Fumes","floor":15,"key":"SMITH"},{"data":"Acrobatics","floor":23,"key":"SMITH"},{"floor":30,"key":"REST"},{"floor":32,"key":"REST"}],"neow_cost":"NONE","seed_source_timestamp":892003703164893,"circlet_count":0,"master_deck":["AscendersBane","Defend_G","Defend_G+1","Defend_G","Defend_G","Defend_G+1","Survivor","Neutralize","Quick Slash","Poisoned Stab+1","Noxious Fumes+1","Finisher","Bane+1","Dagger Spray","Cloak And Dagger","Parasite","Deflect","Adrenaline+1","Underhanded Strike+1","Envenom+1","Prepared+1","Acrobatics+1","Decay","Backflip","Bite","Bite","Bite","Bite","Bite","Well Laid Plans","Leg Sweep","Dodge and Roll","Deflect+1","Deadly Poison"],"relics":["Ring of the Snake","Gambling Chip","Boot","Bag of Preparation","War Paint","Astrolabe","Tiny Chest"],"potions_floor_usage":[10,16,33,33],"damage_taken":[{"damage":1,"enemies":"Cultist","floor":1,"turns":5},{"damage":1,"enemies":"2 Louse","floor":3,"turns":3},{"damage":33,"enemies":"3 Sentries","floor":7,"turns":10},{"damage":30,"enemies":"Lagavulin","floor":10,"turns":5},{"damage":5,"enemies":"Jaw Worm","floor":14,"turns":3},{"damage":5,"enemies":"The Guardian","floor":16,"turns":10},{"damage":13,"enemies":"Spheric Guardian","floor":18,"turns":4},{"damage":7,"enemies":"Shell Parasite","floor":22,"turns":4},{"damage":25,"enemies":"Cultist and Chosen","floor":28,"turns":8},{"damage":21,"enemies":"Snake Plant","floor":29,"turns":4},{"damage":19,"enemies":"3 Cultists","floor":31,"turns":5},{"damage":51,"enemies":"Champ","floor":33,"turns":10}],"seed_played":"1594720807306952224","potions_obtained":[{"floor":0,"key":"Regen Potion"},{"floor":0,"key":"FearPotion"},{"floor":28,"key":"EssenceOfSteel"},{"floor":29,"key":"Dexterity Potion"}],"is_trial":false,"path_per_floor":["M","$","M","T","?","R","E","R","T","E","$","?","T","M","R","B",null,"M","?","?","?","M","R","?","$","T","$","M","M","R","M","R","B"],"character_chosen":"THE_SILENT","items_purchased":["Poisoned Stab","Noxious Fumes","Cloak And Dagger","Well Laid Plans","Leg Sweep"],"campfire_rested":2,"item_purchase_floors":[2,2,11,25,27],"current_hp_per_floor":[62,62,61,61,61,61,30,30,30,2,2,19,19,16,16,28,60,49,49,49,49,44,44,44,44,44,44,27,10,31,14,35,0],"gold":127,"neow_bonus":"THREE_SMALL_POTIONS","is_prod":false,"is_daily":false,"chose_seed":false,"campfire_upgraded":4,"win_rate":0,"timestamp":1552447791,"path_taken":["M","$","M","?","?","R","E","R","T","E","?","?","?","M","R","BOSS","M","?","?","?","?","R","?","$","T","?","M","?","R","M","R","BOSS"],"build_version":"2019-01-23","purchased_purges":1,"victory":false,"max_hp_per_floor":[70,70,70,70,70,70,70,70,70,70,70,70,70,70,70,70,70,70,70,70,70,70,70,70,70,70,70,70,70,70,70,70,70],"card_choices":[{"not_picked":["Prepared","Deflect"],"picked":"Quick Slash","floor":1},{"not_picked":["Prepared","Dodge and Roll"],"picked":"Finisher","floor":3},{"not_picked":["Storm of Steel","Blade Dance"],"picked":"Bane","floor":7},{"not_picked":["Riddle With Holes","Quick Slash"],"picked":"Dagger Spray","floor":10},{"not_picked":["Bane","Endless Agony"],"picked":"Deflect","floor":14},{"not_picked":["Glass Knife","Doppelganger"],"picked":"Adrenaline","floor":16},{"not_picked":["Prepared","Sucker Punch"],"picked":"Acrobatics","floor":18},{"not_picked":["Sucker Punch","Dagger Throw+1"],"picked":"Backflip","floor":22},{"not_picked":["Riddle With Holes","Heel Hook"],"picked":"Dodge and Roll","floor":28},{"not_picked":["Expertise","Flying Knee+1"],"picked":"Deflect+1","floor":29},{"not_picked":["Calculated Gamble","Poisoned Stab"],"picked":"Deadly Poison","floor":31}],"player_experience":476041,"relics_obtained":[{"floor":4,"key":"Blood Vial"},{"floor":7,"key":"Gambling Chip"},{"floor":9,"key":"Boot"},{"floor":10,"key":"Bag of Preparation"},{"floor":13,"key":"War Paint"},{"floor":26,"key":"Tiny Chest"}],"event_choices":[{"damage_healed":0,"gold_gain":0,"player_choice":"Ignored","damage_taken":0,"max_hp_gain":0,"max_hp_loss":0,"event_name":"Liars Game","floor":5,"gold_loss":0},{"damage_healed":17,"gold_gain":0,"player_choice":"Healed and dodged fight","damage_taken":0,"max_hp_gain":0,"max_hp_loss":0,"event_name":"Mushrooms","floor":12,"gold_loss":0,"cards_obtained":["Parasite"]},{"damage_healed":0,"gold_gain":0,"player_choice":"Smashed Altar","damage_taken":0,"max_hp_gain":0,"max_hp_loss":0,"event_name":"Forgotten Altar","floor":19,"gold_loss":0,"cards_obtained":["Decay"]},{"damage_healed":0,"gold_gain":0,"player_choice":"Ignored","damage_taken":0,"max_hp_gain":0,"max_hp_loss":0,"event_name":"The Mausoleum","floor":20,"gold_loss":0},{"damage_healed":0,"gold_gain":0,"player_choice":"Upgraded","damage_taken":0,"max_hp_gain":0,"max_hp_loss":0,"event_name":"Upgrade Shrine","floor":21,"gold_loss":0,"cards_upgraded":["Adrenaline"]},{"damage_healed":0,"gold_gain":0,"player_choice":"Became a vampire (Vial)","damage_taken":0,"max_hp_gain":0,"max_hp_loss":0,"event_name":"Vampires","floor":24,"relics_lost":["Blood Vial"],"gold_loss":0,"cards_obtained":["Bite","Bite","Bite","Bite","Bite"]}],"is_beta":false,"boss_relics":[{"not_picked":["Calling Bell","Empty Cage"],"picked":"Astrolabe"}],"items_purged_floors":[11],"is_endless":false,"potions_floor_spawned":[1,7,28,29],"killed_by":"Champ","ascension_level":13}