{"gold_per_floor":[113,125,125,135,135,161,172,233,260,294,310,326,28,63,63,166,166,176,189,208,53,63,90,90,120,120,120,133,133,48,58,58,158,158,172,172,172,191,2,2,2,2,2,21,21,41,41,60,60,60],"floor_reached":51,"playtime":2939,"items_purged":[],"score":936,"play_id":"c27f0faf-4761-46c1-9a56-34c67362b63b","local_time":"20181122095124","is_ascension_mode":true,"campfire_choices":[{"data":"Demon Form","floor":15,"key":"SMITH"},{"data":"Corruption","floor":24,"key":"SMITH"},{"data":"Dark Embrace","floor":27,"key":"SMITH"},{"floor":29,"key":"REST"},{"floor":32,"key":"REST"},{"data":"Body Slam","floor":40,"key":"SMITH"},{"data":"Entrench","floor":42,"key":"SMITH"},{"data":"Havoc","floor":45,"key":"SMITH"},{"data":"Warcry","floor":47,"key":"SMITH"},{"data":"Armaments","floor":49,"key":"SMITH"}],"neow_cost":"NONE","seed_source_timestamp":104435833867662,"circlet_count":0,"master_deck":["Strike_R","Strike_R","Strike_R","Strike_R","Strike_R","Defend_R","Defend_R","Defend_R","Defend_R","Bash","Cleave","Shockwave","Headbutt","Carnage","Armaments+1","Demon Form+1","Disarm","Corruption+1","Heavy Blade","Dark Embrace+1","Shrug It Off","Disarm","Warcry+1","Clothesline+1","Burning Pact+1","True Grit","Havoc+1","Armaments+1","Impervious","Body Slam+1","Entrench+1","Shrug It Off+1","Seeing Red+1"],"relics":["Burning Blood","Pen Nib","Smiling Mask","Orichalcum","Red Skull","Bag of Marbles","Bottled Flame","Champion Belt","Blood Vial","Cursed Key","Omamori","Dead Branch","Ginger","Incense Burner","Strawberry","Coffee Dripper","Anchor","Ancient Tea Set"],"potions_floor_usage":[8,16,25,25],"damage_taken":[{"damage":0,"enemies":"Small Slimes","floor":1,"turns":3},{"damage":2,"enemies":"2 Louse","floor":2,"turns":3},{"damage":5,"enemies":"Jaw Worm","floor":4,"turns":4},{"damage":12,"enemies":"Gremlin Nob","floor":6,"turns":3},{"damage":9,"enemies":"Lots of Slimes","floor":7,"turns":3},{"damage":16,"enemies":"Lagavulin Event","floor":8,"turns":5},{"damage":12,"enemies":"3 Sentries","floor":10,"turns":4},{"damage":12,"enemies":"Large Slime","floor":11,"turns":2},{"damage":8,"enemies":"Blue Slaver","floor":12,"turns":2},{"damage":6,"enemies":"Gremlin Nob","floor":14,"turns":3},{"damage":7,"enemies":"Slime Boss","floor":16,"turns":7},{"damage":5,"enemies":"Chosen","floor":18,"turns":4},{"damage":5,"enemies":"Spheric Guardian","floor":19,"turns":3},{"damage":15,"enemies":"Centurion and Healer","floor":20,"turns":6},{"damage":5,"enemies":"Snecko","floor":22,"turns":3},{"damage":30,"enemies":"Book of Stabbing","floor":23,"turns":5},{"damage":29,"enemies":"Slavers","floor":25,"turns":6},{"damage":9,"enemies":"3 Cultists","floor":28,"turns":5},{"damage":5,"enemies":"Snake Plant","floor":31,"turns":3},{"damage":24,"enemies":"Automaton","floor":33,"turns":6},{"damage":12,"enemies":"3 Darklings","floor":35,"turns":4},{"damage":34,"enemies":"3 Shapes","floor":38,"turns":3},{"damage":0,"enemies":"Maw","floor":44,"turns":5},{"damage":16,"enemies":"Spire Growth","floor":46,"turns":5},{"damage":0,"enemies":"3 Darklings","floor":48,"turns":3},{"damage":13,"enemies":"Awakened One","floor":50,"turns":6}],"seed_played":"1375070432562726753","potions_obtained":[{"floor":1,"key":"Fire Potion"},{"floor":2,"key":"SpeedPotion"},{"floor":4,"key":"Energy Potion"},{"floor":7,"key":"PowerPotion"},{"floor":8,"key":"EssenceOfSteel"},{"floor":20,"key":"Strength Potion"},{"floor":28,"key":"PowerPotion"},{"floor":38,"key":"Block Potion"}],"is_trial":false,"path_per_floor":["M","M","?","M","?","E","M","?","T","E","M","M","$","E","R","B",null,"M","M","M","$","M","E","R","E","T","R","M","R","?","M","R","B",null,"M","?","?","M","$","R","$","R","T","M","R","M","R","M","R","B",null],"character_chosen":"IRONCLAD","items_purchased":["Champion Belt","Omamori","Anchor","Entrench"],"campfire_rested":2,"item_purchase_floors":[13,21,39,39],"current_hp_per_floor":[80,80,80,80,73,67,64,54,54,48,42,40,40,40,40,41,80,80,80,71,71,74,52,52,31,31,31,30,54,61,64,87,69,87,81,81,81,55,55,55,55,55,55,63,63,55,55,63,63,58],"gold":60,"neow_bonus":"RANDOM_COMMON_RELIC","is_prod":false,"is_daily":false,"chose_seed":false,"campfire_upgraded":8,"win_rate":0,"timestamp":1542898284,"path_taken":["M","M","?","M","?","E","M","?","T","E","M","M","?","E","R","BOSS","M","?","M","$","M","E","R","E","T","R","M","R","?","M","R","BOSS","M","?","?","M","$","R","$","R","T","?","R","M","R","M","R","BOSS"],"build_version":"2018-11-15","purchased_purges":0,"victory":true,"max_hp_per_floor":[80,80,80,80,80,80,80,80,80,80,80,80,80,80,80,80,80,80,80,80,80,80,80,80,80,80,80,80,80,87,87,87,87,87,87,83,83,83,83,83,83,83,83,83,83,83,83,83,83,83],"card_choices":[{"not_picked":["Rupture","Pummel"],"picked":"Cleave","floor":1},{"not_picked":["Perfected Strike","Heavy Blade"],"picked":"Shockwave","floor":2},{"not_picked":["Wild Strike","Thunderclap"],"picked":"Headbutt","floor":4},{"not_picked":["Thunderclap","Wild Strike"],"picked":"Carnage","floor":6},{"not_picked":["Metallicize","Iron Wave"],"picked":"Armaments","floor":7},{"not_picked":["Uppercut","Dual Wield"],"picked":"Demon Form","floor":8},{"not_picked":["Body Slam","Cleave"],"picked":"Disarm","floor":10},{"not_picked":["Blood for Blood","Wild Strike","Sentinel"],"picked":"SKIP","floor":11},{"not_picked":["Flex","Carnage"],"picked":"Corruption","floor":12},{"not_picked":["Double Tap","Searing Blow"],"picked":"Heavy Blade","floor":14},{"not_picked":["Immolate","Impervious"],"picked":"Dark Embrace","floor":16},{"not_picked":["Armaments+1","Evolve"],"picked":"Shrug It Off","floor":18},{"not_picked":["Shockwave+1","Sentinel"],"picked":"Disarm","floor":19},{"not_picked":["True Grit","Combust"],"picked":"Warcry","floor":20},{"not_picked":["Feed","Reckless Charge"],"picked":"Clothesline+1","floor":22},{"not_picked":["Power Through","Flame Barrier+1"],"picked":"Burning Pact+1","floor":23},{"not_picked":["Sword Boomerang","Perfected Strike"],"picked":"True Grit","floor":25},{"not_picked":["Heavy Blade","Flex"],"picked":"Havoc","floor":28},{"not_picked":["Wild Strike+1","Cleave"],"picked":"Armaments+1","floor":31},{"not_picked":["Berserk","Barricade"],"picked":"Impervious","floor":33},{"not_picked":["Fire Breathing+1","Searing Blow+1"],"picked":"Body Slam","floor":35},{"not_picked":["Sword Boomerang+1","Perfected Strike+1","Corruption+1"],"picked":"SKIP","floor":38},{"not_picked":["Flex","Hemokinesis+1"],"picked":"Shrug It Off+1","floor":44},{"not_picked":["Thunderclap+1","Rampage+1","Shockwave"],"picked":"SKIP","floor":46},{"not_picked":["Battle Trance+1","Pummel+1"],"picked":"Seeing Red+1","floor":48}],"player_experience":202362,"relics_obtained":[{"floor":6,"key":"Orichalcum"},{"floor":8,"key":"Red Skull"},{"floor":9,"key":"Bag of Marbles"},{"floor":10,"key":"Bottled Flame"},{"floor":14,"key":"Blood Vial"},{"floor":23,"key":"Dead Branch"},{"floor":25,"key":"Ginger"},{"floor":26,"key":"Incense Burner"},{"floor":43,"key":"Ancient Tea Set"}],"event_choices":[{"damage_healed":0,"gold_gain":0,"player_choice":"Ignored","damage_taken":0,"max_hp_gain":0,"max_hp_loss":0,"event_name":"Golden Wing","floor":3,"gold_loss":0},{"damage_healed":0,"gold_gain":0,"player_choice":"Success","damage_taken":7,"relics_obtained":["Smiling Mask"],"max_hp_gain":0,"max_hp_loss":0,"event_name":"Scrap Ooze","floor":5,"gold_loss":0},{"damage_healed":0,"gold_gain":30,"player_choice":"Searched \u00272\u0027 times","damage_taken":0,"max_hp_gain":0,"max_hp_loss":0,"event_name":"Dead Adventurer","floor":8,"gold_loss":0},{"damage_healed":0,"gold_gain":0,"player_choice":"Obtained Relic","damage_taken":0,"relics_obtained":["Strawberry"],"max_hp_gain":0,"max_hp_loss":0,"event_name":"Addict","floor":30,"gold_loss":85},{"damage_healed":0,"gold_gain":0,"player_choice":"Max HP","damage_taken":0,"max_hp_gain":0,"max_hp_loss":4,"event_name":"Winding Halls","floor":36,"gold_loss":0},{"damage_healed":0,"gold_gain":0,"player_choice":"0 cards matched","damage_taken":0,"max_hp_gain":0,"max_hp_loss":0,"event_name":"Match and Keep!","floor":37,"gold_loss":0,"cards_obtained":[]}],"is_beta":false,"boss_relics":[{"not_picked":["Runic Dome","Runic Pyramid"],"picked":"Cursed Key"},{"not_picked":["Black Blood","Astrolabe"],"picked":"Coffee Dripper"}],"items_purged_floors":[],"is_endless":false,"potions_floor_spawned":[1,2,4,7,8,20,23,28,38,48],"ascension_level":4}