{"gold_per_floor":[119,132,132,152,152,193,193,218,241,281,300,300,321,341,341,462,462,477,477],"floor_reached":19,"playtime":753,"items_purged":[],"score":181,"play_id":"d426e3bf-8fa4-4899-ba2f-92dd1f0d10a2","local_time":"20190518110921","is_ascension_mode":false,"campfire_choices":[{"floor":12,"key":"REST"},{"data":"Zap","floor":15,"key":"SMITH"}],"neow_cost":"NONE","seed_source_timestamp":211865363673984,"circlet_count":0,"master_deck":["Strike_B","Strike_B","Strike_B","Strike_B","Defend_B","Defend_B","Defend_B","Defend_B","Zap+1","Dualcast","Conserve Battery","Steam Power","Gash","Coolheaded","Reboot","FTL","Ball Lightning","BootSequence","Conserve Battery","Thunder Strike","White Noise"],"relics":["Cracked Core","NeowsBlessing","Golden Idol","Centennial Puzzle","Art of War","Bag of Marbles","Inserter"],"potions_floor_usage":[6,10,16],"damage_taken":[{"damage":0,"enemies":"2 Louse","floor":1,"turns":1},{"damage":0,"enemies":"Cultist","floor":2,"turns":1},{"damage":0,"enemies":"Jaw Worm","floor":4,"turns":1},{"damage":34,"enemies":"Gremlin Nob","floor":6,"turns":4},{"damage":5,"enemies":"Blue Slaver","floor":8,"turns":3},{"damage":12,"enemies":"3 Sentries","floor":10,"turns":6},{"damage":4,"enemies":"Red Slaver","floor":11,"turns":3},{"damage":6,"enemies":"2 Fungi Beasts","floor":13,"turns":3},{"damage":0,"enemies":"3 Louse","floor":14,"turns":2},{"damage":11,"enemies":"Hexaghost","floor":16,"turns":10},{"damage":0,"enemies":"Chosen","floor":18,"turns":4},{"damage":16,"enemies":"Colosseum Slavers","floor":19,"turns":4},{"damage":64,"enemies":"Colosseum Nobs","floor":19,"turns":4}],"seed_played":"-1531068868084860690","potions_obtained":[{"floor":1,"key":"Ancient Potion"},{"floor":6,"key":"SpeedPotion"},{"floor":8,"key":"AttackPotion"},{"floor":10,"key":"FearPotion"},{"floor":16,"key":"SpeedPotion"}],"is_trial":false,"path_per_floor":["M","M","?","M","?","E","?","M","T","E","M","R","M","M","R","B",null,"M","?"],"character_chosen":"DEFECT","items_purchased":[],"campfire_rested":1,"item_purchase_floors":[],"current_hp_per_floor":[75,75,57,57,62,28,28,23,23,11,7,31,25,25,25,14,80,80,0],"gold":477,"neow_bonus":"THREE_ENEMY_KILL","is_prod":false,"is_daily":false,"chose_seed":false,"campfire_upgraded":1,"win_rate":0,"timestamp":1558145361,"path_taken":["M","M","?","M","?","E","?","M","T","E","M","R","?","M","R","BOSS","M","?"],"build_version":"2019-01-23","purchased_purges":0,"victory":false,"max_hp_per_floor":[75,75,75,75,80,80,80,80,80,80,80,80,80,80,80,80,80,80,80],"card_choices":[{"not_picked":["Stack","Streamline"],"picked":"Conserve Battery","floor":1},{"not_picked":["Gash","Blizzard"],"picked":"Steam Power","floor":2},{"not_picked":["Darkness","Sunder"],"picked":"Gash","floor":4},{"not_picked":["Compile Driver","Chaos"],"picked":"Coolheaded","floor":6},{"not_picked":["Double Energy","Coolheaded"],"picked":"Reboot","floor":8},{"not_picked":["Aggregate","Machine Learning"],"picked":"FTL","floor":10},{"not_picked":["Turbo","Go for the Eyes"],"picked":"Ball Lightning","floor":11},{"not_picked":["Compile Driver","Coolheaded"],"picked":"BootSequence","floor":13},{"not_picked":["Capacitor","Compile Driver"],"picked":"Conserve Battery","floor":14},{"not_picked":["Multi-Cast","Biased Cognition"],"picked":"Thunder Strike","floor":16},{"not_picked":["Gash","Go for the Eyes"],"picked":"White Noise","floor":18}],"player_experience":375437,"relics_obtained":[{"floor":6,"key":"Centennial Puzzle"},{"floor":9,"key":"Art of War"},{"floor":10,"key":"Bag of Marbles"}],"event_choices":[{"damage_healed":0,"gold_gain":0,"player_choice":"Take Damage","damage_taken":18,"relics_obtained":["Golden Idol"],"max_hp_gain":0,"max_hp_loss":0,"event_name":"Golden Idol","floor":3,"gold_loss":0},{"damage_healed":0,"gold_gain":0,"player_choice":"Donut","damage_taken":0,"max_hp_gain":5,"max_hp_loss":0,"event_name":"Big Fish","floor":5,"gold_loss":0},{"damage_healed":0,"gold_gain":0,"player_choice":"Bought 0 Potions","damage_taken":0,"max_hp_gain":0,"max_hp_loss":0,"event_name":"The Woman in Blue","floor":7,"gold_loss":0},{"damage_healed":0,"gold_gain":0,"player_choice":"Fight","damage_taken":0,"max_hp_gain":0,"max_hp_loss":0,"event_name":"Colosseum","floor":19,"gold_loss":0},{"damage_healed":0,"gold_gain":0,"player_choice":"Fought Nobs","damage_taken":0,"max_hp_gain":0,"max_hp_loss":0,"event_name":"Colosseum","floor":19,"gold_loss":0}],"is_beta":false,"boss_relics":[{"not_picked":["Busted Crown","Ectoplasm"],"picked":"Inserter"}],"items_purged_floors":[],"is_endless":false,"potions_floor_spawned":[1,6,8,10,16],"killed_by":"Colosseum Nobs","ascension_level":0}