{"gold_per_floor":[19,39,51,51,51,86,102,118,168,168,181,197,197,207,207,283,283,294,52,71,86,99,99,109,109,134,134,145,145,160,6,6,79,79,95,1094,1114,1114,1114],"floor_reached":39,"playtime":3237,"items_purged":[],"score":736,"play_id":"116b1d92-db26-41c2-b687-7c7794a3e70c","local_time":"20190301195022","is_ascension_mode":true,"campfire_choices":[{"floor":10.0,"key":"REST"},{"floor":15.0,"key":"REST"},{"floor":23,"key":"REST"},{"floor":27,"key":"REST"},{"data":"Apotheosis","floor":32,"key":"SMITH"}],"neow_cost":"NO_GOLD","seed_source_timestamp":107673512753762,"circlet_count":0,"master_deck":["AscendersBane","Defend_B+1","Defend_B+1","Defend_B+1","Zap","Dualcast","Ball Lightning","Doom and Gloom+1","Static Discharge+1","Auto Shields","Capacitor","Glacier","Static Discharge","Tempest+1","Conserve Battery","Leap","Machine Learning","Leap","BootSequence","Defragment","Barrage","Self Repair+1","Apotheosis+1","Defragment","Leap+1","Storm","Steam","Conserve Battery+1","All For One","BootSequence+1","Thunder Strike","Normality","Normality","Leap","Madness"],"special_seed":0,"relics":["Cracked Core","Orichalcum","Whetstone","Orrery","Boot","War Paint","Philosopher\u0027s Stone"],"potions_floor_usage":[22,28,33,35,39],"damage_taken":[{"damage":2.0,"enemies":"2 Louse","floor":1.0,"turns":2.0},{"damage":7.0,"enemies":"Jaw Worm","floor":2.0,"turns":3.0},{"damage":1.0,"enemies":"Cultist","floor":3.0,"turns":4.0},{"damage":25.0,"enemies":"Lagavulin","floor":6.0,"turns":5.0},{"damage":4.0,"enemies":"3 Louse","floor":7.0,"turns":5.0},{"damage":24.0,"enemies":"Gremlin Gang","floor":8.0,"turns":3.0},{"damage":11.0,"enemies":"Exordium Wildlife","floor":11.0,"turns":7.0},{"damage":7.0,"enemies":"Blue Slaver","floor":12.0,"turns":3.0},{"damage":14.0,"enemies":"Gremlin Gang","floor":14.0,"turns":3.0},{"damage":10.0,"enemies":"The Guardian","floor":16.0,"turns":8.0},{"damage":17,"enemies":"3 Byrds","floor":18,"turns":5},{"damage":1,"enemies":"Shell Parasite","floor":20,"turns":10},{"damage":18,"enemies":"Centurion and Healer","floor":21,"turns":7},{"damage":16,"enemies":"Shelled Parasite and Fungi","floor":22,"turns":7},{"damage":7,"enemies":"Chosen and Byrds","floor":24,"turns":6},{"damage":0,"enemies":"Snecko","floor":28,"turns":4},{"damage":4,"enemies":"Cultist and Chosen","floor":30,"turns":6},{"damage":56,"enemies":"Automaton","floor":33,"turns":12},{"damage":30,"enemies":"3 Darklings","floor":35,"turns":4},{"damage":7,"enemies":"Orb Walker","floor":37,"turns":4},{"damage":41,"enemies":"Jaw Worm Horde","floor":39,"turns":6}],"seed_played":"-2446940581110181893","potions_obtained":[{"floor":1.0,"key":"Strength Potion"},{"floor":6.0,"key":"FocusPotion"},{"floor":11.0,"key":"Regen Potion"},{"floor":16.0,"key":"Poison Potion"},{"floor":20,"key":"Dexterity Potion"},{"floor":24,"key":"AttackPotion"},{"floor":28,"key":"Fire Potion"},{"floor":35,"key":"Block Potion"}],"is_trial":false,"path_per_floor":["M","M","M","?","?","E","M","M","T","R","M","M","?","M","R","B",null,"M","$","M","M","M","R","M","?","T","R","M","?","M","$","R","B",null,"M","?","M","?","M"],"character_chosen":"DEFECT","items_purchased":["Apotheosis","Defragment","War Paint"],"campfire_rested":4,"item_purchase_floors":[19,19,31],"current_hp_per_floor":[62,55,54,59,59,34,30,6,6,28,17,15,15,1,23,13,60,43,43,52,44,38,60,53,53,53,75,75,75,71,71,71,25,63,43,43,36,36,0],"gold":1114,"neow_bonus":"TRANSFORM_TWO_CARDS","is_prod":false,"is_daily":false,"chose_seed":false,"campfire_upgraded":1,"win_rate":0,"timestamp":1551462622,"path_taken":["M","M","M","?","?","E","M","?","T","R","M","M","?","M","R","BOSS","M","$","M","M","M","R","?","?","T","R","M","?","M","$","R","BOSS","M","?","M","?","M"],"build_version":"2019-01-23","purchased_purges":0,"victory":false,"max_hp_per_floor":[71,71,71,76,76,76,76,76,76,76,76,76,76,76,76,76,76,76,76,76,76,76,76,76,76,76,76,76,76,76,76,76,76,76,76,76,76,76,76],"card_choices":[{"not_picked":["Heatsinks","Sweeping Beam"],"picked":"Static Discharge","floor":1.0},{"not_picked":["Redo","Beam Cell"],"picked":"Auto Shields","floor":2.0},{"not_picked":["Tempest","Redo"],"picked":"Capacitor","floor":3.0},{"not_picked":["Streamline","Barrage"],"picked":"Glacier","floor":6.0},{"not_picked":["Aggregate","Beam Cell","Steam"],"picked":"SKIP","floor":7.0},{"not_picked":["Tempest","Turbo"],"picked":"Static Discharge","floor":8.0},{"not_picked":["Turbo","Hologram"],"picked":"Tempest","floor":11.0},{"not_picked":["Loop","Coolheaded"],"picked":"Conserve Battery","floor":12.0},{"not_picked":["Rebound","Redo"],"picked":"Leap","floor":14.0},{"not_picked":["Seek","Biased Cognition"],"picked":"Machine Learning","floor":16.0},{"not_picked":["Rebound","Undo"],"picked":"Leap","floor":17},{"not_picked":["Hologram","Beam Cell"],"picked":"BootSequence","floor":17},{"not_picked":["Beam Cell","Compile Driver"],"picked":"Defragment","floor":17},{"not_picked":["Sweeping Beam","Rebound"],"picked":"Barrage","floor":17},{"not_picked":["Compile Driver+1","Redo"],"picked":"Self Repair+1","floor":18},{"not_picked":["Machine Learning","Storm"],"picked":"Leap+1","floor":20},{"not_picked":["Capacitor","Darkness"],"picked":"Storm","floor":21},{"not_picked":["Darkness","Barrage"],"picked":"Steam","floor":22},{"not_picked":["Turbo","Recycle","Gash"],"picked":"SKIP","floor":24},{"not_picked":["Redo","Chill"],"picked":"BootSequence+1","floor":28},{"not_picked":["Sweeping Beam+1","Steam","Lockon"],"picked":"SKIP","floor":30},{"not_picked":["Buffer","Seek"],"picked":"Thunder Strike","floor":33},{"not_picked":["Sweeping Beam+1","Barrage","Rebound"],"picked":"SKIP","floor":35},{"not_picked":["Compile Driver+1","Go for the Eyes+1"],"picked":"Leap","floor":37},{"not_picked":["Trip","Flash of Steel"],"picked":"Madness","floor":38}],"player_experience":709958,"relics_obtained":[{"floor":6.0,"key":"Orichalcum"},{"floor":9.0,"key":"Whetstone"},{"floor":26,"key":"Boot"}],"event_choices":[{"damage_healed":0.0,"max_hp_gain":5.0,"max_hp_loss":0.0,"gold_gain":0.0,"event_name":"Big Fish","player_choice":"Donut","floor":4.0,"gold_loss":0.0,"damage_taken":0.0},{"damage_healed":0.0,"max_hp_gain":0.0,"max_hp_loss":0.0,"gold_gain":0.0,"event_name":"Upgrade Shrine","player_choice":"Upgraded","floor":5.0,"gold_loss":0.0,"damage_taken":0.0,"cards_upgraded":["Static Discharge"]},{"cards_removed":["Strike_B"],"damage_healed":0.0,"max_hp_gain":0.0,"max_hp_loss":0.0,"gold_gain":0.0,"event_name":"Bonfire Elementals","player_choice":"Offered Basic","floor":13.0,"gold_loss":0.0,"damage_taken":0.0},{"damage_healed":0,"gold_gain":0,"cards_transformed":["Strike_B","Defend_B"],"player_choice":"Became Test Subject","damage_taken":0,"max_hp_gain":0,"max_hp_loss":0,"event_name":"Drug Dealer","floor":25,"gold_loss":0,"cards_obtained":["Conserve Battery","All For One"]},{"damage_healed":0,"gold_gain":0,"player_choice":"Simplicity","damage_taken":0,"max_hp_gain":0,"max_hp_loss":0,"event_name":"Back to Basics","floor":29,"gold_loss":0,"cards_upgraded":["Defend_B","Defend_B","Defend_B"]},{"damage_healed":0,"gold_gain":999,"player_choice":"Gold","damage_taken":0,"max_hp_gain":0,"max_hp_loss":0,"event_name":"MindBloom","floor":36,"gold_loss":0,"cards_obtained":["Normality","Normality"]},{"damage_healed":0,"gold_gain":0,"player_choice":"Memory 1","damage_taken":0,"max_hp_gain":0,"max_hp_loss":0,"event_name":"SensoryStone","floor":38,"gold_loss":0}],"is_beta":false,"boss_relics":[{"not_picked":["Pandora\u0027s Box","Coffee Dripper"],"picked":"Orrery"},{"not_picked":["Tiny House","Eternal Feather"],"picked":"Philosopher\u0027s Stone"}],"items_purged_floors":[],"is_endless":false,"potions_floor_spawned":[1,6,11,16,20,24,28,35],"killed_by":"Jaw Worm Horde","ascension_level":14}