{"gold_per_floor":[112,127,85,101,101,101,130,130,155,80,114,28,45,56,56,56],"floor_reached":16,"playtime":626,"items_purged":["Strike_G"],"score":215,"play_id":"637013ba-cf48-4c9b-8e3f-58aeb04dd577","local_time":"20190501110615","is_ascension_mode":true,"campfire_choices":[{"data":"Sucker Punch","floor":6,"key":"SMITH"},{"data":"Deadly Poison","floor":8,"key":"SMITH"},{"floor":15,"key":"REST"}],"neow_cost":"NONE","seed_source_timestamp":391852422468014,"circlet_count":0,"master_deck":["AscendersBane","Defend_G","Defend_G","Defend_G","Defend_G","Defend_G","Strike_G","Strike_G","Strike_G","Strike_G","Survivor","Neutralize","Deadly Poison+1","Infinite Blades","Sucker Punch+1","Cloak And Dagger","Neutralize","Backstab","Bouncing Flask","Deflect"],"relics":["Ring of the Snake","Boot","Art of War","Potion Belt"],"potions_floor_usage":[0,7,16],"damage_taken":[{"damage":2,"enemies":"Jaw Worm","floor":1,"turns":6},{"damage":6,"enemies":"Cultist","floor":2,"turns":5},{"damage":4,"enemies":"Small Slimes","floor":4,"turns":5},{"damage":21,"enemies":"Lagavulin","floor":7,"turns":6},{"damage":24,"enemies":"Gremlin Nob","floor":11,"turns":4},{"damage":0,"enemies":"Looter","floor":13,"turns":3},{"damage":4,"enemies":"Large Slime","floor":14,"turns":5},{"damage":24,"enemies":"Hexaghost","floor":16,"turns":9}],"seed_played":"-5999859555073732677","potions_obtained":[{"floor":0,"key":"Fruit Juice"},{"floor":0,"key":"Poison Potion"},{"floor":0,"key":"Dexterity Potion"},{"floor":2,"key":"PowerPotion"},{"floor":11,"key":"Weak Potion"},{"floor":14,"key":"Weak Potion"}],"is_trial":false,"path_per_floor":["M","M","$","M","?","R","E","R","T","$","E","$","M","M","R","B"],"character_chosen":"THE_SILENT","items_purchased":["Infinite Blades","Bouncing Flask"],"campfire_rested":1,"item_purchase_floors":[3,12],"current_hp_per_floor":[62,56,56,52,52,52,31,31,31,31,7,7,7,3,24,0],"gold":56,"neow_bonus":"THREE_SMALL_POTIONS","is_prod":false,"is_daily":false,"chose_seed":false,"campfire_upgraded":2,"win_rate":0,"timestamp":1556723175,"path_taken":["M","M","$","M","?","R","E","R","T","?","E","$","?","M","R","BOSS"],"build_version":"2019-01-23","purchased_purges":1,"victory":false,"max_hp_per_floor":[71,71,71,71,71,71,71,71,71,71,71,71,71,71,71,71],"card_choices":[{"not_picked":["Predator","Backflip"],"picked":"Deadly Poison","floor":1},{"not_picked":["Dodge and Roll","Deflect","Choke"],"picked":"SKIP","floor":2},{"not_picked":["Tactician","Crippling Poison"],"picked":"Sucker Punch","floor":4},{"not_picked":["Slice","Blade Dance"],"picked":"Backstab","floor":7},{"not_picked":["Prepared","Sucker Punch","Quick Slash"],"picked":"SKIP","floor":11},{"not_picked":["Dagger Throw","Deadly Poison"],"picked":"Deflect","floor":13},{"not_picked":["Flying Knee","Underhanded Strike","Phantasmal Killer"],"picked":"SKIP","floor":14}],"player_experience":587660,"relics_obtained":[{"floor":7,"key":"Boot"},{"floor":9,"key":"Art of War"},{"floor":11,"key":"Potion Belt"}],"event_choices":[{"damage_healed":0,"gold_gain":0,"player_choice":"2 cards matched","damage_taken":0,"max_hp_gain":0,"max_hp_loss":0,"event_name":"Match and Keep!","floor":5,"gold_loss":0,"cards_obtained":["Cloak And Dagger","Neutralize"]}],"is_beta":false,"boss_relics":[],"items_purged_floors":[10],"is_endless":false,"potions_floor_spawned":[2,11,14],"killed_by":"Hexaghost","ascension_level":19}