{"gold_per_floor":[112,125,125,300,156,156,7,38,38,56,56,75,109,129,129,231,231,212,5,5,18,31,59,59,70,70,0,20,20,20,37,37,134,134,146,166,28,47,61,92,92,92,92,92,120,40,40,54,54,54],"floor_reached":51,"playtime":2440,"items_purged":["Doubt","Pain"],"score":1279,"play_id":"7aa4e3a4-e387-4be5-87b7-bedee5250388","local_time":"20190307110413","is_ascension_mode":true,"campfire_choices":[{"data":"Deadly Poison","floor":6,"key":"SMITH"},{"data":"Neutralize","floor":11,"key":"SMITH"},{"data":"Well Laid Plans","floor":15,"key":"SMITH"},{"data":"Deadly Poison","floor":24,"key":"SMITH"},{"floor":32,"key":"REST"},{"floor":42,"key":"REST"},{"data":"Acrobatics","floor":44,"key":"SMITH"},{"data":"Well Laid Plans","floor":47,"key":"SMITH"},{"data":"Footwork","floor":49,"key":"SMITH"}],"neow_cost":"NONE","seed_source_timestamp":417846073272743,"circlet_count":0,"master_deck":["AscendersBane","Defend_G","Defend_G","Defend_G","Defend_G","Strike_G","Strike_G","Strike_G","Strike_G","Survivor","Neutralize+1","Dagger Throw","Deadly Poison+1","Well Laid Plans+1","Dagger Spray","PiercingWail","Deadly Poison+1","Acrobatics+1","Adrenaline","Backflip","Skewer","Burst+1","PiercingWail+1","Catalyst+1","Dodge and Roll+1","Neutralize","Noxious Fumes","Corpse Explosion+1","Backflip+1","Prepared+1","Footwork+1","Escape Plan+1","Footwork+1","Well Laid Plans+1","Cloak And Dagger+1"],"relics":["Ring of the Snake","NeowsBlessing","Vajra","Question Card","Happy Flower","Blood Vial","Cursed Key","TwistedFunnel","Toxic Egg 2","Bottled Flame","Busted Crown","Potion Belt","Mango"],"potions_floor_usage":[50,50],"damage_taken":[{"damage":0,"enemies":"Small Slimes","floor":1,"turns":1},{"damage":0,"enemies":"Jaw Worm","floor":2,"turns":1},{"damage":0,"enemies":"3 Sentries","floor":8,"turns":1},{"damage":0,"enemies":"Cultist","floor":10,"turns":3},{"damage":4,"enemies":"2 Fungi Beasts","floor":12,"turns":3},{"damage":12,"enemies":"Lagavulin","floor":13,"turns":7},{"damage":4,"enemies":"Exordium Thugs","floor":14,"turns":5},{"damage":32,"enemies":"Hexaghost","floor":16,"turns":11},{"damage":9,"enemies":"2 Thieves","floor":18,"turns":4},{"damage":5,"enemies":"Shell Parasite","floor":21,"turns":5},{"damage":3,"enemies":"Snake Plant","floor":22,"turns":4},{"damage":17,"enemies":"Gremlin Leader","floor":23,"turns":6},{"damage":4,"enemies":"3 Cultists","floor":25,"turns":4},{"damage":2,"enemies":"Sentry and Sphere","floor":28,"turns":4},{"damage":13,"enemies":"Snecko","floor":31,"turns":5},{"damage":31,"enemies":"Champ","floor":33,"turns":7},{"damage":2,"enemies":"Orb Walker","floor":35,"turns":2},{"damage":1,"enemies":"3 Darklings","floor":36,"turns":1},{"damage":9,"enemies":"4 Shapes","floor":38,"turns":4},{"damage":8,"enemies":"Jaw Worm Horde","floor":39,"turns":3},{"damage":39,"enemies":"Nemesis","floor":40,"turns":7},{"damage":2,"enemies":"Reptomancer","floor":45,"turns":5},{"damage":10,"enemies":"Writhing Mass","floor":48,"turns":3},{"damage":22,"enemies":"Donu and Deca","floor":50,"turns":4}],"seed_played":"6055471340356999822","potions_obtained":[{"floor":2,"key":"Regen Potion"},{"floor":8,"key":"EssenceOfSteel"},{"floor":40,"key":"Explosive Potion"}],"is_trial":false,"path_per_floor":["M","M","?","?","$","R","$","E","T","M","R","M","E","M","R","B",null,"M","$","?","M","M","E","R","M","T","$","M","?","$","M","R","B",null,"M","M","$","M","M","E","?","R","T","R","E","$","R","M","R","B",null],"character_chosen":"THE_SILENT","items_purchased":["Well Laid Plans","Vajra","TwistedFunnel","Catalyst+1","Footwork","Well Laid Plans"],"campfire_rested":2,"item_purchase_floors":[5,7,19,27,37,46],"current_hp_per_floor":[63,63,68,68,68,68,68,68,68,68,68,64,52,50,50,20,61,54,54,54,51,50,35,35,33,33,33,33,33,33,22,44,15,60,60,61,61,54,48,11,11,33,33,33,47,47,47,39,39,33],"gold":54,"neow_bonus":"THREE_ENEMY_KILL","is_prod":false,"is_daily":false,"chose_seed":false,"campfire_upgraded":7,"win_rate":0,"timestamp":1551974653,"path_taken":["M","M","?","?","?","R","$","E","T","M","R","M","E","M","R","BOSS","M","$","?","M","M","E","R","?","T","$","M","?","?","M","R","BOSS","M","M","$","M","M","E","?","R","T","R","E","$","R","M","R","BOSS"],"build_version":"2019-01-23","purchased_purges":2,"victory":true,"max_hp_per_floor":[70,70,75,75,75,75,75,75,75,75,75,75,75,75,75,75,75,75,75,75,75,75,75,75,75,75,75,75,75,75,75,75,75,75,75,75,75,75,75,75,75,75,75,75,89,89,89,89,89,89],"card_choices":[{"not_picked":["Acrobatics","Quick Slash"],"picked":"Dagger Throw","floor":1},{"not_picked":["Concentrate","Terror"],"picked":"Deadly Poison","floor":2},{"not_picked":["Flying Knee","Dodge and Roll"],"picked":"Dagger Spray","floor":8},{"not_picked":["Quick Slash","Sucker Punch","Dagger Spray"],"picked":"PiercingWail","floor":10},{"not_picked":["Cloak And Dagger","Storm of Steel","Backflip"],"picked":"Deadly Poison","floor":12},{"not_picked":["Slice","Dagger Throw","Dagger Spray","Tactician"],"picked":"SKIP","floor":13},{"not_picked":["Sucker Punch","PiercingWail","Dagger Throw"],"picked":"Acrobatics","floor":14},{"not_picked":["Envenom","Tools of the Trade","A Thousand Cuts"],"picked":"Adrenaline","floor":16},{"not_picked":["Dagger Throw","Bane","Heel Hook"],"picked":"Backflip","floor":18},{"not_picked":["Reflex","Blade Dance+1","Quick Slash","Poisoned Stab"],"picked":"SKIP","floor":21},{"not_picked":["Dagger Spray","Deflect","All Out Attack"],"picked":"Skewer","floor":22},{"not_picked":["Outmaneuver","Underhanded Strike","Acrobatics"],"picked":"Burst","floor":23},{"not_picked":["Backflip+1","Slice","Blade Dance+1"],"picked":"PiercingWail+1","floor":25},{"not_picked":["PiercingWail+1","Sucker Punch","Blade Dance+1"],"picked":"Dodge and Roll+1","floor":28},{"not_picked":["Slice","All Out Attack+1","Predator+1"],"picked":"Noxious Fumes","floor":31},{"not_picked":["Glass Knife","Adrenaline+1","Doppelganger+1"],"picked":"Corpse Explosion+1","floor":33},{"not_picked":["Blade Dance+1"],"picked":"Backflip+1","floor":35},{"not_picked":["Expertise+1"],"picked":"Prepared+1","floor":36},{"not_picked":["Caltrops","Dagger Throw"],"picked":"SKIP","floor":38},{"not_picked":["Predator","Dash"],"picked":"SKIP","floor":39},{"not_picked":["All Out Attack"],"picked":"Escape Plan+1","floor":40},{"not_picked":["Setup+1"],"picked":"Footwork+1","floor":45},{"not_picked":["Caltrops"],"picked":"Cloak And Dagger+1","floor":48}],"player_experience":461659,"relics_obtained":[{"floor":8,"key":"Question Card"},{"floor":9,"key":"Happy Flower"},{"floor":13,"key":"Blood Vial"},{"floor":23,"key":"Toxic Egg 2"},{"floor":26,"key":"Bottled Flame"},{"floor":40,"key":"Potion Belt"},{"floor":45,"key":"Mango"}],"event_choices":[{"damage_healed":0,"gold_gain":0,"player_choice":"Donut","damage_taken":0,"max_hp_gain":5,"max_hp_loss":0,"event_name":"Big Fish","floor":3,"gold_loss":0},{"damage_healed":0,"gold_gain":175,"player_choice":"AGREE","damage_taken":0,"max_hp_gain":0,"max_hp_loss":0,"event_name":"Liars Game","floor":4,"gold_loss":0,"cards_obtained":["Doubt"]},{"cards_removed":["Strike_G"],"damage_healed":0,"gold_gain":0,"player_choice":"Purged","damage_taken":0,"max_hp_gain":0,"max_hp_loss":0,"event_name":"Purifier","floor":20,"gold_loss":0},{"damage_healed":0,"gold_gain":0,"player_choice":"1 cards matched","damage_taken":0,"max_hp_gain":0,"max_hp_loss":0,"event_name":"Match and Keep!","floor":29,"gold_loss":0,"cards_obtained":["Neutralize"]},{"cards_removed":["Defend_G"],"damage_healed":0,"gold_gain":0,"player_choice":"Removed Skill","damage_taken":0,"max_hp_gain":0,"max_hp_loss":0,"event_name":"Falling","floor":41,"gold_loss":0}],"is_beta":false,"boss_relics":[{"not_picked":["Lizard Tail","Pandora\u0027s Box"],"picked":"Cursed Key"},{"not_picked":["White Beast Statue","Coffee Dripper"],"picked":"Busted Crown"}],"items_purged_floors":[5,37],"is_endless":false,"potions_floor_spawned":[2,8,10,12,28,33,35,36,40],"ascension_level":12}