{"gold_per_floor":[117,42,42,56,71,71,97,97,97,97,114,124,124,134,134,231,231,242,242,242,252,252,252,269,269,269,302,315,4,4,21,21,120,120,139,155,30,40,40,40,66,66,93,110,123,123,134,153,153,153],"floor_reached":51,"playtime":5307,"items_purged":["Strike_R","Strike_R","Strike_R"],"score":1125,"play_id":"afa09254-5e74-4bc4-a053-416cef6c49f9","local_time":"20190126215801","is_ascension_mode":true,"campfire_choices":[{"data":"Shockwave","floor":6.0,"key":"SMITH"},{"floor":8.0,"key":"REST"},{"data":"Bash","floor":13,"key":"SMITH"},{"floor":15,"key":"REST"},{"floor":23,"key":"REST"},{"data":"Cleave","floor":25,"key":"SMITH"},{"floor":32,"key":"REST"},{"floor":40,"key":"REST"},{"data":"Defend_R","floor":42,"key":"PURGE"},{"data":"Evolve+1","floor":49,"key":"PURGE"}],"neow_cost":"NONE","seed_source_timestamp":1305284261645111,"circlet_count":0,"master_deck":["AscendersBane","Defend_R","Bash+1","Armaments+1","Whirlwind+1","Twin Strike","Shockwave+1","Pummel","Cleave+1","Shrug It Off","Reaper","Seeing Red","Barricade","Clothesline+1","Entrench","Shrug It Off","Bludgeon","Carnage+1","Flame Barrier+1"],"special_seed":0,"relics":["Astrolabe","Champion Belt","Bag of Marbles","Nunchaku","Snecko Eye","Ornamental Fan","Kunai","Peace Pipe","Unceasing Top","Oddly Smooth Stone","Sozu","Question Card","Dream Catcher"],"potions_floor_usage":[12,16,27,31,33],"damage_taken":[{"damage":5.0,"enemies":"Small Slimes","floor":1.0,"turns":3.0},{"damage":0.0,"enemies":"Cultist","floor":4.0,"turns":3.0},{"damage":2.0,"enemies":"2 Louse","floor":5.0,"turns":2.0},{"damage":5.0,"enemies":"3 Sentries","floor":7.0,"turns":8.0},{"damage":6,"enemies":"Looter","floor":11,"turns":3},{"damage":3,"enemies":"Exordium Thugs","floor":12,"turns":3},{"damage":24,"enemies":"Gremlin Gang","floor":14,"turns":4},{"damage":0,"enemies":"Slime Boss","floor":16,"turns":9},{"damage":16,"enemies":"2 Thieves","floor":18,"turns":2},{"damage":8,"enemies":"Shell Parasite","floor":21,"turns":6},{"damage":10,"enemies":"Centurion and Healer","floor":24,"turns":7},{"damage":28,"enemies":"Slavers","floor":27,"turns":4},{"damage":1,"enemies":"3 Cultists","floor":28,"turns":4},{"damage":0,"enemies":"Snake Plant","floor":31,"turns":1},{"damage":39,"enemies":"Automaton","floor":33,"turns":15},{"damage":25,"enemies":"3 Shapes","floor":35,"turns":1},{"damage":0,"enemies":"Orb Walker","floor":36,"turns":2},{"damage":4,"enemies":"Writhing Mass","floor":38,"turns":7},{"damage":0,"enemies":"Giant Head","floor":41,"turns":6},{"damage":4,"enemies":"Maw","floor":44,"turns":6},{"damage":0,"enemies":"Transient","floor":45,"turns":5},{"damage":0,"enemies":"Jaw Worm Horde","floor":47,"turns":4},{"damage":4,"enemies":"Maw","floor":48,"turns":6},{"damage":22,"enemies":"Time Eater","floor":50,"turns":15}],"seed_played":"-5898569013018943584","potions_obtained":[{"floor":4.0,"key":"SkillPotion"},{"floor":7.0,"key":"SkillPotion"},{"floor":11,"key":"Dexterity Potion"},{"floor":12,"key":"Ancient Potion"},{"floor":18,"key":"Dexterity Potion"},{"floor":24,"key":"Explosive Potion"},{"floor":28,"key":"SteroidPotion"}],"is_trial":false,"path_per_floor":["M","$","?","M","M","R","E","R","T","$","M","M","R","M","R","B",null,"M","?","?","M","?","R","M","R","T","E","M","$","?","M","R","B",null,"M","M","$","M","?","R","E","R","T","M","M","?","M","M","R","B",null],"character_chosen":"IRONCLAD","items_purchased":["Shrug It Off","Oddly Smooth Stone"],"campfire_rested":5,"item_purchase_floors":[29,29],"current_hp_per_floor":[67,67,67,67,65,65,60,80,80,80,74,71,71,56,80,80,80,64,64,64,63,63,80,70,70,70,42,47,47,47,47,71,41,70,55,61,61,57,57,76,76,76,76,72,76,76,76,72,72,56],"gold":153,"neow_bonus":"BOSS_RELIC","is_prod":false,"is_daily":false,"chose_seed":false,"campfire_upgraded":3,"win_rate":0,"timestamp":1548532681,"path_taken":["M","$","?","M","M","R","E","R","T","$","?","M","R","M","R","BOSS","M","?","?","M","?","R","?","R","T","E","?","$","?","M","R","BOSS","M","M","$","M","?","R","E","R","T","M","M","?","?","M","R","BOSS"],"build_version":"2019-01-23","purchased_purges":3,"victory":true,"max_hp_per_floor":[80,80,80,80,80,80,80,80,80,80,80,80,80,80,80,80,80,80,80,80,80,80,80,80,80,80,80,80,80,80,80,80,80,80,80,80,80,80,76,76,76,76,76,76,76,76,76,76,76,76],"card_choices":[{"not_picked":["Clash","Dual Wield"],"picked":"Twin Strike","floor":1.0},{"not_picked":["Disarm","Perfected Strike"],"picked":"Shockwave","floor":4.0},{"not_picked":["Twin Strike","Sentinel"],"picked":"Pummel","floor":5.0},{"not_picked":["Rupture","Metallicize"],"picked":"Cleave","floor":7.0},{"not_picked":["Hemokinesis","Clothesline"],"picked":"Shrug It Off","floor":11},{"not_picked":["Body Slam","Heavy Blade"],"picked":"Reaper","floor":12},{"not_picked":["Clash","Anger"],"picked":"Seeing Red","floor":14},{"not_picked":["Immolate","Reaper"],"picked":"Barricade","floor":16},{"not_picked":["Disarm","Pommel Strike"],"picked":"Clothesline+1","floor":18},{"not_picked":["Armaments+1","Wild Strike","Havoc"],"picked":"SKIP","floor":21},{"not_picked":["True Grit","Shockwave","Fire Breathing"],"picked":"SKIP","floor":24},{"not_picked":["Dark Embrace","Havoc","Spot Weakness"],"picked":"SKIP","floor":27},{"not_picked":["Headbutt","Clothesline"],"picked":"Entrench","floor":28},{"not_picked":["Headbutt","Sword Boomerang","Clash"],"picked":"SKIP","floor":31},{"not_picked":["Reaper","Double Tap"],"picked":"Bludgeon","floor":33},{"not_picked":["Clothesline","Havoc+1","Anger"],"picked":"SKIP","floor":35},{"not_picked":["Clash+1","Flex"],"picked":"Carnage+1","floor":36},{"not_picked":["Reckless Charge+1","Warcry","Clothesline"],"picked":"SKIP","floor":38},{"not_picked":["Immolate","Iron Wave+1"],"picked":"Flame Barrier","floor":41},{"not_picked":["Shockwave","Intimidate+1","Headbutt","Sword Boomerang+1"],"picked":"SKIP","floor":44},{"not_picked":["Evolve","Combust","Thunderclap","Clothesline"],"picked":"SKIP","floor":45},{"not_picked":["Shrug It Off+1","Flex","Flame Barrier","Cleave+1"],"picked":"SKIP","floor":47},{"not_picked":["Searing Blow+1","Battle Trance+1","Sword Boomerang","Anger"],"picked":"SKIP","floor":48}],"player_experience":389828,"relics_obtained":[{"floor":3.0,"key":"Champion Belt"},{"floor":7.0,"key":"Bag of Marbles"},{"floor":9,"key":"Nunchaku"},{"floor":26,"key":"Peace Pipe"},{"floor":27,"key":"Unceasing Top"},{"floor":41,"key":"Question Card"},{"floor":43,"key":"Dream Catcher"}],"event_choices":[{"damage_healed":0.0,"max_hp_gain":0.0,"max_hp_loss":0.0,"gold_gain":0.0,"event_name":"Wheel of Change","player_choice":"Relic","floor":3.0,"gold_loss":0.0,"damage_taken":0.0},{"damage_healed":0,"gold_gain":0,"player_choice":"Opened","damage_taken":0,"relics_obtained":["Ornamental Fan"],"max_hp_gain":0,"max_hp_loss":0,"event_name":"The Mausoleum","floor":19,"gold_loss":0},{"damage_healed":0,"gold_gain":0,"player_choice":"Ignored","damage_taken":0,"max_hp_gain":0,"max_hp_loss":0,"event_name":"Vampires","floor":20,"gold_loss":0},{"damage_healed":0,"gold_gain":0,"player_choice":"Gave Potion","damage_taken":0,"relics_obtained":["Kunai"],"max_hp_gain":0,"max_hp_loss":0,"event_name":"WeMeetAgain","floor":22,"gold_loss":0},{"cards_removed":["Defend_R"],"damage_healed":0,"gold_gain":0,"player_choice":"Elegance","damage_taken":0,"max_hp_gain":0,"max_hp_loss":0,"event_name":"Back to Basics","floor":30,"gold_loss":0},{"damage_healed":0,"gold_gain":0,"player_choice":"Max HP","damage_taken":0,"max_hp_gain":0,"max_hp_loss":4,"event_name":"Winding Halls","floor":39,"gold_loss":0},{"damage_healed":0,"gold_gain":0,"player_choice":"Upgraded","damage_taken":0,"max_hp_gain":0,"max_hp_loss":0,"event_name":"Upgrade Shrine","floor":46,"gold_loss":0,"cards_upgraded":["Flame Barrier"]}],"is_beta":false,"boss_relics":[{"not_picked":["Runic Pyramid","Coffee Dripper"],"picked":"Snecko Eye"},{"not_picked":["Eternal Feather","Empty Cage"],"picked":"Sozu"}],"items_purged_floors":[2,29,37],"is_endless":false,"potions_floor_spawned":[4,7,11,12,18,24,28,36,41,44,47],"ascension_level":11}