{"gold_per_floor":[99,99,99,24,24,24,24,24,24,24,24,24,0,0,0,0,0,0,0,0,0,0],"floor_reached":22,"playtime":1465,"items_purged":["Strike_B"],"score":364,"play_id":"25178383-14e3-4cf5-bdff-121119290a07","local_time":"20190422191125","is_ascension_mode":true,"campfire_choices":[{"data":"Go for the Eyes","floor":6.0,"key":"SMITH"},{"floor":15,"key":"REST"}],"neow_cost":"NONE","seed_source_timestamp":1028328155872052,"circlet_count":0,"master_deck":["AscendersBane","Strike_B","Strike_B","Strike_B","Defend_B","Defend_B","Defend_B","Defend_B","Zap","Dualcast","Beam Cell","Streamline","Gash","Go for the Eyes+1","Echo Form","All For One","Self Repair+1","Leap+1","Leap","Hyperbeam","Go for the Eyes","Auto Shields"],"special_seed":0,"relics":["Ectoplasm","Tiny House","Nloth\u0027s Gift"],"potions_floor_usage":[],"damage_taken":[{"damage":7.0,"enemies":"Jaw Worm","floor":1.0,"turns":4.0},{"damage":12.0,"enemies":"Cultist","floor":2.0,"turns":4.0},{"damage":0.0,"enemies":"Small Slimes","floor":3.0,"turns":3.0},{"damage":19.0,"enemies":"3 Louse","floor":7.0,"turns":3.0},{"damage":9.0,"enemies":"Blue Slaver","floor":8.0,"turns":2.0},{"damage":12.0,"enemies":"Exordium Thugs","floor":11.0,"turns":3.0},{"damage":0.0,"enemies":"Large Slime","floor":12.0,"turns":4.0},{"damage":0.0,"enemies":"Looter","floor":13.0,"turns":4.0},{"damage":38,"enemies":"Hexaghost","floor":16,"turns":11},{"damage":0,"enemies":"Chosen","floor":18,"turns":4},{"damage":43,"enemies":"Spheric Guardian","floor":19,"turns":6},{"damage":34,"enemies":"Shelled Parasite and Fungi","floor":21,"turns":6},{"damage":33,"enemies":"Centurion and Healer","floor":22,"turns":4}],"seed_played":"-3148114113919938338","potions_obtained":[{"floor":3.0,"key":"SteroidPotion"},{"floor":8.0,"key":"AttackPotion"},{"floor":11.0,"key":"Strength Potion"},{"floor":12.0,"key":"FearPotion"},{"floor":17,"key":"Weak Potion"},{"floor":19,"key":"FairyPotion"}],"is_trial":false,"path_per_floor":["M","M","M","$","?","R","M","M","T","?","M","M","M","?","R","B",null,"M","M","?","M","M"],"character_chosen":"DEFECT","items_purchased":[],"campfire_rested":1,"item_purchase_floors":[],"current_hp_per_floor":[57,45,45,45,45,45,26,17,17,17,5,25,35,35,56,38,68,76,43,43,19,0],"gold":0,"neow_bonus":"BOSS_RELIC","is_prod":false,"is_daily":false,"chose_seed":false,"campfire_upgraded":1,"win_rate":0,"timestamp":1555949485,"path_taken":["M","M","M","$","?","R","M","?","T","?","M","M","M","?","R","BOSS","M","M","?","M","?"],"build_version":"2019-01-23","purchased_purges":1,"victory":false,"max_hp_per_floor":[71,71,71,71,71,71,71,71,71,71,71,71,71,71,71,71,76,76,76,76,76,76],"card_choices":[{"not_picked":["Turbo","Sweeping Beam"],"picked":"Beam Cell","floor":1.0},{"not_picked":["Go for the Eyes","Hologram"],"picked":"Streamline","floor":2.0},{"not_picked":["Lockon","Hologram"],"picked":"Gash","floor":3.0},{"not_picked":["Heatsinks","Tempest"],"picked":"All For One","floor":7.0},{"not_picked":["Go for the Eyes","Rebound"],"picked":"Self Repair","floor":8.0},{"not_picked":["Barrage","Hologram"],"picked":"Leap","floor":11.0},{"not_picked":["Rip and Tear","Cold Snap"],"picked":"Leap","floor":12.0},{"not_picked":["Fusion","Barrage","Steam"],"picked":"SKIP","floor":13.0},{"not_picked":["Seek","All For One"],"picked":"Hyperbeam","floor":16},{"not_picked":["Hologram","Defragment"],"picked":"Go for the Eyes","floor":18},{"not_picked":["Coolheaded","Barrage","Steam"],"picked":"SKIP","floor":19},{"not_picked":["FTL","Gash"],"picked":"Auto Shields","floor":21}],"player_experience":836923,"relics_obtained":[{"floor":9.0,"key":"Tiny Chest"}],"event_choices":[{"damage_healed":0.0,"max_hp_gain":0.0,"max_hp_loss":0.0,"gold_gain":0.0,"event_name":"Match and Keep!","player_choice":"2 cards matched","floor":5.0,"gold_loss":0.0,"damage_taken":0.0,"cards_obtained":["Go for the Eyes","Echo Form"]},{"damage_healed":0.0,"max_hp_gain":0.0,"max_hp_loss":0.0,"gold_gain":0.0,"event_name":"Living Wall","player_choice":"Grow","floor":10.0,"gold_loss":0.0,"damage_taken":0.0,"cards_upgraded":["Self Repair"]},{"damage_healed":0,"gold_gain":0,"player_choice":"Fled","damage_taken":0,"max_hp_gain":0,"max_hp_loss":0,"event_name":"Scrap Ooze","floor":14,"gold_loss":0},{"damage_healed":0,"gold_gain":0,"player_choice":"Traded Relic","damage_taken":0,"relics_obtained":["Nloth\u0027s Gift"],"max_hp_gain":0,"max_hp_loss":0,"event_name":"N\u0027loth","floor":20,"relics_lost":["Tiny Chest"],"gold_loss":0}],"is_beta":false,"boss_relics":[{"not_picked":["Velvet Choker","Inserter"],"picked":"Tiny House"}],"items_purged_floors":[4],"is_endless":false,"potions_floor_spawned":[3,8,11,12,19],"killed_by":"Centurion and Healer","ascension_level":20}