{"gold_per_floor":[17,31,31,41,58,58,58,88,88,105,121,139,2,14,14,113,113,88,17,37,37,50,50,50],"floor_reached":24,"playtime":1266,"items_purged":[],"score":227,"play_id":"e3c0d92c-544d-44e9-aa8a-43bb05d029a0","local_time":"20190510201338","is_ascension_mode":false,"campfire_choices":[{"data":"Disarm","floor":6,"key":"SMITH"},{"data":"Double Tap","floor":15,"key":"SMITH"},{"data":"Armaments","floor":23,"key":"SMITH"}],"neow_cost":"NO_GOLD","seed_source_timestamp":342821762567658,"circlet_count":0,"master_deck":["Strike_R","Strike_R","Strike_R","Strike_R","Strike_R","Defend_R","Defend_R","Defend_R","Bash","Double Tap+1","Perfected Strike","Disarm+1","Inflame","Feed","Battle Trance","Rage","Impervious","Impervious","Anger+1","Feel No Pain","Armaments+1","RitualDagger","Evolve"],"relics":["Burning Blood","Incense Burner","StoneCalendar","White Beast Statue"],"potions_floor_usage":[18,22],"damage_taken":[{"damage":4,"enemies":"Cultist","floor":1,"turns":4},{"damage":7,"enemies":"Small Slimes","floor":2,"turns":4},{"damage":6,"enemies":"Jaw Worm","floor":4,"turns":3},{"damage":5,"enemies":"Blue Slaver","floor":5,"turns":4},{"damage":18,"enemies":"Gremlin Nob","floor":8,"turns":4},{"damage":11,"enemies":"2 Fungi Beasts","floor":10,"turns":4},{"damage":13,"enemies":"Lots of Slimes","floor":11,"turns":4},{"damage":4,"enemies":"Looter","floor":12,"turns":3},{"damage":5,"enemies":"Blue Slaver","floor":14,"turns":3},{"damage":28,"enemies":"Hexaghost","floor":16,"turns":10},{"damage":28,"enemies":"2 Thieves","floor":18,"turns":5},{"damage":14,"enemies":"Chosen","floor":20,"turns":6},{"damage":27,"enemies":"Shelled Parasite and Fungi","floor":22,"turns":7},{"damage":41,"enemies":"Slavers","floor":24,"turns":4}],"seed_played":"-4538564279045104836","potions_obtained":[{"floor":2,"key":"GamblersBrew"},{"floor":4,"key":"PowerPotion"},{"floor":10,"key":"SkillPotion"},{"floor":18,"key":"Block Potion"},{"floor":22,"key":"Fire Potion"}],"is_trial":false,"path_per_floor":["M","M","$","M","M","R","?","E","T","M","M","M","$","M","R","B",null,"M","$","M","?","M","R","E"],"character_chosen":"IRONCLAD","items_purchased":["Impervious","Feel No Pain"],"campfire_rested":0,"item_purchase_floors":[13,19],"current_hp_per_floor":[80,79,79,79,80,80,80,68,68,66,62,67,67,71,71,52,95,76,76,68,62,41,41,0],"gold":50,"neow_bonus":"THREE_RARE_CARDS","is_prod":false,"is_daily":false,"chose_seed":false,"campfire_upgraded":3,"win_rate":0,"timestamp":1557512018,"path_taken":["M","M","$","M","M","R","?","E","T","M","M","?","$","M","R","BOSS","M","?","M","?","M","R","E"],"build_version":"2019-01-23","purchased_purges":0,"victory":false,"max_hp_per_floor":[80,80,80,80,80,80,80,80,80,83,86,89,89,92,92,95,95,98,98,98,98,98,98,98],"card_choices":[{"not_picked":["Fiend Fire","Offering"],"picked":"Double Tap","floor":0},{"not_picked":["Clothesline","Clash"],"picked":"Perfected Strike","floor":1},{"not_picked":["Dropkick","Anger"],"picked":"Disarm","floor":2},{"not_picked":["Pummel","Sever Soul","Dual Wield"],"picked":"SKIP","floor":4},{"not_picked":["Bludgeon","Pommel Strike"],"picked":"Inflame","floor":5},{"not_picked":["Wild Strike","Flex"],"picked":"Feed","floor":8},{"not_picked":["Heavy Blade","Pommel Strike","Havoc"],"picked":"SKIP","floor":10},{"not_picked":["Perfected Strike","Bloodletting"],"picked":"Battle Trance","floor":11},{"not_picked":["Thunderclap","Burning Pact"],"picked":"Rage","floor":12},{"not_picked":["Twin Strike","Pommel Strike","Body Slam"],"picked":"SKIP","floor":14},{"not_picked":["Brutality","Dark Embrace"],"picked":"Impervious","floor":16},{"not_picked":["Blood for Blood","Perfected Strike"],"picked":"Anger+1","floor":18},{"not_picked":["True Grit","Body Slam+1"],"picked":"Armaments","floor":20},{"not_picked":["Anger","Headbutt"],"picked":"Evolve","floor":22}],"player_experience":246800,"relics_obtained":[{"floor":8,"key":"Incense Burner"},{"floor":9,"key":"StoneCalendar"}],"event_choices":[{"cards_removed":["Defend_R"],"damage_healed":0,"gold_gain":0,"player_choice":"Purged","damage_taken":0,"max_hp_gain":0,"max_hp_loss":0,"event_name":"Purifier","floor":7,"gold_loss":0},{"damage_healed":0,"gold_gain":0,"player_choice":"Joined the Cult","damage_taken":6,"max_hp_gain":0,"max_hp_loss":0,"event_name":"Nest","floor":21,"gold_loss":0,"cards_obtained":["RitualDagger"]}],"is_beta":false,"boss_relics":[{"not_picked":["Runic Dome","Astrolabe"],"picked":"White Beast Statue"}],"items_purged_floors":[],"is_endless":false,"potions_floor_spawned":[2,4,10,11,18,20,22],"killed_by":"Slavers","ascension_level":0}