{"gold_per_floor":[114,214,225,235,245,276,276,306,330,344,356,356,356,382,382,480,480,491,416,55,73,73,73,88,88,88,88,118,130,130,141,141,238,238,253,265,281,281,127,127,158,54,80,30,30,30],"floor_reached":46,"playtime":2526,"items_purged":["Strike_B","Cold Snap"],"score":616,"play_id":"38351c4d-8d39-4252-bfa2-8b3cdd3947ba","local_time":"20190228115005","is_ascension_mode":true,"campfire_choices":[{"floor":7,"key":"REST"},{"data":"Sweeping Beam","floor":12,"key":"SMITH"},{"data":"Go for the Eyes","floor":15,"key":"SMITH"},{"data":"Apotheosis","floor":23,"key":"SMITH"},{"floor":25,"key":"REST"},{"data":"Echo Form","floor":32,"key":"SMITH"},{"data":"Defragment","floor":40,"key":"SMITH"},{"floor":45,"key":"REST"}],"neow_cost":"NONE","seed_source_timestamp":173632974369549,"circlet_count":0,"master_deck":["Zap","Dualcast","Darkness","Cold Snap","Sweeping Beam+1","BootSequence","Go for the Eyes+1","Streamline","Conserve Battery","Ball Lightning","Electrodynamics","Leap","Steam","Apotheosis+1","Recycle+1","Leap","Self Repair","Genetic Algorithm+1","Echo Form+1","Compile Driver","Tempest","Meteor Strike","Cold Snap","Amplify","Cold Snap","Auto Shields+1","Compile Driver+1","Coolheaded","Defragment+1","Panacea","Echo Form+1"],"relics":["Cracked Core","Centennial Puzzle","Du-Vu Doll","Bag of Marbles","PreservedInsect","Dream Catcher","Nuclear Battery","Membership Card","Kunai","Orichalcum","Boot","Pandora\u0027s Box","Bronze Scales","Ancient Tea Set","Mercury Hourglass","DollysMirror","Vajra"],"potions_floor_usage":[4,33,37,37,37],"damage_taken":[{"damage":0,"enemies":"Jaw Worm","floor":1,"turns":3},{"damage":1,"enemies":"Cultist","floor":3,"turns":3},{"damage":0,"enemies":"Small Slimes","floor":4,"turns":2},{"damage":23,"enemies":"Exordium Thugs","floor":5,"turns":4},{"damage":38,"enemies":"Gremlin Nob","floor":6,"turns":5},{"damage":15,"enemies":"Lagavulin","floor":8,"turns":7},{"damage":0,"enemies":"Blue Slaver","floor":10,"turns":2},{"damage":0,"enemies":"2 Fungi Beasts","floor":11,"turns":2},{"damage":0,"enemies":"Gremlin Nob","floor":14,"turns":2},{"damage":32,"enemies":"The Guardian","floor":16,"turns":12},{"damage":12,"enemies":"Shell Parasite","floor":18,"turns":5},{"damage":22,"enemies":"Spheric Guardian","floor":21,"turns":4},{"damage":4,"enemies":"Snecko","floor":24,"turns":5},{"damage":13,"enemies":"Slavers","floor":28,"turns":4},{"damage":5,"enemies":"Sentry and Sphere","floor":29,"turns":6},{"damage":1,"enemies":"Centurion and Healer","floor":31,"turns":6},{"damage":26,"enemies":"Champ","floor":33,"turns":18},{"damage":0,"enemies":"3 Darklings","floor":35,"turns":3},{"damage":8,"enemies":"Orb Walker","floor":36,"turns":6},{"damage":24,"enemies":"4 Shapes","floor":37,"turns":9},{"damage":34,"enemies":"Reptomancer","floor":41,"turns":8},{"damage":64,"enemies":"Giant Head","floor":46,"turns":7}],"seed_played":"-5809733442992656155","potions_obtained":[{"floor":3,"key":"Explosive Potion"},{"floor":4,"key":"Fruit Juice"},{"floor":6,"key":"SteroidPotion"},{"floor":10,"key":"FearPotion"},{"floor":16,"key":"EntropicBrew"},{"floor":33,"key":"Fire Potion"}],"is_trial":false,"path_per_floor":["M","?","M","M","M","E","R","E","T","M","M","R","?","E","R","B",null,"M","?","$","M","?","R","M","R","T","?","E","M","?","M","R","B",null,"M","M","M","?","$","R","E","$","T","$","R","E"],"character_chosen":"DEFECT","items_purchased":["Membership Card","Steam","Apotheosis","Defragment","Panacea","Ancient Tea Set","DollysMirror"],"campfire_rested":3,"item_purchase_floors":[20,20,20,39,39,39,42],"current_hp_per_floor":[75,75,74,79,56,18,42,27,27,27,27,27,80,80,80,48,80,68,68,68,46,46,46,42,66,66,66,63,68,68,77,77,61,80,80,80,70,70,70,70,36,36,36,36,60,0],"gold":30,"neow_bonus":"RANDOM_COMMON_RELIC","is_prod":false,"is_daily":false,"chose_seed":false,"campfire_upgraded":5,"win_rate":0,"timestamp":1551372605,"path_taken":["M","?","M","?","M","E","R","E","T","M","M","R","?","E","R","BOSS","M","?","$","M","?","R","M","R","T","?","E","M","?","?","R","BOSS","M","M","M","?","$","R","E","?","T","$","R","E"],"build_version":"2019-01-23","purchased_purges":2,"victory":false,"max_hp_per_floor":[75,75,75,80,80,80,80,80,80,80,80,80,80,80,80,80,80,80,80,80,80,80,80,80,80,80,80,80,80,80,80,80,80,80,80,80,80,80,80,80,80,80,80,80,80,80],"card_choices":[{"not_picked":["Gash","Go for the Eyes"],"picked":"Darkness","floor":1},{"not_picked":["Leap","Barrage"],"picked":"Cold Snap","floor":3},{"not_picked":["Rip and Tear","Go for the Eyes"],"picked":"Capacitor","floor":4},{"not_picked":["Darkness","Capacitor"],"picked":"Sweeping Beam","floor":5},{"not_picked":["Redo","Recycle"],"picked":"BootSequence","floor":6},{"not_picked":["Stack","Creative AI"],"picked":"Go for the Eyes","floor":8},{"not_picked":["Coolheaded","Stack"],"picked":"Streamline","floor":10},{"not_picked":["Gash","Sweeping Beam"],"picked":"Conserve Battery","floor":11},{"not_picked":["Rip and Tear","Doom and Gloom"],"picked":"Ball Lightning","floor":14},{"not_picked":["Meteor Strike","Amplify"],"picked":"Electrodynamics","floor":16},{"not_picked":["Sunder+1","Hologram+1"],"picked":"Leap","floor":18},{"not_picked":["Streamline","Leap+1"],"picked":"Recycle+1","floor":21},{"not_picked":["Consume","Gash"],"picked":"Leap","floor":24},{"not_picked":["Redo","Tempest"],"picked":"Self Repair","floor":25},{"not_picked":["Steam","Streamline+1"],"picked":"Genetic Algorithm+1","floor":28},{"not_picked":["Go for the Eyes","Rebound+1"],"picked":"Echo Form","floor":29},{"not_picked":["Sweeping Beam","Conserve Battery"],"picked":"Compile Driver","floor":31},{"not_picked":["Chill+1","Leap"],"picked":"Auto Shields+1","floor":35},{"not_picked":["Cold Snap+1","Rip and Tear+1"],"picked":"Compile Driver+1","floor":36},{"not_picked":["Genetic Algorithm","Stack+1"],"picked":"Coolheaded","floor":37},{"not_picked":["Leap","Heatsinks","BootSequence"],"picked":"SKIP","floor":41}],"player_experience":442045,"relics_obtained":[{"floor":6,"key":"Du-Vu Doll"},{"floor":8,"key":"Bag of Marbles"},{"floor":9,"key":"PreservedInsect"},{"floor":14,"key":"Dream Catcher"},{"floor":26,"key":"Kunai"},{"floor":28,"key":"Orichalcum"},{"floor":41,"key":"Mercury Hourglass"},{"floor":43,"key":"Vajra"}],"event_choices":[{"damage_healed":0,"gold_gain":100,"player_choice":"Pray","damage_taken":0,"max_hp_gain":0,"max_hp_loss":0,"event_name":"Golden Shrine","floor":2,"gold_loss":0},{"cards_removed":["Capacitor"],"damage_healed":53,"gold_gain":0,"player_choice":"Offered Uncommon","damage_taken":0,"max_hp_gain":0,"max_hp_loss":0,"event_name":"Bonfire Elementals","floor":13,"gold_loss":0},{"cards_removed":["Strike_B"],"damage_healed":0,"gold_gain":0,"player_choice":"Gave Gold","damage_taken":0,"max_hp_gain":0,"max_hp_loss":0,"event_name":"Beggar","floor":19,"gold_loss":75},{"damage_healed":0,"gold_gain":0,"player_choice":"Simplicity","damage_taken":0,"max_hp_gain":0,"max_hp_loss":0,"event_name":"Back to Basics","floor":27,"gold_loss":0,"cards_upgraded":["Strike_B","Strike_B","Defend_B","Defend_B","Defend_B","Defend_B"]},{"damage_healed":0,"gold_gain":0,"player_choice":"Opened","damage_taken":0,"relics_obtained":["Boot"],"max_hp_gain":0,"max_hp_loss":0,"event_name":"The Mausoleum","floor":30,"gold_loss":0},{"damage_healed":0,"gold_gain":0,"player_choice":"Gave Potion","damage_taken":0,"relics_obtained":["Bronze Scales"],"max_hp_gain":0,"max_hp_loss":0,"event_name":"WeMeetAgain","floor":38,"gold_loss":0}],"is_beta":false,"boss_relics":[{"not_picked":["Eternal Feather","Coffee Dripper"],"picked":"Nuclear Battery"},{"not_picked":["Tiny House","Astrolabe"],"picked":"Pandora\u0027s Box"}],"items_purged_floors":[20,44],"is_endless":false,"potions_floor_spawned":[3,4,6,10,16,18,28,33,35],"killed_by":"Giant Head","ascension_level":4}