{"gold_per_floor":[114,114,33,48,67,80,114,114,114,114,142,142,153,253,253,352,352,367,378,61,81,4,32,0,12,12,12,25,25,25,36,36,131,131,147,147,12,12,12,12,28,28,101,101,38,38,38,58,58,58],"floor_reached":51,"playtime":4174,"items_purged":["Strike_B"],"score":810,"play_id":"e75012e4-cba4-4386-87f1-dbd423703bda","local_time":"20190206021451","is_ascension_mode":true,"campfire_choices":[{"data":"Self Repair","floor":8.0,"key":"SMITH"},{"data":"Go for the Eyes","floor":10.0,"key":"SMITH"},{"data":"Conserve Battery","floor":15.0,"key":"SMITH"},{"data":"Static Discharge","floor":27.0,"key":"SMITH"},{"data":"Self Repair","floor":29.0,"key":"SMITH"},{"data":"Defragment","floor":32.0,"key":"SMITH"},{"data":"Buffer","floor":40.0,"key":"SMITH"},{"data":"Dark Shackles","floor":42.0,"key":"SMITH"},{"data":"Consume","floor":44.0,"key":"SMITH"},{"data":"Capacitor","floor":46.0,"key":"SMITH"},{"data":"Blind","floor":49.0,"key":"SMITH"}],"neow_cost":"NONE","seed_source_timestamp":2185582290096097,"circlet_count":0,"master_deck":["Strike_B","Defend_B","Defend_B","Defend_B","Defend_B","Zap","Dualcast","Undo","Self Repair+1","Conserve Battery+1","Capacitor+1","Go for the Eyes+1","Leap","Ball Lightning","Ball Lightning","Core Surge","Leap","Melter+1","Static Discharge+1","Steam","Stack+1","Self Repair+1","Electrodynamics","Defragment+1","Buffer+1","Dark Shackles+1","Consume+1","Blind+1","Melter","Auto Shields"],"special_seed":0,"relics":["Coffee Dripper","Vajra","Ornamental Fan","Mango","Lantern","Empty Cage","Omamori","Anchor","Bag of Marbles","Eternal Feather","Darkstone Periapt","Pantograph","Pen Nib"],"potions_floor_usage":[50,50],"damage_taken":[{"damage":0.0,"enemies":"Small Slimes","floor":1.0,"turns":2.0},{"damage":0.0,"enemies":"Jaw Worm","floor":4.0,"turns":3.0},{"damage":0.0,"enemies":"Cultist","floor":5.0,"turns":3.0},{"damage":6.0,"enemies":"2 Fungi Beasts","floor":6.0,"turns":4.0},{"damage":57.0,"enemies":"3 Sentries","floor":7.0,"turns":12.0},{"damage":15.0,"enemies":"Lagavulin","floor":11.0,"turns":8.0},{"damage":12.0,"enemies":"Lots of Slimes","floor":13.0,"turns":4.0},{"damage":8.0,"enemies":"Hexaghost","floor":16.0,"turns":10.0},{"damage":24.0,"enemies":"3 Byrds","floor":18.0,"turns":5.0},{"damage":2.0,"enemies":"Shell Parasite","floor":19.0,"turns":7.0},{"damage":3.0,"enemies":"Snecko","floor":21.0,"turns":5.0},{"damage":44.0,"enemies":"Slavers","floor":23.0,"turns":7.0},{"damage":2.0,"enemies":"Shelled Parasite and Fungi","floor":25.0,"turns":6.0},{"damage":10.0,"enemies":"Chosen and Byrds","floor":28.0,"turns":7.0},{"damage":13.0,"enemies":"Snecko","floor":31.0,"turns":5.0},{"damage":80.0,"enemies":"Automaton","floor":33.0,"turns":9.0},{"damage":27.0,"enemies":"3 Darklings","floor":35.0,"turns":5.0},{"damage":9.0,"enemies":"Orb Walker","floor":41.0,"turns":4.0},{"damage":26.0,"enemies":"Spire Growth","floor":48.0,"turns":5.0},{"damage":81,"enemies":"Donu and Deca","floor":50,"turns":8}],"seed_played":"-5790513505901822540","potions_obtained":[{"floor":1.0,"key":"GamblersBrew"},{"floor":4.0,"key":"Weak Potion"},{"floor":5.0,"key":"LiquidBronze"},{"floor":19.0,"key":"Regen Potion"},{"floor":25.0,"key":"Weak Potion"},{"floor":33.0,"key":"Swift Potion"},{"floor":35.0,"key":"FocusPotion"},{"floor":41.0,"key":"EssenceOfSteel"}],"is_trial":false,"path_per_floor":["M","?","$","M","M","M","E","R","T","R","E","T","M","?","R","B",null,"M","M","$","M","$","E","?","M","T","R","M","R","$","M","R","B",null,"M","?","$","?","T","R","M","R","T","R","?","R","$","M","R","B",null],"character_chosen":"DEFECT","items_purchased":["Self Repair","Static Discharge","Steam","Omamori","Regen Potion","Dark Shackles","Consume"],"campfire_rested":0,"item_purchase_floors":[3,20,20,20,22,37,37],"current_hp_per_floor":[68,68,68,75,75,75,25,25,25,25,34,34,32,32,32,34,75,61,69,69,85,85,65,65,80,80,80,87,87,87,89,89,29,74,57,57,57,57,57,72,83,89,89,89,89,89,89,83,89,18],"gold":58,"neow_bonus":"BOSS_RELIC","is_prod":false,"is_daily":false,"chose_seed":false,"campfire_upgraded":11,"win_rate":0,"timestamp":1549412091,"path_taken":["M","?","?","M","M","M","E","R","T","R","E","?","?","?","R","BOSS","M","M","$","M","?","E","?","M","T","R","M","R","$","M","R","BOSS","M","?","$","?","?","R","?","R","T","R","?","R","?","M","R","BOSS"],"build_version":"2019-01-23","purchased_purges":1,"victory":true,"max_hp_per_floor":[75,75,75,75,75,75,75,75,75,75,89,89,89,89,89,89,89,89,89,89,89,89,89,89,89,89,89,89,89,89,89,89,89,89,89,89,89,89,89,89,89,89,89,89,89,89,89,89,89,89],"card_choices":[{"not_picked":["Reprogram","Barrage"],"picked":"Undo","floor":1.0},{"not_picked":["BootSequence","Hello World"],"picked":"Conserve Battery","floor":4.0},{"not_picked":["Blizzard","Compile Driver"],"picked":"Capacitor","floor":5.0},{"not_picked":["Sweeping Beam","Steam"],"picked":"Go for the Eyes","floor":6.0},{"not_picked":["Rebound","Sweeping Beam"],"picked":"Leap","floor":7.0},{"not_picked":["Steam","Double Energy"],"picked":"Ball Lightning","floor":11.0},{"not_picked":["Beam Cell","Hologram"],"picked":"Ball Lightning","floor":13.0},{"not_picked":["Amplify","Thunder Strike"],"picked":"Core Surge","floor":16.0},{"not_picked":["Rebound","Coolheaded"],"picked":"Leap","floor":18.0},{"not_picked":["Hologram","Gash+1"],"picked":"Melter+1","floor":19.0},{"not_picked":["Scrape","Steam"],"picked":"Stack+1","floor":21.0},{"not_picked":["Stack","Streamline"],"picked":"Self Repair","floor":23.0},{"not_picked":["Defragment","Sweeping Beam"],"picked":"Electrodynamics","floor":25.0},{"not_picked":["Ball Lightning","Sweeping Beam","Compile Driver"],"picked":"SKIP","floor":28.0},{"not_picked":["Double Energy","Stack+1"],"picked":"Defragment","floor":31.0},{"not_picked":["Seek","Machine Learning"],"picked":"Buffer","floor":33.0},{"not_picked":["Gash+1","Redo","Skim"],"picked":"SKIP","floor":35.0},{"not_picked":["Good Instincts","Enlightenment"],"picked":"Blind","floor":38.0},{"not_picked":["Conserve Battery+1","White Noise"],"picked":"Melter","floor":41.0},{"not_picked":["Fusion","Leap"],"picked":"Auto Shields","floor":48.0}],"player_experience":534572,"relics_obtained":[{"floor":7.0,"key":"Vajra"},{"floor":9.0,"key":"Ornamental Fan"},{"floor":11.0,"key":"Mango"},{"floor":12.0,"key":"Lantern"},{"floor":23.0,"key":"Anchor"},{"floor":26.0,"key":"Bag of Marbles"},{"floor":39.0,"key":"Darkstone Periapt"},{"floor":43.0,"key":"Pantograph"}],"event_choices":[{"damage_healed":0.0,"max_hp_gain":0.0,"max_hp_loss":0.0,"gold_gain":0.0,"event_name":"Scrap Ooze","player_choice":"Fled","floor":2.0,"gold_loss":0.0,"damage_taken":0.0},{"damage_healed":0.0,"max_hp_gain":0.0,"max_hp_loss":0.0,"gold_gain":100.0,"event_name":"Golden Shrine","player_choice":"Pray","floor":14.0,"gold_loss":0.0,"damage_taken":0.0},{"damage_healed":0.0,"max_hp_gain":0.0,"max_hp_loss":0.0,"gold_gain":0.0,"event_name":"Masked Bandits","player_choice":"Paid Fearfully","floor":24.0,"gold_loss":32.0,"damage_taken":0.0},{"damage_healed":0.0,"max_hp_gain":0.0,"max_hp_loss":0.0,"gold_gain":0.0,"event_name":"Tomb of Lord Red Mask","player_choice":"Ignored","floor":36.0,"gold_loss":0.0,"damage_taken":0.0},{"damage_healed":0.0,"max_hp_gain":0.0,"max_hp_loss":0.0,"gold_gain":0.0,"event_name":"SensoryStone","player_choice":"Memory 1","floor":38.0,"gold_loss":0.0,"damage_taken":0.0},{"damage_healed":0.0,"max_hp_gain":0.0,"max_hp_loss":0.0,"gold_gain":0.0,"event_name":"WeMeetAgain","player_choice":"Paid Gold","floor":45.0,"gold_loss":63.0,"damage_taken":0.0,"relics_obtained":["Pen Nib"]}],"is_beta":false,"boss_relics":[{"not_picked":["Sozu","Nuclear Battery"],"picked":"Empty Cage"},{"not_picked":["Lizard Tail","Busted Crown"],"picked":"Eternal Feather"}],"items_purged_floors":[20],"is_endless":false,"potions_floor_spawned":[1,4,5,19,25,33,35,41],"ascension_level":6}