{"gold_per_floor":[112,122,122,142,56,82,96,96,96,116,116,116,116,134,134,232,232,243,258,258,358,71,71,24,38,38,38,38,66,66,81,81,186,486,501,501,501,143,155,155,155,180,207,207],"floor_reached":44,"playtime":1875,"items_purged":["Decay"],"score":634,"play_id":"cd100610-2146-4e0f-8def-75187f557077","local_time":"20190518113925","is_ascension_mode":false,"campfire_choices":[{"floor":8,"key":"REST"},{"floor":12,"key":"REST"},{"data":"Crippling Poison","floor":15,"key":"SMITH"},{"floor":23,"key":"REST"},{"floor":27,"key":"REST"},{"floor":30,"key":"REST"},{"floor":32,"key":"REST"},{"data":"Storm of Steel","floor":41,"key":"SMITH"}],"neow_cost":"NONE","seed_source_timestamp":5321144078900,"circlet_count":0,"master_deck":["Defend_G","Defend_G","Defend_G","Defend_G","Strike_G","Strike_G","Strike_G","Strike_G","Strike_G","Survivor","Neutralize","Quick Slash","Quick Slash","Crippling Poison+1","Envenom+1","Quick Slash","Dagger Throw","Slice","Storm of Steel+1","Quick Slash","Noxious Fumes+1","Infinite Blades+1","Deadly Poison","Poisoned Stab","Decay","Blade Dance","Blade Dance+1","Phantasmal Killer","Clumsy","Normality","Regret","Deadly Poison+1","Infinite Blades+1","Blade Dance+1","Parasite"],"relics":["Ring of the Snake","NeowsBlessing","Regal Pillow","Frozen Egg 2","Anchor","Incense Burner","Cursed Key","WingedGreaves","Kunai","Torii","Blue Candle","Lantern","Calling Bell","Bag of Preparation","Mercury Hourglass","Old Coin","Strange Spoon","Vajra","Orichalcum"],"potions_floor_usage":[10,16,16,29,40,42,42,44],"damage_taken":[{"damage":0,"enemies":"Jaw Worm","floor":1,"turns":1},{"damage":0,"enemies":"Cultist","floor":2,"turns":1},{"damage":0,"enemies":"2 Louse","floor":4,"turns":1},{"damage":62,"enemies":"Lagavulin","floor":6,"turns":7},{"damage":5,"enemies":"Blue Slaver","floor":7,"turns":4},{"damage":7,"enemies":"Gremlin Gang","floor":10,"turns":4},{"damage":7,"enemies":"Looter","floor":14,"turns":3},{"damage":31,"enemies":"Hexaghost","floor":16,"turns":8},{"damage":7,"enemies":"2 Thieves","floor":18,"turns":3},{"damage":24,"enemies":"3 Byrds","floor":19,"turns":4},{"damage":24,"enemies":"Colosseum Slavers","floor":21,"turns":4},{"damage":13,"enemies":"Colosseum Nobs","floor":21,"turns":5},{"damage":25,"enemies":"3 Cultists","floor":25,"turns":5},{"damage":36,"enemies":"Book of Stabbing","floor":29,"turns":5},{"damage":19,"enemies":"Centurion and Healer","floor":31,"turns":5},{"damage":37,"enemies":"Champ","floor":33,"turns":10},{"damage":13,"enemies":"3 Shapes","floor":35,"turns":6},{"damage":3,"enemies":"Orb Walker","floor":39,"turns":3},{"damage":2,"enemies":"Reptomancer","floor":40,"turns":2},{"damage":55,"enemies":"Giant Head","floor":42,"turns":7},{"damage":23,"enemies":"Maw","floor":44,"turns":5}],"seed_played":"851611476419480711","potions_obtained":[{"floor":6,"key":"EssenceOfSteel"},{"floor":7,"key":"GhostInAJar"},{"floor":14,"key":"SteroidPotion"},{"floor":21,"key":"Regen Potion"},{"floor":25,"key":"AttackPotion"},{"floor":31,"key":"SmokeBomb"},{"floor":39,"key":"FearPotion"},{"floor":42,"key":"SkillPotion"}],"is_trial":false,"path_per_floor":["M","M","$","M","?","E","M","R","T","M","?","R","?","M","R","B",null,"M","M","?","?","$","R","$","M","T","R","$","E","R","M","R","B",null,"M","?","?","$","M","E","R","E","T","M"],"character_chosen":"THE_SILENT","items_purchased":["Torii","Deadly Poison","Infinite Blades+1","Strange Spoon"],"campfire_rested":6,"item_purchase_floors":[22,24,38,38],"current_hp_per_floor":[70,70,70,70,70,8,3,39,39,32,25,61,61,54,54,23,70,63,39,39,2,2,38,38,13,13,49,49,13,49,30,66,29,70,57,57,57,57,54,52,52,2,2,0],"gold":207,"neow_bonus":"THREE_ENEMY_KILL","is_prod":false,"is_daily":false,"chose_seed":false,"campfire_upgraded":2,"win_rate":0,"timestamp":1558168765,"path_taken":["M","M","$","M","?","E","?","R","T","M","?","R","?","M","R","BOSS","M","?","?","?","$","R","?","?","T","R","$","E","R","M","R","BOSS","M","?","?","$","M","E","R","E","T","M"],"build_version":"2019-01-23","purchased_purges":1,"victory":false,"max_hp_per_floor":[70,70,70,70,70,70,70,70,70,70,70,70,70,70,70,70,70,70,70,70,70,70,70,70,70,70,70,70,70,70,70,70,70,70,70,70,66,66,66,66,66,66,66,66],"card_choices":[{"not_picked":["Sucker Punch","Dagger Spray"],"picked":"Quick Slash","floor":1},{"not_picked":["Slice","PiercingWail"],"picked":"Quick Slash","floor":2},{"not_picked":["Dodge and Roll","Deadly Poison"],"picked":"Crippling Poison","floor":4},{"not_picked":["Leg Sweep","Dagger Spray"],"picked":"Envenom","floor":6},{"not_picked":["Calculated Gamble","Catalyst"],"picked":"Quick Slash","floor":7},{"not_picked":["Deflect","Catalyst"],"picked":"Dagger Throw","floor":10},{"not_picked":["Dagger Spray","Outmaneuver"],"picked":"Slice","floor":14},{"not_picked":["Doppelganger","Phantasmal Killer"],"picked":"Storm of Steel","floor":16},{"not_picked":["Cloak And Dagger","Backflip+1"],"picked":"Quick Slash","floor":18},{"not_picked":["Quick Slash","Dodge and Roll+1"],"picked":"Noxious Fumes+1","floor":19},{"not_picked":["Sucker Punch","Underhanded Strike"],"picked":"Infinite Blades+1","floor":21},{"not_picked":["Terror+1","Riddle With Holes"],"picked":"Poisoned Stab","floor":25},{"not_picked":["Underhanded Strike","Backflip"],"picked":"Blade Dance","floor":29},{"not_picked":["Corpse Explosion","Slice"],"picked":"Blade Dance+1","floor":31},{"not_picked":["Glass Knife","Wraith Form v2+1"],"picked":"Phantasmal Killer","floor":33},{"not_picked":["PiercingWail","Skewer+1"],"picked":"Deadly Poison+1","floor":35},{"not_picked":["Outmaneuver+1","Underhanded Strike+1","Dagger Throw"],"picked":"SKIP","floor":39},{"not_picked":["Dagger Spray+1","PiercingWail"],"picked":"Blade Dance+1","floor":42}],"player_experience":321233,"relics_obtained":[{"floor":6,"key":"Frozen Egg 2"},{"floor":9,"key":"Anchor"},{"floor":13,"key":"Incense Burner"},{"floor":21,"key":"WingedGreaves"},{"floor":21,"key":"Kunai"},{"floor":26,"key":"Blue Candle"},{"floor":29,"key":"Lantern"},{"floor":34,"key":"Bag of Preparation"},{"floor":34,"key":"Mercury Hourglass"},{"floor":34,"key":"Old Coin"},{"floor":42,"key":"Vajra"},{"floor":43,"key":"Orichalcum"}],"event_choices":[{"damage_healed":0,"gold_gain":0,"player_choice":"Paid Gold","damage_taken":0,"relics_obtained":["Regal Pillow"],"max_hp_gain":0,"max_hp_loss":0,"event_name":"WeMeetAgain","floor":5,"gold_loss":86},{"cards_removed":["Defend_G"],"damage_healed":0,"gold_gain":0,"player_choice":"Card Removal","damage_taken":7,"max_hp_gain":0,"max_hp_loss":0,"event_name":"Golden Wing","floor":11,"gold_loss":0},{"damage_healed":0,"gold_gain":0,"player_choice":"Relic","damage_taken":0,"max_hp_gain":0,"max_hp_loss":0,"event_name":"Wheel of Change","floor":13,"gold_loss":0},{"damage_healed":0,"gold_gain":0,"player_choice":"Smashed Altar","damage_taken":0,"max_hp_gain":0,"max_hp_loss":0,"event_name":"Forgotten Altar","floor":20,"gold_loss":0,"cards_obtained":["Decay"]},{"damage_healed":0,"gold_gain":0,"player_choice":"Fight","damage_taken":0,"max_hp_gain":0,"max_hp_loss":0,"event_name":"Colosseum","floor":21,"gold_loss":0},{"damage_healed":0,"gold_gain":0,"player_choice":"Fought Nobs","damage_taken":0,"max_hp_gain":0,"max_hp_loss":0,"event_name":"Colosseum","floor":21,"gold_loss":0},{"damage_healed":0,"gold_gain":0,"player_choice":"Memory 1","damage_taken":0,"max_hp_gain":0,"max_hp_loss":0,"event_name":"SensoryStone","floor":36,"gold_loss":0},{"damage_healed":0,"gold_gain":0,"player_choice":"Max HP","damage_taken":0,"max_hp_gain":0,"max_hp_loss":4,"event_name":"Winding Halls","floor":37,"gold_loss":0}],"is_beta":false,"boss_relics":[{"not_picked":["Orrery","Black Star"],"picked":"Cursed Key"},{"not_picked":["Tiny House","Philosopher\u0027s Stone"],"picked":"Calling Bell"}],"items_purged_floors":[38],"is_endless":false,"potions_floor_spawned":[6,7,14,21,21,25,31,39,40,42],"killed_by":"Maw","ascension_level":0}