{"gold_per_floor":[112,2,21,21,41,75,75,75,75,75,406,419,419,419,419,522,522,532,542,102,116,132,132,159,159,159,176,194,244,275,325,325,422,422,437,448,498,180,230,230,248,258,284,301,369,379,379,389,389,389],"floor_reached":51,"playtime":5547,"items_purged":["Strike_B","Strike_B","Strike_B"],"score":1113,"play_id":"9276fe2c-2936-4a3f-836a-c92ee9adf9f6","local_time":"20190227000722","is_ascension_mode":true,"campfire_choices":[{"floor":7.0,"key":"REST"},{"floor":10.0,"key":"REST"},{"data":"Self Repair","floor":13.0,"key":"SMITH"},{"floor":15.0,"key":"REST"},{"floor":23.0,"key":"REST"},{"data":"Defragment","floor":25.0,"key":"SMITH"},{"floor":32.0,"key":"REST"},{"data":"Defragment","floor":40.0,"key":"SMITH"},{"data":"Conserve Battery","floor":47,"key":"SMITH"},{"data":"Conserve Battery","floor":49,"key":"SMITH"}],"neow_cost":"PERCENT_DAMAGE","seed_source_timestamp":115269278638282,"circlet_count":0,"master_deck":["AscendersBane","Strike_B","Defend_B","Defend_B","Defend_B","Defend_B+1","Zap","Dualcast","Conserve Battery+1","Self Repair+1","Defragment+1","Leap","Darkness","Tempest+1","Ball Lightning","Defragment+1","Glacier","Echo Form","Leap","Conserve Battery+1","Conserve Battery+1","Static Discharge","Conserve Battery","Self Repair+1","Leap","Seek+1","Defragment+1"],"special_seed":0,"relics":["Cracked Core","Du-Vu Doll","Ornamental Fan","Dream Catcher","War Paint","Old Coin","SsserpentHead","Sozu","Mummified Hand","Omamori","Singing Bowl","Oddly Smooth Stone","Runic Pyramid","Chemical X","Strawberry"],"potions_floor_usage":[],"damage_taken":[{"damage":7.0,"enemies":"2 Louse","floor":1.0,"turns":3.0},{"damage":1.0,"enemies":"Cultist","floor":3.0,"turns":4.0},{"damage":6.0,"enemies":"Small Slimes","floor":5.0,"turns":4.0},{"damage":29.0,"enemies":"Lagavulin","floor":6.0,"turns":8.0},{"damage":35.0,"enemies":"3 Sentries","floor":11.0,"turns":5.0},{"damage":2.0,"enemies":"Exordium Thugs","floor":12.0,"turns":4.0},{"damage":16.0,"enemies":"The Guardian","floor":16.0,"turns":12.0},{"damage":22.0,"enemies":"Spheric Guardian","floor":18.0,"turns":4.0},{"damage":21.0,"enemies":"Chosen","floor":19.0,"turns":6.0},{"damage":16.0,"enemies":"Snake Plant","floor":21.0,"turns":4.0},{"damage":17.0,"enemies":"Centurion and Healer","floor":22.0,"turns":8.0},{"damage":18.0,"enemies":"Book of Stabbing","floor":24.0,"turns":8.0},{"damage":14.0,"enemies":"Shelled Parasite and Fungi","floor":27.0,"turns":6.0},{"damage":23.0,"enemies":"Chosen and Byrds","floor":28.0,"turns":6.0},{"damage":25.0,"enemies":"Gremlin Leader","floor":30.0,"turns":5.0},{"damage":55.0,"enemies":"Champ","floor":33.0,"turns":13.0},{"damage":49.0,"enemies":"3 Darklings","floor":35.0,"turns":7.0},{"damage":2.0,"enemies":"3 Shapes","floor":36.0,"turns":5.0},{"damage":24.0,"enemies":"Sphere and 2 Shapes","floor":41.0,"turns":7.0},{"damage":37,"enemies":"Transient","floor":44,"turns":5},{"damage":10,"enemies":"Spire Growth","floor":45,"turns":6},{"damage":4,"enemies":"Writhing Mass","floor":46,"turns":5},{"damage":13,"enemies":"Transient","floor":48,"turns":5},{"damage":65,"enemies":"Time Eater","floor":50,"turns":13}],"seed_played":"3820863004759278936","potions_obtained":[{"floor":3.0,"key":"SteroidPotion"},{"floor":5.0,"key":"LiquidBronze"},{"floor":6.0,"key":"Dexterity Potion"},{"floor":11.0,"key":"EssenceOfSteel"}],"is_trial":false,"path_per_floor":["M","$","M","?","M","E","R","?","T","R","E","M","R","?","R","B",null,"M","M","$","M","M","R","E","R","T","M","M","?","E","?","R","B",null,"M","M","?","$","?","R","M","?","T","M","M","M","R","M","R","B",null],"character_chosen":"DEFECT","items_purchased":["Self Repair","Mummified Hand","Conserve Battery","Static Discharge","Chemical X"],"campfire_rested":5,"item_purchase_floors":[2,20,20,20,38],"current_hp_per_floor":[43,43,49,49,50,28,50,50,50,72,44,49,49,49,71,65,73,71,70,70,54,57,75,75,75,75,73,72,72,59,59,81,66,77,70,85,85,85,81,81,83,83,90,85,92,94,94,96,96,51],"gold":389,"neow_bonus":"ONE_RARE_RELIC","is_prod":false,"is_daily":false,"chose_seed":false,"campfire_upgraded":5,"win_rate":0,"timestamp":1551218842,"path_taken":["M","$","M","?","?","E","R","?","T","R","E","M","R","?","R","BOSS","M","M","$","M","M","R","E","R","T","M","M","?","E","?","R","BOSS","M","M","?","$","?","R","M","?","T","M","?","M","R","M","R","BOSS"],"build_version":"2019-01-23","purchased_purges":3,"victory":true,"max_hp_per_floor":[75,75,75,75,75,75,75,75,75,75,75,75,75,75,75,75,75,75,75,75,75,75,75,75,75,75,77,79,79,81,81,81,81,81,83,85,85,85,81,81,83,83,90,92,92,94,94,96,96,96],"card_choices":[{"not_picked":["Compile Driver","Steam Power"],"picked":"Conserve Battery","floor":1.0},{"not_picked":["Sweeping Beam","Go for the Eyes"],"picked":"Defragment","floor":3.0},{"not_picked":["Reprogram","Beam Cell"],"picked":"Leap","floor":5.0},{"not_picked":["Consume","Force Field"],"picked":"Darkness","floor":6.0},{"not_picked":["Hologram","Go for the Eyes"],"picked":"Tempest","floor":7.0},{"not_picked":["Darkness","Streamline"],"picked":"Ball Lightning","floor":11.0},{"not_picked":["Redo","Chill"],"picked":"Defragment","floor":12.0},{"not_picked":["Blizzard","Reinforced Body"],"picked":"Glacier","floor":15.0},{"not_picked":["Reboot","Buffer"],"picked":"Echo Form","floor":16.0},{"not_picked":["Genetic Algorithm","Rebound"],"picked":"Leap","floor":18.0},{"not_picked":["Scrape","Rebound"],"picked":"Conserve Battery","floor":19.0},{"not_picked":["Sweeping Beam+1","Coolheaded"],"picked":"Conserve Battery","floor":21.0},{"not_picked":["Compile Driver","Reprogram","Conserve Battery"],"picked":"SKIP","floor":22.0},{"not_picked":["Reboot","Hologram","Recycle"],"picked":"SKIP","floor":24.0},{"not_picked":["Doom and Gloom","Blizzard","Stack+1"],"picked":"Singing Bowl","floor":27.0},{"not_picked":["Conserve Battery","Heatsinks","Tempest"],"picked":"Singing Bowl","floor":28.0},{"not_picked":["Turbo","Streamline","Amplify"],"picked":"Singing Bowl","floor":30.0},{"not_picked":["Ball Lightning","Static Discharge"],"picked":"Leap","floor":32.0},{"not_picked":["Multi-Cast","Biased Cognition"],"picked":"Seek","floor":33.0},{"not_picked":["Tempest","Steam","Rebound"],"picked":"Singing Bowl","floor":35.0},{"not_picked":["Compile Driver","Conserve Battery","Coolheaded+1"],"picked":"Singing Bowl","floor":36.0},{"not_picked":["Leap","Stack","Double Energy"],"picked":"Singing Bowl","floor":41.0},{"not_picked":["Barrage","Cold Snap","Skim"],"picked":"Singing Bowl","floor":44},{"not_picked":["Go for the Eyes","Lockon"],"picked":"Defragment+1","floor":45},{"not_picked":["Steam Power","Streamline","Self Repair"],"picked":"Singing Bowl","floor":46},{"not_picked":["Hologram","Redo","Chaos+1"],"picked":"Singing Bowl","floor":48}],"player_experience":692584,"relics_obtained":[{"floor":6.0,"key":"Dream Catcher"},{"floor":9.0,"key":"War Paint"},{"floor":11.0,"key":"Old Coin"},{"floor":24.0,"key":"Omamori"},{"floor":26.0,"key":"Singing Bowl"},{"floor":30.0,"key":"Oddly Smooth Stone"},{"floor":43,"key":"Strawberry"}],"event_choices":[{"damage_healed":0.0,"max_hp_gain":0.0,"max_hp_loss":0.0,"gold_gain":0.0,"event_name":"WeMeetAgain","player_choice":"Gave Potion","floor":4.0,"gold_loss":0.0,"damage_taken":0.0,"relics_obtained":["Ornamental Fan"]},{"damage_healed":0.0,"max_hp_gain":0.0,"max_hp_loss":0.0,"gold_gain":0.0,"event_name":"Scrap Ooze","player_choice":"Fled","floor":8.0,"gold_loss":0.0,"damage_taken":0.0},{"damage_healed":0.0,"max_hp_gain":0.0,"max_hp_loss":0.0,"gold_gain":0.0,"event_name":"FaceTrader","player_choice":"Trade","floor":14.0,"gold_loss":0.0,"damage_taken":0.0,"relics_obtained":["SsserpentHead"]},{"damage_healed":0.0,"max_hp_gain":0.0,"max_hp_loss":0.0,"gold_gain":0.0,"event_name":"Cursed Tome","player_choice":"Ignored","floor":29.0,"gold_loss":0.0,"damage_taken":0.0},{"damage_healed":0.0,"max_hp_gain":0.0,"max_hp_loss":0.0,"gold_gain":0.0,"event_name":"Duplicator","player_choice":"Copied","floor":31.0,"gold_loss":0.0,"damage_taken":0.0,"cards_obtained":["Self Repair"]},{"damage_healed":0.0,"max_hp_gain":0.0,"max_hp_loss":0.0,"gold_gain":0.0,"event_name":"Tomb of Lord Red Mask","player_choice":"Ignored","floor":37.0,"gold_loss":0.0,"damage_taken":0.0},{"damage_healed":0.0,"max_hp_gain":0.0,"max_hp_loss":4.0,"gold_gain":0.0,"event_name":"Winding Halls","player_choice":"Max HP","floor":39.0,"gold_loss":0.0,"damage_taken":0.0},{"damage_healed":0,"gold_gain":0,"player_choice":"Upgraded Two","damage_taken":0,"max_hp_gain":0,"max_hp_loss":0,"event_name":"Designer","floor":42,"gold_loss":40,"cards_upgraded":["Conserve Battery","Seek"]}],"is_beta":false,"boss_relics":[{"not_picked":["Runic Dome","Astrolabe"],"picked":"Sozu"},{"not_picked":["Black Star","Velvet Choker"],"picked":"Runic Pyramid"}],"items_purged_floors":[2,20,38],"is_endless":false,"potions_floor_spawned":[3,5,6,11,18,19,21,28,35,41,44,48],"ascension_level":12}