{"gold_per_floor":[115,126,126,136,148,173,173,62,89,89,117,117,132,149,149,245,245,255,108,108,120,130,130,130],"floor_reached":24,"playtime":1303,"items_purged":["Strike_R","Strike_R"],"score":281,"play_id":"44055dcf-82d4-4d42-8c69-69e17862db0d","local_time":"20190509222912","is_ascension_mode":true,"campfire_choices":[{"data":"Second Wind","floor":7,"key":"SMITH"},{"data":"Inflame","floor":10,"key":"SMITH"},{"data":"Feel No Pain","floor":15,"key":"SMITH"},{"floor":23,"key":"REST"}],"neow_cost":"NONE","seed_source_timestamp":2188932606105768,"circlet_count":0,"master_deck":["Strike_R","Strike_R","Defend_R","Defend_R","Defend_R","Bash","Wild Strike","Second Wind+1","Flame Barrier","Thunderclap","True Grit","Wild Strike","Inflame+1","Sever Soul","Wild Strike","Feel No Pain+1","Demon Form","Seeing Red","True Grit"],"relics":["Burning Blood","Vajra","Dream Catcher","Bronze Scales","Sozu"],"potions_floor_usage":[6,6,16],"damage_taken":[{"damage":4,"enemies":"Jaw Worm","floor":1,"turns":4},{"damage":1,"enemies":"Cultist","floor":2,"turns":3},{"damage":0,"enemies":"Small Slimes","floor":4,"turns":3},{"damage":10,"enemies":"Exordium Wildlife","floor":5,"turns":5},{"damage":18,"enemies":"3 Sentries","floor":6,"turns":6},{"damage":24,"enemies":"Gremlin Nob","floor":11,"turns":4},{"damage":9,"enemies":"Blue Slaver","floor":13,"turns":3},{"damage":14,"enemies":"Red Slaver","floor":14,"turns":3},{"damage":33,"enemies":"Slime Boss","floor":16,"turns":11},{"damage":32,"enemies":"3 Byrds","floor":18,"turns":3},{"damage":31,"enemies":"Shell Parasite","floor":21,"turns":4},{"damage":12,"enemies":"Snake Plant","floor":22,"turns":2},{"damage":57,"enemies":"Shelled Parasite and Fungi","floor":24,"turns":3}],"seed_played":"7384127776575829430","potions_obtained":[{"floor":1,"key":"PowerPotion"},{"floor":4,"key":"Explosive Potion"},{"floor":14,"key":"PowerPotion"}],"is_trial":false,"path_per_floor":["M","M","?","M","M","E","R","$","T","R","E","?","M","M","R","B",null,"M","$","?","M","M","R","M"],"character_chosen":"IRONCLAD","items_purchased":["Inflame","True Grit"],"campfire_rested":1,"item_purchase_floors":[8,19],"current_hp_per_floor":[74,79,79,80,76,64,64,64,64,64,46,72,69,61,61,34,69,43,43,43,18,12,36,0],"gold":130,"neow_bonus":"TRANSFORM_CARD","is_prod":false,"is_daily":false,"chose_seed":false,"campfire_upgraded":3,"win_rate":0,"timestamp":1557455352,"path_taken":["M","M","?","M","M","E","R","?","T","R","E","?","M","?","R","BOSS","M","$","?","M","M","R","M"],"build_version":"2019-01-23","purchased_purges":2,"victory":false,"max_hp_per_floor":[80,80,80,80,80,80,80,80,80,80,80,80,80,80,80,80,80,80,80,80,80,80,80,80],"card_choices":[{"not_picked":["Sentinel","Anger"],"picked":"Second Wind","floor":1},{"not_picked":["Body Slam","Corruption"],"picked":"Flame Barrier","floor":2},{"not_picked":["Shrug It Off","Headbutt"],"picked":"Thunderclap","floor":4},{"not_picked":["Bloodletting","Clothesline"],"picked":"True Grit","floor":5},{"not_picked":["Armaments","Demon Form"],"picked":"Wild Strike","floor":6},{"not_picked":["Disarm","Warcry"],"picked":"Sever Soul","floor":11},{"not_picked":["True Grit","Clash"],"picked":"Wild Strike","floor":13},{"not_picked":["Ghostly Armor","Intimidate"],"picked":"Feel No Pain","floor":14},{"not_picked":["Barricade","Double Tap"],"picked":"Demon Form","floor":16},{"not_picked":["Pummel","Sever Soul"],"picked":"Seeing Red","floor":18},{"not_picked":["Headbutt","Warcry","Perfected Strike"],"picked":"SKIP","floor":21},{"not_picked":["Cleave","Pommel Strike","Heavy Blade"],"picked":"SKIP","floor":22}],"player_experience":214116,"relics_obtained":[{"floor":6,"key":"Vajra"},{"floor":9,"key":"Dream Catcher"},{"floor":11,"key":"Bronze Scales"}],"event_choices":[{"cards_removed":["Defend_R"],"damage_healed":0,"gold_gain":0,"player_choice":"Purged","damage_taken":0,"max_hp_gain":0,"max_hp_loss":0,"event_name":"Purifier","floor":3,"gold_loss":0},{"damage_healed":26,"gold_gain":0,"player_choice":"Banana","damage_taken":0,"max_hp_gain":0,"max_hp_loss":0,"event_name":"Big Fish","floor":12,"gold_loss":0},{"damage_healed":0,"gold_gain":0,"player_choice":"Got Potions","damage_taken":0,"max_hp_gain":0,"max_hp_loss":0,"event_name":"Lab","floor":20,"gold_loss":0}],"is_beta":false,"boss_relics":[{"not_picked":["Philosopher\u0027s Stone","Tiny House"],"picked":"Sozu"}],"items_purged_floors":[8,19],"is_endless":false,"potions_floor_spawned":[1,4,14,21,22],"killed_by":"Shelled Parasite and Fungi","ascension_level":7}