{"gold_per_floor":[113,38,52,52,127,162,174,174,174,174,74,106,106,106,106,207,207,225,225,53,50,50,50,80,80,80,95,47,65,92,110,110,110],"floor_reached":33,"playtime":2338,"items_purged":["Strike_G","Defend_G"],"score":512,"play_id":"68d6e4e9-c251-4505-8144-7d369b48682c","local_time":"20190512192446","is_ascension_mode":true,"campfire_choices":[{"data":"Neutralize","floor":8,"key":"SMITH"},{"data":"Dash","floor":10,"key":"SMITH"},{"floor":15,"key":"REST"},{"data":"Apotheosis","floor":23,"key":"SMITH"},{"floor":25,"key":"REST"},{"floor":32,"key":"REST"}],"neow_cost":"NONE","seed_source_timestamp":2756338420564031,"circlet_count":0,"master_deck":["AscendersBane","Defend_G","Defend_G","Defend_G","Defend_G","Strike_G","Strike_G","Strike_G","Strike_G","Survivor","Neutralize+1","Catalyst","Quick Slash","Dash+1","Infinite Blades","Dash+1","A Thousand Cuts","Cloak And Dagger+1","Apotheosis+1","Terror","Bouncing Flask","Backflip","Accuracy","Deadly Poison+1"],"relics":["Ring of the Serpent","NeowsBlessing","Art of War","Lantern","Nloth\u0027s Gift","Pocketwatch","Shuriken","Oddly Smooth Stone"],"potions_floor_usage":[16,16,24,30,30,30],"damage_taken":[{"damage":0,"enemies":"2 Louse","floor":1,"turns":1},{"damage":0,"enemies":"Cultist","floor":3,"turns":1},{"damage":0,"enemies":"3 Sentries","floor":6,"turns":2},{"damage":0,"enemies":"Jaw Worm","floor":7,"turns":3},{"damage":23,"enemies":"Gremlin Nob","floor":12,"turns":5},{"damage":4,"enemies":"The Guardian","floor":16,"turns":15},{"damage":5,"enemies":"Chosen","floor":18,"turns":6},{"damage":7,"enemies":"2 Thieves","floor":21,"turns":4},{"damage":46,"enemies":"Book of Stabbing","floor":24,"turns":7},{"damage":19,"enemies":"Snecko","floor":27,"turns":4},{"damage":0,"enemies":"Centurion and Healer","floor":29,"turns":5},{"damage":0,"enemies":"Gremlin Leader","floor":30,"turns":6},{"damage":0,"enemies":"Cultist and Chosen","floor":31,"turns":5},{"damage":65,"enemies":"Automaton","floor":33,"turns":6}],"seed_played":"-454141118312789262","potions_obtained":[{"floor":3,"key":"Dexterity Potion"},{"floor":12,"key":"EssenceOfSteel"},{"floor":16,"key":"Explosive Potion"},{"floor":24,"key":"Fire Potion"},{"floor":27,"key":"EssenceOfSteel"},{"floor":31,"key":"Poison Potion"}],"is_trial":false,"path_per_floor":["M","$","M","$","?","E","M","R","T","R","$","E","?","?","R","B",null,"M","?","$","M","?","R","E","R","T","M","$","M","E","M","R","B"],"character_chosen":"THE_SILENT","items_purchased":["Apotheosis","Dexterity Potion"],"campfire_rested":3,"item_purchase_floors":[20,28],"current_hp_per_floor":[63,63,63,63,52,52,52,52,52,52,52,29,29,29,50,46,64,59,59,59,52,52,52,6,27,27,8,8,8,8,8,29,0],"gold":110,"neow_bonus":"THREE_ENEMY_KILL","is_prod":false,"is_daily":false,"chose_seed":false,"campfire_upgraded":3,"win_rate":0,"timestamp":1557678286,"path_taken":["M","$","M","$","?","E","M","R","T","R","$","E","?","?","R","BOSS","M","?","$","?","?","R","E","R","T","M","$","M","E","M","R","BOSS"],"build_version":"2019-01-23","purchased_purges":2,"victory":false,"max_hp_per_floor":[70,70,70,70,70,70,70,70,70,70,70,70,70,70,70,70,70,70,70,70,70,70,70,70,70,70,70,70,70,70,70,70,70],"card_choices":[{"not_picked":["Acrobatics","Noxious Fumes"],"picked":"Catalyst","floor":1},{"not_picked":["Distraction","Concentrate"],"picked":"Quick Slash","floor":3},{"not_picked":["PiercingWail","Underhanded Strike"],"picked":"Dash","floor":6},{"not_picked":["Choke","Bane"],"picked":"Infinite Blades","floor":7},{"not_picked":["All Out Attack","Underhanded Strike"],"picked":"Dash","floor":12},{"not_picked":["Night Terror","Malaise"],"picked":"A Thousand Cuts","floor":16},{"not_picked":["Caltrops+1","Eviscerate"],"picked":"Cloak And Dagger+1","floor":18},{"not_picked":["Escape Plan+1","Heel Hook"],"picked":"Terror","floor":21},{"not_picked":["Deflect+1","Wraith Form v2"],"picked":"Bouncing Flask","floor":24},{"not_picked":["Dagger Spray","Poisoned Stab"],"picked":"Backflip","floor":27},{"not_picked":["Escape Plan","Dodge and Roll+1"],"picked":"Accuracy","floor":29},{"not_picked":["Bane","All Out Attack","Glass Knife"],"picked":"SKIP","floor":30},{"not_picked":["Quick Slash","Dash+1"],"picked":"Deadly Poison+1","floor":31}],"player_experience":978587,"relics_obtained":[{"floor":6,"key":"Dodecahedron"},{"floor":9,"key":"Art of War"},{"floor":12,"key":"Lantern"},{"floor":24,"key":"Pocketwatch"},{"floor":26,"key":"Shuriken"},{"floor":30,"key":"Oddly Smooth Stone"}],"event_choices":[{"damage_healed":0,"gold_gain":75,"player_choice":"Gather Gold","damage_taken":11,"max_hp_gain":0,"max_hp_loss":0,"event_name":"World of Goop","floor":5,"gold_loss":0},{"damage_healed":0,"gold_gain":0,"player_choice":"Ignored","damage_taken":0,"max_hp_gain":0,"max_hp_loss":0,"event_name":"Golden Idol","floor":13,"gold_loss":0},{"damage_healed":0,"gold_gain":0,"player_choice":"Upgraded","damage_taken":0,"max_hp_gain":0,"max_hp_loss":0,"event_name":"Upgrade Shrine","floor":14,"gold_loss":0,"cards_upgraded":["Dash"]},{"damage_healed":0,"gold_gain":0,"player_choice":"Traded Relic","damage_taken":0,"relics_obtained":["Nloth\u0027s Gift"],"max_hp_gain":0,"max_hp_loss":0,"event_name":"N\u0027loth","floor":19,"relics_lost":["Dodecahedron"],"gold_loss":0},{"damage_healed":0,"gold_gain":0,"player_choice":"Ignored","damage_taken":0,"max_hp_gain":0,"max_hp_loss":0,"event_name":"Beggar","floor":22,"gold_loss":0}],"is_beta":false,"boss_relics":[{"not_picked":["Empty Cage","Black Star"],"picked":"Ring of the Serpent"}],"items_purged_floors":[2,11],"is_endless":false,"potions_floor_spawned":[3,12,16,24,27,31],"killed_by":"Automaton","ascension_level":10}