{"gold_per_floor":[110,130,130,140,152,180,180,199,199,234,234,234,253,271,271,271],"floor_reached":16,"playtime":1255,"items_purged":[],"score":114,"play_id":"45249599-ceb5-4cb3-abee-0c6772b6acdc","local_time":"20190517114446","is_ascension_mode":false,"campfire_choices":[{"floor":7,"key":"REST"},{"floor":11,"key":"REST"},{"floor":15,"key":"REST"}],"neow_cost":"","seed_source_timestamp":40282749697600,"circlet_count":0,"master_deck":["Strike_R","Strike_R","Strike_R","Strike_R","Strike_R","Defend_R","Defend_R","Defend_R","Defend_R","Bash","Headbutt","Sword Boomerang+1","Whirlwind","Iron Wave","Sever Soul","Power Through+1","Rage+1","Armaments+1"],"relics":["Burning Blood","Bag of Marbles","Toxic Egg 2","Sundial","Question Card"],"potions_floor_usage":[10,10],"damage_taken":[{"damage":6,"enemies":"Cultist","floor":1,"turns":3},{"damage":7,"enemies":"Small Slimes","floor":2,"turns":3},{"damage":7,"enemies":"2 Louse","floor":4,"turns":2},{"damage":43,"enemies":"Gremlin Gang","floor":5,"turns":5},{"damage":35,"enemies":"3 Sentries","floor":6,"turns":6},{"damage":12,"enemies":"Exordium Wildlife","floor":8,"turns":5},{"damage":22,"enemies":"Lagavulin","floor":10,"turns":5},{"damage":8,"enemies":"Red Slaver","floor":13,"turns":3},{"damage":3,"enemies":"2 Fungi Beasts","floor":14,"turns":3},{"damage":68,"enemies":"The Guardian","floor":16,"turns":13}],"seed_played":"775828226323867559","potions_obtained":[{"floor":1,"key":"Dexterity Potion"},{"floor":6,"key":"PowerPotion"},{"floor":10,"key":"Strength Potion"}],"is_trial":false,"path_per_floor":["M","M","?","M","M","E","R","M","T","E","R","?","M","M","R","B"],"character_chosen":"IRONCLAD","items_purchased":[],"campfire_rested":3,"item_purchase_floors":[],"current_hp_per_floor":[80,79,79,78,41,12,36,30,30,14,38,38,36,39,63,0],"gold":271,"neow_bonus":"","is_prod":false,"is_daily":false,"chose_seed":false,"campfire_upgraded":0,"win_rate":0.0,"timestamp":1558107886,"path_taken":["M","?","?","M","M","E","R","?","T","E","R","?","M","M","R","BOSS"],"build_version":"2019-01-23","purchased_purges":0,"victory":false,"max_hp_per_floor":[80,80,80,80,80,80,80,80,80,80,80,80,80,80,80,80],"card_choices":[{"not_picked":["True Grit","Warcry"],"picked":"Headbutt","floor":1},{"not_picked":["Anger","Clash"],"picked":"Sword Boomerang","floor":2},{"not_picked":["Cleave","Shrug It Off"],"picked":"Whirlwind","floor":4},{"not_picked":["Clothesline","Body Slam"],"picked":"Iron Wave","floor":5},{"not_picked":["Pummel","Clash"],"picked":"Sever Soul","floor":6},{"not_picked":["Fiend Fire","Flex","Pummel"],"picked":"SKIP","floor":8},{"not_picked":["Perfected Strike","Carnage"],"picked":"Power Through+1","floor":10},{"not_picked":["True Grit+1","Warcry+1","Flex+1"],"picked":"Rage+1","floor":13},{"not_picked":["Reckless Charge","Sword Boomerang","Hemokinesis"],"picked":"Armaments+1","floor":14}],"player_experience":0,"relics_obtained":[{"floor":6,"key":"Bag of Marbles"},{"floor":9,"key":"Toxic Egg 2"},{"floor":10,"key":"Sundial"}],"event_choices":[{"damage_healed":0,"gold_gain":0,"player_choice":"Forge","damage_taken":0,"max_hp_gain":0,"max_hp_loss":0,"event_name":"Accursed Blacksmith","floor":3,"gold_loss":0,"cards_upgraded":["Sword Boomerang"]},{"damage_healed":0,"gold_gain":0,"player_choice":"Gave Potion","damage_taken":0,"relics_obtained":["Question Card"],"max_hp_gain":0,"max_hp_loss":0,"event_name":"WeMeetAgain","floor":12,"gold_loss":0}],"is_beta":false,"boss_relics":[],"items_purged_floors":[],"is_endless":false,"potions_floor_spawned":[1,6,10],"killed_by":"The Guardian","ascension_level":0}