{"gold_per_floor":[112,112,112,123,143,178,189,189,189,189,189,214,227,96,96,175,175,175,124,44,0,0],"floor_reached":22,"playtime":691,"items_purged":["Strike_R"],"score":369,"play_id":"f63b1d38-71ed-4f29-a740-8c13bfdec0b2","local_time":"20190220234005","is_ascension_mode":true,"campfire_choices":[{"floor":8,"key":"REST"},{"data":"Bash","floor":10,"key":"SMITH"},{"floor":15,"key":"REST"}],"neow_cost":"NONE","seed_source_timestamp":292186068029627,"circlet_count":0,"master_deck":["AscendersBane","Strike_R","Strike_R","Defend_R","Defend_R","Defend_R","Defend_R","Bash+1","Cleave","Rampage","Clothesline","Shrug It Off","Bloodletting","Demon Form","Bludgeon","True Grit","Shrug It Off","Havoc+1","Feel No Pain"],"relics":["Burning Blood","Red Skull","Darkstone Periapt","Bottled Lightning","Matryoshka","Oddly Smooth Stone","Ectoplasm"],"potions_floor_usage":[12,13,16,16],"damage_taken":[{"damage":12,"enemies":"Jaw Worm","floor":1,"turns":3},{"damage":2,"enemies":"2 Louse","floor":4,"turns":2},{"damage":6,"enemies":"Cultist","floor":5,"turns":3},{"damage":32,"enemies":"Gremlin Nob","floor":6,"turns":4},{"damage":8,"enemies":"Blue Slaver","floor":7,"turns":4},{"damage":21,"enemies":"Lagavulin","floor":12,"turns":5},{"damage":0,"enemies":"Lots of Slimes","floor":13,"turns":2},{"damage":19,"enemies":"Slime Boss","floor":16,"turns":5},{"damage":16,"enemies":"Shell Parasite","floor":18,"turns":7},{"damage":19,"enemies":"2 Thieves","floor":20,"turns":5},{"damage":45,"enemies":"Shelled Parasite and Fungi","floor":22,"turns":6}],"seed_played":"-6471110603465034709","potions_obtained":[{"floor":4,"key":"EssenceOfSteel"},{"floor":5,"key":"Explosive Potion"},{"floor":12,"key":"EssenceOfSteel"},{"floor":13,"key":"AttackPotion"}],"is_trial":false,"path_per_floor":["M","?","?","M","M","E","M","R","T","R","?","E","M","$","R","B",null,"M","$","M","$","M"],"character_chosen":"IRONCLAD","items_purchased":["Fire Potion","Shrug It Off","Feel No Pain"],"campfire_rested":2,"item_purchase_floors":[14,19,21],"current_hp_per_floor":[62,36,36,40,40,14,12,34,34,34,34,19,25,25,47,34,65,55,55,42,42,0],"gold":0,"neow_bonus":"RANDOM_COMMON_RELIC","is_prod":false,"is_daily":false,"chose_seed":false,"campfire_upgraded":1,"win_rate":0,"timestamp":1550724005,"path_taken":["M","?","?","?","M","E","M","R","T","R","?","E","M","$","R","BOSS","M","$","M","$","M"],"build_version":"2019-01-23","purchased_purges":1,"victory":false,"max_hp_per_floor":[75,75,75,75,75,75,75,75,75,75,75,75,75,75,75,75,75,75,75,75,75,75],"card_choices":[{"not_picked":["Shrug It Off","Burning Pact"],"picked":"Cleave","floor":1},{"not_picked":["Perfected Strike","Warcry"],"picked":"Rampage","floor":4},{"not_picked":["Flex","Hemokinesis"],"picked":"Clothesline","floor":5},{"not_picked":["Havoc","Rupture","Fire Breathing"],"picked":"SKIP","floor":6},{"not_picked":["Headbutt","Blood for Blood"],"picked":"Shrug It Off","floor":7},{"not_picked":["Headbutt","Twin Strike"],"picked":"Demon Form","floor":12},{"not_picked":["Clothesline","Pummel","Twin Strike"],"picked":"SKIP","floor":13},{"not_picked":["Berserk","Dark Embrace"],"picked":"Bludgeon","floor":16},{"not_picked":["Battle Trance","Havoc"],"picked":"True Grit","floor":18},{"not_picked":["Anger","Heavy Blade"],"picked":"Havoc+1","floor":20}],"player_experience":418058,"relics_obtained":[{"floor":6,"key":"Bottled Lightning"},{"floor":9,"key":"Matryoshka"},{"floor":12,"key":"Oddly Smooth Stone"}],"event_choices":[{"damage_healed":0,"gold_gain":0,"player_choice":"Success","damage_taken":26,"relics_obtained":["Darkstone Periapt"],"max_hp_gain":0,"max_hp_loss":0,"event_name":"Scrap Ooze","floor":2,"gold_loss":0},{"cards_removed":["Strike_R"],"damage_healed":0,"gold_gain":0,"player_choice":"Purged","damage_taken":0,"max_hp_gain":0,"max_hp_loss":0,"event_name":"Purifier","floor":3,"gold_loss":0},{"damage_healed":0,"gold_gain":0,"cards_transformed":["Strike_R"],"player_choice":"Transformed","damage_taken":0,"max_hp_gain":0,"max_hp_loss":0,"event_name":"Transmorgrifier","floor":11,"gold_loss":0,"cards_obtained":["Bloodletting"]}],"is_beta":false,"boss_relics":[{"not_picked":["Black Star","Calling Bell"],"picked":"Ectoplasm"}],"items_purged_floors":[14],"is_endless":false,"potions_floor_spawned":[4,5,12,13],"killed_by":"Shelled Parasite and Fungi","ascension_level":18}