{"gold_per_floor":[110,130,55,155,32,32,42,56,80,100,31,31,44,55,55,132,132,147,166,92,104,104,104,136,148,160,198,228,240,252,274,286,372,384,411,222,222,274,274,274,50,50,76,96,44,44,44,55,55,55],"floor_reached":51,"playtime":10942,"items_purged":["Strike_R","Strike_R","Strike_R","Defend_R"],"score":1148,"play_id":"50fd4ca3-7335-48c1-89e3-5d0b600823f7","local_time":"20190205220653","is_ascension_mode":true,"campfire_choices":[{"data":"Armaments","floor":6.0,"key":"SMITH"},{"floor":15.0,"key":"REST"},{"floor":23.0,"key":"REST"},{"data":"Barricade","floor":25.0,"key":"SMITH"},{"floor":29.0,"key":"REST"},{"floor":32.0,"key":"REST"},{"floor":40.0,"key":"REST"},{"floor":46.0,"key":"REST"},{"data":"Entrench","floor":49.0,"key":"SMITH"}],"neow_cost":"NONE","seed_source_timestamp":2164152368817777,"circlet_count":0,"master_deck":["AscendersBane","Strike_R","Strike_R","Defend_R","Defend_R","Defend_R","Bash","Rampage","Armaments+1","Barricade+1","Shrug It Off","Whirlwind+1","Body Slam","Impervious","Battle Trance","Reaper","Spot Weakness","Rage","PanicButton","Bandage Up","Shrug It Off","Flame Barrier","Entrench+1"],"special_seed":0,"relics":["Velvet Choker","Blood Vial","Mark of Pain","MawBank","Letter Opener","Matryoshka","Runic Pyramid","Prayer Wheel","GremlinMask","Bottled Lightning","Juzu Bracelet","Ornamental Fan"],"potions_floor_usage":[50,50],"damage_taken":[{"damage":1.0,"enemies":"Cultist","floor":1.0,"turns":3.0},{"damage":7.0,"enemies":"Jaw Worm","floor":2.0,"turns":2.0},{"damage":4.0,"enemies":"Small Slimes","floor":7.0,"turns":3.0},{"damage":1.0,"enemies":"3 Louse","floor":8.0,"turns":4.0},{"damage":5.0,"enemies":"Red Slaver","floor":10.0,"turns":3.0},{"damage":1.0,"enemies":"Gremlin Gang","floor":13.0,"turns":4.0},{"damage":0.0,"enemies":"3 Louse","floor":14.0,"turns":1.0},{"damage":37.0,"enemies":"Hexaghost","floor":16.0,"turns":9.0},{"damage":14.0,"enemies":"Shell Parasite","floor":18.0,"turns":7.0},{"damage":0.0,"enemies":"Chosen","floor":19.0,"turns":5.0},{"damage":19.0,"enemies":"Snake Plant","floor":21.0,"turns":2.0},{"damage":0.0,"enemies":"Gremlin Leader","floor":24.0,"turns":9.0},{"damage":11.0,"enemies":"Slavers","floor":27.0,"turns":6.0},{"damage":32.0,"enemies":"Chosen and Byrds","floor":28.0,"turns":8.0},{"damage":0.0,"enemies":"Centurion and Healer","floor":31.0,"turns":6.0},{"damage":6.0,"enemies":"Champ","floor":33.0,"turns":13.0},{"damage":0.0,"enemies":"3 Darklings","floor":35.0,"turns":6.0},{"damage":55.0,"enemies":"2 Orb Walkers","floor":38.0,"turns":7.0},{"damage":17.0,"enemies":"Orb Walker","floor":44.0,"turns":4.0},{"damage":0.0,"enemies":"Jaw Worm Horde","floor":48.0,"turns":3.0},{"damage":22,"enemies":"Time Eater","floor":50,"turns":10}],"seed_played":"-1517840069063446545","potions_obtained":[{"floor":8.0,"key":"Strength Potion"},{"floor":10.0,"key":"LiquidBronze"},{"floor":16.0,"key":"SteroidPotion"},{"floor":19.0,"key":"Strength Potion"},{"floor":21.0,"key":"LiquidBronze"},{"floor":27.0,"key":"Weak Potion"},{"floor":35.0,"key":"LiquidBronze"},{"floor":38.0,"key":"Swift Potion"},{"floor":48.0,"key":"Strength Potion"}],"is_trial":false,"path_per_floor":["M","M","$","?","$","R","M","M","T","M","$","?","M","M","R","B",null,"M","M","$","M","?","R","E","R","T","E","M","R","?","M","R","B",null,"M","$","?","?","?","R","$","?","T","M","?","R","$","M","R","B",null],"character_chosen":"IRONCLAD","items_purchased":["Armaments","Whirlwind","Impervious","Rage","Flame Barrier"],"campfire_rested":6,"item_purchase_floors":[5,11,20,36,41],"current_hp_per_floor":[67,60,60,60,60,60,56,55,55,52,52,52,53,55,75,38,66,54,56,56,39,39,61,63,63,63,54,24,46,46,48,70,66,73,75,75,65,36,36,57,57,57,57,50,50,71,71,71,71,71],"gold":55,"neow_bonus":"BOSS_RELIC","is_prod":false,"is_daily":false,"chose_seed":false,"campfire_upgraded":3,"win_rate":0,"timestamp":1549397213,"path_taken":["M","M","$","?","$","R","M","M","T","M","?","?","?","M","R","BOSS","M","M","$","M","?","R","E","R","T","E","M","R","?","M","R","BOSS","M","$","?","?","?","R","$","?","T","M","?","R","$","M","R","BOSS"],"build_version":"2019-01-23","purchased_purges":4,"victory":true,"max_hp_per_floor":[75,75,75,75,75,75,75,75,75,75,75,75,75,75,75,75,75,75,75,75,75,75,75,75,75,75,75,75,75,75,75,75,75,75,75,75,75,75,71,71,71,71,71,71,71,71,71,71,71,71],"card_choices":[{"not_picked":["Heavy Blade","Twin Strike"],"picked":"Rampage","floor":1.0},{"not_picked":["Havoc","Perfected Strike","Clash"],"picked":"SKIP","floor":2.0},{"not_picked":["Intimidate","Armaments"],"picked":"Barricade","floor":7.0},{"not_picked":["Cleave","Body Slam"],"picked":"Shrug It Off","floor":8.0},{"not_picked":["Havoc","Perfected Strike","Twin Strike"],"picked":"SKIP","floor":10.0},{"not_picked":["Entrench","Wild Strike"],"picked":"Body Slam","floor":13.0},{"not_picked":["Whirlwind","Entrench","Perfected Strike"],"picked":"SKIP","floor":14.0},{"not_picked":["Cleave","Reckless Charge","Heavy Blade"],"picked":"SKIP","floor":18.0},{"not_picked":["Sword Boomerang","Infernal Blade","Thunderclap"],"picked":"SKIP","floor":19.0},{"not_picked":["Sever Soul","Power Through"],"picked":"Battle Trance","floor":21.0},{"not_picked":["Corruption","Twin Strike","Headbutt"],"picked":"SKIP","floor":24.0},{"not_picked":["Pummel","Thunderclap","Heavy Blade"],"picked":"SKIP","floor":27.0},{"not_picked":["Corruption","Havoc","Twin Strike"],"picked":"SKIP","floor":28.0},{"not_picked":["Twin Strike","Cleave","Evolve"],"picked":"SKIP","floor":31.0},{"not_picked":["Barricade","Exhume"],"picked":"Reaper","floor":33.0},{"not_picked":["Battle Trance","Corruption"],"picked":"Spot Weakness","floor":35.0},{"not_picked":["Mayhem","Jack Of All Trades"],"picked":"PanicButton","floor":37.0},{"not_picked":["Flash of Steel","Trip"],"picked":"Bandage Up","floor":37.0},{"not_picked":["Iron Wave","Seeing Red"],"picked":"Shrug It Off","floor":38.0},{"not_picked":["Headbutt+1","Berserk","Clash"],"picked":"SKIP","floor":44.0},{"not_picked":["Warcry","Shrug It Off","Headbutt"],"picked":"SKIP","floor":44.0},{"not_picked":["Warcry","Reckless Charge+1"],"picked":"Entrench","floor":48.0}],"player_experience":521095,"relics_obtained":[{"floor":9.0,"key":"Blood Vial"},{"floor":24.0,"key":"MawBank"},{"floor":26.0,"key":"Letter Opener"},{"floor":27.0,"key":"Matryoshka"},{"floor":38.0,"key":"Prayer Wheel"},{"floor":43.0,"key":"Bottled Lightning"},{"floor":43.0,"key":"Juzu Bracelet"}],"event_choices":[{"damage_healed":0.0,"max_hp_gain":0.0,"max_hp_loss":0.0,"gold_gain":100.0,"event_name":"Wheel of Change","player_choice":"Gold","floor":4.0,"gold_loss":0.0,"damage_taken":0.0},{"damage_healed":0.0,"max_hp_gain":0.0,"max_hp_loss":0.0,"gold_gain":0.0,"event_name":"Scrap Ooze","player_choice":"Fled","floor":12.0,"gold_loss":0.0,"damage_taken":0.0},{"damage_healed":0.0,"max_hp_gain":0.0,"max_hp_loss":0.0,"gold_gain":0.0,"event_name":"Ghosts","player_choice":"Ignored","floor":22.0,"gold_loss":0.0,"damage_taken":0.0},{"damage_healed":0.0,"max_hp_gain":0.0,"max_hp_loss":0.0,"gold_gain":0.0,"event_name":"Upgrade Shrine","player_choice":"Upgraded","floor":30.0,"gold_loss":0.0,"damage_taken":0.0,"cards_upgraded":["Whirlwind"]},{"damage_healed":0.0,"max_hp_gain":0.0,"max_hp_loss":0.0,"gold_gain":0.0,"event_name":"SensoryStone","player_choice":"Memory 3","floor":37.0,"gold_loss":0.0,"damage_taken":10.0},{"damage_healed":0.0,"max_hp_gain":0.0,"max_hp_loss":0.0,"gold_gain":0.0,"event_name":"Mysterious Sphere","player_choice":"Fight","floor":38.0,"gold_loss":0.0,"damage_taken":0.0},{"damage_healed":0.0,"max_hp_gain":0.0,"max_hp_loss":4.0,"gold_gain":0.0,"event_name":"Winding Halls","player_choice":"Max HP","floor":39.0,"gold_loss":0.0,"damage_taken":0.0},{"damage_healed":0.0,"max_hp_gain":0.0,"max_hp_loss":0.0,"gold_gain":0.0,"event_name":"FaceTrader","player_choice":"Trade","floor":42.0,"gold_loss":0.0,"damage_taken":0.0,"relics_obtained":["GremlinMask"]},{"damage_healed":0.0,"max_hp_gain":0.0,"max_hp_loss":0.0,"gold_gain":0.0,"event_name":"WeMeetAgain","player_choice":"Paid Gold","floor":45.0,"gold_loss":52.0,"damage_taken":0.0,"relics_obtained":["Ornamental Fan"]}],"is_beta":false,"boss_relics":[{"not_picked":["Eternal Feather","Tiny House"],"picked":"Mark of Pain"},{"not_picked":["Philosopher\u0027s Stone","Sozu"],"picked":"Runic Pyramid"}],"items_purged_floors":[3,5,36,41],"is_endless":false,"potions_floor_spawned":[8,10,16,19,21,27,35,38,48],"ascension_level":14}