{"gold_per_floor":[119,131,147,147,147,147,181,195,195,211,272,272,284,300,300,397,397,377,377,32,32,43,74,74,90,114,114],"floor_reached":27,"playtime":2561,"items_purged":["Strike_B"],"score":235,"play_id":"07e36842-5455-480e-b718-6155a3602d5d","local_time":"20180722222325","is_ascension_mode":false,"campfire_choices":[{"data":"Ball Lightning","floor":6,"key":"SMITH"},{"floor":12,"key":"REST"},{"floor":15,"key":"REST"},{"floor":24,"key":"REST"}],"neow_cost":"NONE","seed_source_timestamp":724775349146646,"circlet_count":0,"master_deck":["Strike_B","Strike_B","Strike_B+1","Defend_B","Defend_B","Defend_B+1","Zap","Dualcast","Cold Snap","Rip and Tear","Fusion+1","Ball Lightning+1","Double Energy","Melter","Machine Learning","Ball Lightning","Self Repair","Stack","Electrodynamics","Hello World+1","Loop","Stack","Defragment","Hologram+1"],"relics":["Cracked Core","Bag of Preparation","Mercury Hourglass","Gambling Chip","Black Star","Lee\u0027s Waffle","Pantograph","Shuriken","Vajra"],"potions_floor_usage":[11,27,27],"damage_taken":[{"damage":4,"enemies":"Jaw Worm","floor":1,"turns":4},{"damage":0,"enemies":"2 Louse","floor":2,"turns":3},{"damage":0,"enemies":"Cultist","floor":3,"turns":3},{"damage":14,"enemies":"3 Sentries","floor":7,"turns":6},{"damage":11,"enemies":"Exordium Wildlife","floor":8,"turns":4},{"damage":5,"enemies":"Exordium Thugs","floor":10,"turns":3},{"damage":13,"enemies":"Lagavulin Event","floor":11,"turns":4},{"damage":0,"enemies":"3 Louse","floor":13,"turns":2},{"damage":0,"enemies":"Exordium Wildlife","floor":14,"turns":3},{"damage":6,"enemies":"Slime Boss","floor":16,"turns":6},{"damage":12,"enemies":"2 Thieves","floor":18,"turns":5},{"damage":0,"enemies":"3 Byrds","floor":22,"turns":2},{"damage":51,"enemies":"Book of Stabbing","floor":23,"turns":6},{"damage":18,"enemies":"Snecko","floor":25,"turns":4},{"damage":52,"enemies":"Slavers","floor":27,"turns":4}],"seed_played":"-3662918049189834630","potions_obtained":[{"floor":2,"key":"Poison Potion"},{"floor":7,"key":"SmokeBomb"},{"floor":10,"key":"PowerPotion"},{"floor":13,"key":"Strength Potion"},{"floor":14,"key":"Swift Potion"},{"floor":25,"key":"EssenceOfSteel"}],"is_trial":false,"path_per_floor":["M","M","M","?","?","R","E","M","T","M","?","R","M","M","R","B",null,"M","?","$","?","M","E","R","M","T"],"character_chosen":"DEFECT","items_purchased":["Lee\u0027s Waffle","Loop"],"campfire_rested":3,"item_purchase_floors":[20,20],"current_hp_per_floor":[71,71,71,56,56,56,42,31,31,26,13,35,35,42,64,65,75,63,47,82,82,82,38,62,44,44,0],"gold":114,"neow_bonus":"THREE_CARDS","is_prod":false,"is_daily":false,"chose_seed":false,"campfire_upgraded":1,"win_rate":0.0,"timestamp":1532312605,"path_taken":["M","M","M","?","?","R","E","M","T","M","?","R","?","M","R","BOSS","M","?","$","?","M","E","R","M","T","E"],"build_version":"2018-07-19v2","purchased_purges":1,"victory":false,"max_hp_per_floor":[75,75,75,75,75,75,75,75,75,75,75,75,75,75,75,75,75,75,75,82,82,82,82,82,82,82,82],"card_choices":[{"not_picked":["Static Discharge","Double Energy"],"picked":"Cold Snap","floor":0},{"not_picked":["Coolheaded","Stack"],"picked":"Rip and Tear","floor":1},{"not_picked":["Sweeping Beam","Stack"],"picked":"Fusion","floor":2},{"not_picked":["Compile Driver","Stack"],"picked":"Ball Lightning","floor":3},{"not_picked":["Compile Driver","Hologram"],"picked":"Double Energy","floor":7},{"not_picked":["Blizzard","Stack"],"picked":"Melter","floor":8},{"not_picked":["Cold Snap","Reinforced Body"],"picked":"Machine Learning","floor":10},{"not_picked":["Blizzard","Consume"],"picked":"Ball Lightning","floor":11},{"not_picked":["Storm","Go for the Eyes"],"picked":"Self Repair","floor":13},{"not_picked":["Steam","Sweeping Beam"],"picked":"Stack","floor":14},{"not_picked":["Fission","All For One"],"picked":"Electrodynamics","floor":16},{"not_picked":["Chill","Coolheaded"],"picked":"Hello World+1","floor":18},{"not_picked":["Gash","Steam"],"picked":"Stack","floor":22},{"not_picked":["Gash","Stack"],"picked":"Defragment","floor":23},{"not_picked":["Go for the Eyes","Gash"],"picked":"Hologram+1","floor":25}],"player_experience":98579,"relics_obtained":[{"floor":7,"key":"Bag of Preparation"},{"floor":9,"key":"Mercury Hourglass"},{"floor":11,"key":"Gambling Chip"},{"floor":23,"key":"Pantograph"},{"floor":23,"key":"Shuriken"},{"floor":26,"key":"Vajra"}],"event_choices":[{"event_name":"Shining Light","player_choice":"Entered Light","floor":4,"damage_taken":0},{"event_name":"Living Wall","player_choice":"Grow","floor":5,"damage_taken":0},{"event_name":"Dead Adventurer","player_choice":"Searched \u00272\u0027 times","floor":11,"damage_taken":0},{"event_name":"Cursed Tome","player_choice":"Obtained Book","floor":19,"damage_taken":0},{"event_name":"Back to Basics","player_choice":"Elegance","floor":21,"damage_taken":0}],"is_beta":false,"boss_relics":[{"not_picked":["Velvet Choker","Ectoplasm"],"picked":"Black Star"}],"items_purged_floors":[20],"is_endless":false,"potions_floor_spawned":[2,7,10,13,14,25],"killed_by":"Slavers","ascension_level":0}