{"gold_per_floor":[119,269,269,269,287,287,305,340,364,19,19,29,29,49,49,124,124,137,155,181,196,196,196,222,237,237,32,32,49,49,67,67,67],"floor_reached":33,"playtime":2228,"items_purged":[],"score":559,"play_id":"8422e8cb-5a92-463c-b59c-6bf3e4020acc","local_time":"20190507183652","is_ascension_mode":true,"campfire_choices":[{"data":"Bash","floor":6,"key":"SMITH"},{"data":"Apotheosis","floor":11,"key":"SMITH"},{"data":"Battle Trance","floor":13,"key":"SMITH"},{"data":"Feel No Pain","floor":15,"key":"SMITH"},{"floor":23,"key":"REST"},{"floor":32,"key":"REST"}],"neow_cost":"NONE","seed_source_timestamp":104275591151010,"circlet_count":0,"master_deck":["AscendersBane","Strike_R","Strike_R","Strike_R","Strike_R","Strike_R","Defend_R","Defend_R","Defend_R","Defend_R","Bash+1","Rampage","Headbutt","Battle Trance+1","Shrug It Off+1","Apotheosis+1","Feel No Pain+1","Impervious","True Grit+1","Iron Wave+1","Anger","True Grit","Shockwave","Ghostly","Ghostly","Ghostly","Ghostly","Feel No Pain"],"relics":["Burning Blood","Omamori","Potion Belt","Regal Pillow","Happy Flower","Philosopher\u0027s Stone","Red Mask","Bronze Scales","Shuriken","Oddly Smooth Stone"],"potions_floor_usage":[8,20,21,25,33],"damage_taken":[{"damage":3,"enemies":"2 Louse","floor":1,"turns":4},{"damage":0,"enemies":"Small Slimes","floor":5,"turns":3},{"damage":2,"enemies":"Jaw Worm","floor":7,"turns":3},{"damage":25,"enemies":"Lagavulin","floor":8,"turns":6},{"damage":0,"enemies":"Exordium Wildlife","floor":12,"turns":4},{"damage":22,"enemies":"Red Slaver","floor":14,"turns":4},{"damage":22,"enemies":"Hexaghost","floor":16,"turns":9},{"damage":4,"enemies":"Spheric Guardian","floor":18,"turns":4},{"damage":24,"enemies":"2 Thieves","floor":19,"turns":5},{"damage":33,"enemies":"Masked Bandits","floor":20,"turns":5},{"damage":15,"enemies":"Snake Plant","floor":21,"turns":6},{"damage":39,"enemies":"Slavers","floor":24,"turns":8},{"damage":11,"enemies":"Sentry and Sphere","floor":25,"turns":7},{"damage":5,"enemies":"Shelled Parasite and Fungi","floor":29,"turns":5},{"damage":9,"enemies":"Centurion and Healer","floor":31,"turns":6},{"damage":49,"enemies":"Automaton","floor":33,"turns":8}],"seed_played":"3698373398221262334","potions_obtained":[{"floor":0,"key":"Explosive Potion"},{"floor":0,"key":"PowerPotion"},{"floor":8,"key":"SkillPotion"},{"floor":20,"key":"Swift Potion"},{"floor":24,"key":"FearPotion"},{"floor":25,"key":"Dexterity Potion"},{"floor":29,"key":"Energy Potion"}],"is_trial":false,"path_per_floor":["M","?","?","T","M","R","M","E","T","$","R","M","R","M","R","B",null,"M","M","?","M","?","R","E","M","T","$","?","M","?","M","R","B"],"character_chosen":"IRONCLAD","items_purchased":["Apotheosis","Happy Flower","Oddly Smooth Stone","Shockwave"],"campfire_rested":2,"item_purchase_floors":[10,10,27,27],"current_hp_per_floor":[71,71,64,64,70,70,74,55,55,55,55,61,61,45,45,29,64,66,48,21,12,12,49,16,11,11,11,11,12,12,9,35,0],"gold":67,"neow_bonus":"THREE_SMALL_POTIONS","is_prod":false,"is_daily":false,"chose_seed":false,"campfire_upgraded":4,"win_rate":0,"timestamp":1557268612,"path_taken":["M","?","?","?","M","R","M","E","T","$","R","M","R","M","R","BOSS","M","M","?","M","?","R","E","?","T","$","?","M","?","M","R","BOSS"],"build_version":"2019-01-23","purchased_purges":0,"victory":false,"max_hp_per_floor":[75,75,75,75,75,75,75,75,75,75,75,75,75,75,75,75,75,75,75,75,75,75,75,75,75,75,75,37,37,37,37,37,37],"card_choices":[{"not_picked":["Power Through","Blood for Blood"],"picked":"Rampage","floor":1},{"not_picked":["Clash","Havoc"],"picked":"Headbutt","floor":5},{"not_picked":["Disarm","Power Through"],"picked":"Battle Trance","floor":7},{"not_picked":["Perfected Strike","Sentinel"],"picked":"Shrug It Off","floor":8},{"not_picked":["Thunderclap","Entrench"],"picked":"Feel No Pain","floor":12},{"not_picked":["Perfected Strike","Dual Wield","Sever Soul"],"picked":"SKIP","floor":14},{"not_picked":["Perfected Strike","Dual Wield","Sever Soul"],"picked":"SKIP","floor":14},{"not_picked":["Exhume","Berserk"],"picked":"Impervious","floor":16},{"not_picked":["Thunderclap","Clash+1"],"picked":"True Grit+1","floor":18},{"not_picked":["Sentinel","Flex","Entrench"],"picked":"SKIP","floor":19},{"not_picked":["Body Slam","Cleave"],"picked":"Iron Wave+1","floor":21},{"not_picked":["Bludgeon","Armaments"],"picked":"Anger","floor":24},{"not_picked":["Clash","Pommel Strike"],"picked":"True Grit","floor":25},{"not_picked":["Fire Breathing","Ghostly Armor","Sword Boomerang"],"picked":"SKIP","floor":29},{"not_picked":["Flex+1","Havoc"],"picked":"Feel No Pain","floor":31}],"player_experience":612455,"relics_obtained":[{"floor":4,"key":"Omamori"},{"floor":8,"key":"Potion Belt"},{"floor":9,"key":"Regal Pillow"},{"floor":20,"key":"Red Mask"},{"floor":24,"key":"Bronze Scales"},{"floor":26,"key":"Shuriken"}],"event_choices":[{"damage_healed":0,"gold_gain":150,"player_choice":"AGREE","damage_taken":0,"max_hp_gain":0,"max_hp_loss":0,"event_name":"Liars Game","floor":2,"gold_loss":0,"cards_obtained":["Doubt"]},{"cards_removed":["Doubt"],"damage_healed":0,"gold_gain":0,"player_choice":"Card Removal","damage_taken":7,"max_hp_gain":0,"max_hp_loss":0,"event_name":"Golden Wing","floor":3,"gold_loss":0},{"damage_healed":0,"gold_gain":0,"player_choice":"Fought Bandits","damage_taken":0,"max_hp_gain":0,"max_hp_loss":0,"event_name":"Masked Bandits","floor":20,"gold_loss":0},{"damage_healed":0,"gold_gain":0,"player_choice":"Forge","damage_taken":0,"max_hp_gain":0,"max_hp_loss":0,"event_name":"Accursed Blacksmith","floor":22,"gold_loss":0,"cards_upgraded":["Shrug It Off"]},{"damage_healed":0,"gold_gain":0,"player_choice":"Became a Ghost","damage_taken":0,"max_hp_gain":0,"max_hp_loss":38,"event_name":"Ghosts","floor":28,"gold_loss":0,"cards_obtained":["Ghostly","Ghostly","Ghostly"]},{"damage_healed":0,"gold_gain":0,"player_choice":"Copied","damage_taken":0,"max_hp_gain":0,"max_hp_loss":0,"event_name":"Duplicator","floor":30,"gold_loss":0,"cards_obtained":["Ghostly"]}],"is_beta":false,"boss_relics":[{"not_picked":["Busted Crown","Sozu"],"picked":"Philosopher\u0027s Stone"}],"items_purged_floors":[],"is_endless":false,"potions_floor_spawned":[5,7,8,20,24,25,29],"killed_by":"Automaton","ascension_level":20}