{"gold_per_floor":[109,109,34,87,99,99,99,99,99,99,99,99,99,111,111,212,212,231,32,47,497,372,372,404,404,404,404,416,416,427,277,277,277],"floor_reached":33,"playtime":651,"items_purged":["Strike_R","Defend_R","Defend_R","Defend_R"],"score":274,"play_id":"3c633f9b-c136-4b9e-a640-e7f660833d24","local_time":"20181210115305","is_ascension_mode":false,"campfire_choices":[{"data":"Bash","floor":6,"key":"SMITH"},{"data":"Strike_R","floor":10,"key":"SMITH"},{"data":"Strike_R","floor":12,"key":"SMITH"},{"data":"Strike_R","floor":15,"key":"SMITH"},{"floor":23,"key":"REST"},{"data":"Shrug It Off","floor":25,"key":"SMITH"},{"floor":32,"key":"REST"}],"neow_cost":"NONE","seed_source_timestamp":269272750444159,"circlet_count":0,"master_deck":["Strike_R","Strike_R+1","Strike_R+1","Strike_R+1","Bash+1","Dropkick","Shrug It Off+1"],"relics":["Burning Blood","Ancient Tea Set","Pocketwatch","Pantograph","Busted Crown","Sundial","Pear","MutagenicStrength"],"potions_floor_usage":[16,24,33],"damage_taken":[{"damage":0,"enemies":"Small Slimes","floor":1,"turns":3},{"damage":3,"enemies":"Cultist","floor":5,"turns":5},{"damage":0,"enemies":"2 Louse","floor":14,"turns":2},{"damage":26,"enemies":"Slime Boss","floor":16,"turns":8},{"damage":10,"enemies":"Spheric Guardian","floor":18,"turns":3},{"damage":10,"enemies":"Shell Parasite","floor":20,"turns":4},{"damage":20,"enemies":"Slavers","floor":24,"turns":4},{"damage":1,"enemies":"3 Cultists","floor":28,"turns":4},{"damage":10,"enemies":"Chosen and Byrds","floor":30,"turns":4},{"damage":105,"enemies":"Automaton","floor":33,"turns":6}],"seed_played":"2993563328432881330","potions_obtained":[{"floor":5,"key":"SpeedPotion"},{"floor":14,"key":"Swift Potion"},{"floor":16,"key":"Explosive Potion"},{"floor":18,"key":"SpeedPotion"},{"floor":28,"key":"Block Potion"}],"is_trial":false,"path_per_floor":["M","?","$","T","M","R","?","?","T","R","?","R","T","M","R","B",null,"M","$","M","?","$","R","E","R","T","?","M","?","M","$","R","B"],"character_chosen":"IRONCLAD","items_purchased":["Dropkick","Shrug It Off"],"campfire_rested":2,"item_purchase_floors":[19,19],"current_hp_per_floor":[88,88,88,88,88,88,81,81,81,81,86,86,86,92,92,73,93,89,89,85,31,31,58,44,44,54,33,38,38,34,34,66,0],"gold":277,"neow_bonus":"TEN_PERCENT_HP_BONUS","is_prod":false,"is_daily":false,"chose_seed":false,"campfire_upgraded":5,"win_rate":0,"timestamp":1544460785,"path_taken":["M","?","$","?","?","R","?","?","T","R","?","R","?","M","R","BOSS","M","$","M","?","?","R","E","R","T","?","M","?","?","$","R","BOSS"],"build_version":"2018-12-06","purchased_purges":4,"victory":false,"max_hp_per_floor":[88,88,88,88,88,88,88,88,88,88,93,93,93,93,93,93,93,93,93,93,93,93,93,93,93,103,108,108,108,108,108,108,108],"card_choices":[{"not_picked":["Warcry","Corruption","Spot Weakness"],"picked":"SKIP","floor":1},{"not_picked":["Disarm","Intimidate","Heavy Blade"],"picked":"SKIP","floor":5},{"not_picked":["Metallicize","Wild Strike","Pommel Strike"],"picked":"SKIP","floor":14},{"not_picked":["Pummel"],"picked":"SKIP","floor":18},{"not_picked":["Corruption"],"picked":"SKIP","floor":20},{"not_picked":["Combust"],"picked":"SKIP","floor":24},{"not_picked":["Intimidate+1"],"picked":"SKIP","floor":28},{"not_picked":["Thunderclap"],"picked":"SKIP","floor":30}],"player_experience":312230,"relics_obtained":[{"floor":4,"key":"Ancient Tea Set"},{"floor":9,"key":"Pocketwatch"},{"floor":13,"key":"Pantograph"},{"floor":24,"key":"Sundial"},{"floor":26,"key":"Pear"}],"event_choices":[{"damage_healed":0,"gold_gain":0,"player_choice":"Ignored","damage_taken":0,"max_hp_gain":0,"max_hp_loss":0,"event_name":"WeMeetAgain","floor":2,"gold_loss":0},{"cards_removed":["Defend_R"],"damage_healed":0,"gold_gain":0,"player_choice":"Card Removal","damage_taken":7,"max_hp_gain":0,"max_hp_loss":0,"event_name":"Golden Wing","floor":7,"gold_loss":0},{"damage_healed":0,"gold_gain":0,"player_choice":"Ignored","damage_taken":0,"max_hp_gain":0,"max_hp_loss":0,"event_name":"Liars Game","floor":8,"gold_loss":0},{"damage_healed":0,"gold_gain":0,"player_choice":"Donut","damage_taken":0,"max_hp_gain":5,"max_hp_loss":0,"event_name":"Big Fish","floor":11,"gold_loss":0},{"damage_healed":0,"gold_gain":450,"player_choice":"GOLD GOLD GOLD GOLD GOLD ","damage_taken":54,"max_hp_gain":0,"max_hp_loss":0,"event_name":"Knowing Skull","floor":21,"potions_obtained":[],"gold_loss":0,"cards_obtained":[]},{"damage_healed":0,"gold_gain":0,"player_choice":"Shed Blood","damage_taken":26,"max_hp_gain":5,"max_hp_loss":0,"event_name":"Forgotten Altar","floor":27,"gold_loss":0},{"damage_healed":0,"gold_gain":0,"player_choice":"Inject Mutagens","damage_taken":0,"relics_obtained":["MutagenicStrength"],"max_hp_gain":0,"max_hp_loss":0,"event_name":"Drug Dealer","floor":29,"gold_loss":0}],"is_beta":false,"boss_relics":[{"not_picked":["Runic Pyramid","Mark of Pain"],"picked":"Busted Crown"}],"items_purged_floors":[3,19,22,31],"is_endless":false,"potions_floor_spawned":[5,14,16,18,28],"killed_by":"Automaton","ascension_level":0}