{"gold_per_floor":[111,58,58,58,73,107,107,140,140,167,167,92,103,121,121,121],"floor_reached":16,"playtime":404,"items_purged":[],"score":230,"play_id":"e19bd198-0a1e-4556-ad57-3ac6e11dd106","local_time":"20190313203254","is_ascension_mode":true,"campfire_choices":[{"floor":7.0,"key":"REST"},{"data":"Bludgeon","floor":15.0,"key":"SMITH"}],"neow_cost":"TEN_PERCENT_HP_LOSS","seed_source_timestamp":0,"circlet_count":0,"master_deck":["AscendersBane","Strike_R","Strike_R","Strike_R","Strike_R","Defend_R","Defend_R","Defend_R","Defend_R","Bash","Bludgeon+1","Headbutt","Pommel Strike","Ghostly Armor","Rampage","Flame Barrier+1","Uppercut+1","Sword Boomerang+1"],"special_seed":0,"relics":["Burning Blood","Ginger","Toxic Egg 2","Molten Egg 2","Letter Opener"],"potions_floor_usage":[16],"damage_taken":[{"damage":12.0,"enemies":"Jaw Worm","floor":1.0,"turns":2.0},{"damage":0.0,"enemies":"Cultist","floor":5.0,"turns":2.0},{"damage":56.0,"enemies":"Gremlin Nob","floor":6.0,"turns":5.0},{"damage":30.0,"enemies":"Lagavulin","floor":8.0,"turns":7.0},{"damage":15.0,"enemies":"3 Sentries","floor":10.0,"turns":8.0},{"damage":0.0,"enemies":"Small Slimes","floor":13.0,"turns":2.0},{"damage":0.0,"enemies":"Blue Slaver","floor":14.0,"turns":3.0},{"damage":41,"enemies":"Slime Boss","floor":16,"turns":6}],"seed_played":"-1456015152970610335","potions_obtained":[{"floor":1.0,"key":"Strength Potion"},{"floor":8.0,"key":"AttackPotion"},{"floor":13.0,"key":"Explosive Potion"}],"is_trial":false,"path_per_floor":["M","$","?","?","M","E","R","E","T","E","?","?","M","M","R","B"],"character_chosen":"IRONCLAD","items_purchased":["Pommel Strike"],"campfire_rested":1,"item_purchase_floors":[2],"current_hp_per_floor":[62,62,67,67,73,23,44,20,20,11,29,29,35,41,41,0],"gold":121,"neow_bonus":"THREE_RARE_CARDS","is_prod":false,"is_daily":false,"chose_seed":false,"campfire_upgraded":1,"win_rate":0,"timestamp":1552523574,"path_taken":["M","$","?","?","?","E","R","E","T","E","?","?","M","M","R","BOSS"],"build_version":"2019-01-23","purchased_purges":0,"victory":false,"max_hp_per_floor":[68,68,73,73,73,73,73,73,73,73,73,70,70,70,70,70],"card_choices":[{"not_picked":["Impervious","Double Tap"],"picked":"Bludgeon","floor":0.0},{"not_picked":["Warcry","Disarm"],"picked":"Headbutt","floor":1.0},{"not_picked":["True Grit","Iron Wave","Warcry"],"picked":"SKIP","floor":5.0},{"not_picked":["Infernal Blade","Armaments"],"picked":"Rampage","floor":6.0},{"not_picked":["Pommel Strike","Wild Strike"],"picked":"Flame Barrier","floor":8.0},{"not_picked":["Body Slam+1","Berserk","Blood for Blood+1"],"picked":"SKIP","floor":10.0},{"not_picked":["Infernal Blade+1","Havoc+1"],"picked":"Uppercut+1","floor":13.0},{"not_picked":["Uppercut+1","Evolve"],"picked":"Sword Boomerang+1","floor":14.0}],"player_experience":485639,"relics_obtained":[{"floor":6.0,"key":"Ginger"},{"floor":8.0,"key":"Toxic Egg 2"},{"floor":9.0,"key":"Molten Egg 2"},{"floor":10.0,"key":"Letter Opener"}],"event_choices":[{"damage_healed":0.0,"max_hp_gain":5.0,"max_hp_loss":0.0,"gold_gain":0.0,"event_name":"Big Fish","player_choice":"Donut","floor":3.0,"gold_loss":0.0,"damage_taken":0.0},{"damage_healed":0.0,"max_hp_gain":0.0,"max_hp_loss":0.0,"gold_gain":0.0,"cards_transformed":["Strike_R"],"event_name":"Transmorgrifier","player_choice":"Transformed","floor":4.0,"gold_loss":0.0,"damage_taken":0.0,"cards_obtained":["Ghostly Armor"]},{"damage_healed":18.0,"max_hp_gain":0.0,"max_hp_loss":0.0,"gold_gain":0.0,"event_name":"Mushrooms","player_choice":"Healed and dodged fight","floor":11.0,"gold_loss":0.0,"damage_taken":0.0,"cards_obtained":["Parasite"]},{"cards_removed":["Parasite"],"damage_healed":0.0,"max_hp_gain":0.0,"max_hp_loss":0.0,"gold_gain":0.0,"event_name":"The Cleric","player_choice":"Card Removal","floor":12.0,"gold_loss":75.0,"damage_taken":0.0}],"is_beta":false,"boss_relics":[],"items_purged_floors":[],"is_endless":false,"potions_floor_spawned":[1,8,13],"killed_by":"Slime Boss","ascension_level":19}