{"gold_per_floor":[115,134,19,80,80,115,128,128,128,156,167,167,132,142,142,245,245,226,117,117,129,50,50,81,81,154,154,166,184,184],"floor_reached":30,"playtime":1444,"items_purged":["Strike_G"],"score":335,"play_id":"2c0728be-dd3c-496d-aaaa-23dc98dc11cd","local_time":"20181221144155","is_ascension_mode":true,"campfire_choices":[{"floor":8,"key":"REST"},{"data":"Footwork","floor":12,"key":"SMITH"},{"data":"Infinite Blades","floor":15,"key":"SMITH"},{"floor":23,"key":"REST"},{"floor":25,"key":"REST"}],"neow_cost":"NONE","seed_source_timestamp":103053819780215,"circlet_count":0,"master_deck":["Defend_G","Defend_G","Defend_G","Defend_G","Defend_G","Strike_G","Strike_G","Strike_G","Strike_G","Survivor","Neutralize","Envenom","Quick Slash","Prepared","Backstab","Infinite Blades+1","PiercingWail","Dash","Dagger Throw","Footwork+1","Corpse Explosion","Glass Knife","Well Laid Plans","Dagger Spray","PiercingWail","Crippling Poison","Dodge and Roll+1","Leg Sweep","Backflip+1"],"relics":["Ring of the Snake","Letter Opener","Omamori","Shovel","Orrery","Ninja Scroll","Toxic Egg 2","Paper Crane"],"potions_floor_usage":[11,21,28,29,30],"damage_taken":[{"damage":1,"enemies":"2 Louse","floor":1,"turns":4},{"damage":1,"enemies":"Small Slimes","floor":2,"turns":4},{"damage":34,"enemies":"3 Sentries","floor":6,"turns":10},{"damage":6,"enemies":"Cultist","floor":7,"turns":4},{"damage":11,"enemies":"Lagavulin","floor":10,"turns":8},{"damage":9,"enemies":"Large Slime","floor":11,"turns":5},{"damage":1,"enemies":"Gremlin Gang","floor":14,"turns":6},{"damage":12,"enemies":"Hexaghost","floor":16,"turns":10},{"damage":12,"enemies":"2 Thieves","floor":18,"turns":4},{"damage":22,"enemies":"Chosen","floor":21,"turns":6},{"damage":26,"enemies":"Slavers","floor":24,"turns":3},{"damage":18,"enemies":"Snecko","floor":28,"turns":6},{"damage":10,"enemies":"Cultist and Chosen","floor":29,"turns":5},{"damage":16,"enemies":"Gremlin Leader","floor":30,"turns":5}],"seed_played":"6344685772473570789","potions_obtained":[{"floor":2,"key":"FearPotion"},{"floor":7,"key":"Weak Potion"},{"floor":10,"key":"GamblersBrew"},{"floor":14,"key":"Swift Potion"},{"floor":28,"key":"Fire Potion"},{"floor":29,"key":"Dexterity Potion"}],"is_trial":false,"path_per_floor":["M","M","$","?","?","E","M","R","T","E","M","R","?","M","R","B",null,"M","$","?","M","$","R","E","R","T","?","M","M","E"],"character_chosen":"THE_SILENT","items_purchased":["Backstab","Infinite Blades","Crippling Poison","Leg Sweep"],"campfire_rested":3,"item_purchase_floors":[3,3,19,22],"current_hp_per_floor":[62,61,61,61,61,27,21,42,42,31,22,22,39,38,38,26,59,47,47,47,25,25,46,20,41,41,41,23,13,0],"gold":184,"neow_bonus":"ONE_RANDOM_RARE_CARD","is_prod":false,"is_daily":false,"chose_seed":false,"campfire_upgraded":2,"win_rate":0,"timestamp":1545421315,"path_taken":["M","M","$","?","?","E","M","R","T","E","M","R","?","M","R","BOSS","M","$","?","M","?","R","E","R","T","?","?","?","E"],"build_version":"2018-12-20","purchased_purges":1,"victory":false,"max_hp_per_floor":[70,70,70,70,70,70,70,70,70,70,70,70,70,70,70,70,70,70,70,70,70,70,70,70,70,70,70,70,70,70],"card_choices":[{"not_picked":["Backflip","All Out Attack"],"picked":"Quick Slash","floor":1},{"not_picked":["Heel Hook","Choke"],"picked":"Prepared","floor":2},{"not_picked":["Prepared","Setup"],"picked":"PiercingWail","floor":6},{"not_picked":["Dagger Throw","Heel Hook"],"picked":"Dash","floor":7},{"not_picked":["Prepared","Quick Slash"],"picked":"Dagger Throw","floor":10},{"not_picked":["Dagger Spray","Deadly Poison"],"picked":"Footwork","floor":11},{"not_picked":["Well Laid Plans","Dash"],"picked":"Corpse Explosion","floor":14},{"not_picked":["Adrenaline","Grand Finale"],"picked":"Glass Knife","floor":16},{"not_picked":["Deadly Poison","Underhanded Strike"],"picked":"Well Laid Plans","floor":17},{"not_picked":["Deflect","Concentrate"],"picked":"Dagger Spray","floor":17},{"not_picked":["Flying Knee","Underhanded Strike"],"picked":"PiercingWail","floor":18},{"not_picked":["All Out Attack","Poisoned Stab"],"picked":"Dodge and Roll+1","floor":21},{"not_picked":["Deflect","Poisoned Stab","Setup"],"picked":"SKIP","floor":24},{"not_picked":["Acrobatics+1","Flying Knee","Quick Slash+1"],"picked":"SKIP","floor":28},{"not_picked":["Endless Agony","Blade Dance+1"],"picked":"Backflip+1","floor":29}],"player_experience":356158,"relics_obtained":[{"floor":6,"key":"Letter Opener"},{"floor":9,"key":"Omamori"},{"floor":10,"key":"Shovel"},{"floor":24,"key":"Ninja Scroll"},{"floor":26,"key":"Toxic Egg 2"}],"event_choices":[{"damage_healed":0,"gold_gain":61,"player_choice":"Gained Gold","damage_taken":0,"max_hp_gain":0,"max_hp_loss":0,"event_name":"Golden Wing","floor":4,"gold_loss":0},{"damage_healed":0,"gold_gain":0,"player_choice":"Ignored","damage_taken":0,"max_hp_gain":0,"max_hp_loss":0,"event_name":"Liars Game","floor":5,"gold_loss":0},{"damage_healed":17,"gold_gain":0,"player_choice":"Healed","damage_taken":0,"max_hp_gain":0,"max_hp_loss":0,"event_name":"The Cleric","floor":13,"gold_loss":35},{"damage_healed":0,"gold_gain":0,"player_choice":"Bought 0 Potions","damage_taken":0,"max_hp_gain":0,"max_hp_loss":0,"event_name":"The Woman in Blue","floor":20,"gold_loss":0},{"damage_healed":0,"gold_gain":0,"player_choice":"Gave Potion","damage_taken":0,"relics_obtained":["Paper Crane"],"max_hp_gain":0,"max_hp_loss":0,"event_name":"WeMeetAgain","floor":27,"gold_loss":0}],"is_beta":false,"boss_relics":[{"not_picked":["Runic Pyramid","Velvet Choker"],"picked":"Orrery"}],"items_purged_floors":[19],"is_endless":false,"potions_floor_spawned":[2,7,10,14,28,29],"killed_by":"Gremlin Leader","ascension_level":6}