{"gold_per_floor":[117,132,16,27,42,42,57,7,30,30,45,62,79,113,113,218,218,218],"floor_reached":18,"playtime":805,"items_purged":["Strike_R"],"score":233,"play_id":"0082298b-74a9-4c6f-9c18-b04b691d5d82","local_time":"20190507205634","is_ascension_mode":true,"campfire_choices":[{"data":"Carnage","floor":6,"key":"SMITH"},{"floor":15,"key":"REST"}],"neow_cost":"NONE","seed_source_timestamp":2011082803666550,"circlet_count":0,"master_deck":["Strike_R","Strike_R","Defend_R","Defend_R","Defend_R","Bash","Carnage+1","Feed","Double Tap","Exhume"],"relics":["Empty Cage","Centennial Puzzle","Smiling Mask","Black Star"],"potions_floor_usage":[5,12,13,16],"damage_taken":[{"damage":5,"enemies":"Small Slimes","floor":1,"turns":3},{"damage":1,"enemies":"Cultist","floor":2,"turns":4},{"damage":7,"enemies":"2 Louse","floor":4,"turns":3},{"damage":6,"enemies":"Lots of Slimes","floor":5,"turns":2},{"damage":25,"enemies":"Exordium Wildlife","floor":7,"turns":8},{"damage":8,"enemies":"Blue Slaver","floor":11,"turns":2},{"damage":11,"enemies":"Lots of Slimes","floor":12,"turns":5},{"damage":24,"enemies":"Exordium Wildlife","floor":13,"turns":5},{"damage":35,"enemies":"Lagavulin","floor":14,"turns":4},{"damage":51,"enemies":"Hexaghost","floor":16,"turns":7},{"damage":75,"enemies":"3 Byrds","floor":18,"turns":5}],"seed_played":"8616736537160088125","potions_obtained":[{"floor":2,"key":"Explosive Potion"},{"floor":4,"key":"LiquidBronze"},{"floor":11,"key":"Regen Potion"},{"floor":14,"key":"BloodPotion"}],"is_trial":false,"path_per_floor":["M","M","$","M","M","R","M","?","T","?","M","M","M","E","R","B",null,"M"],"character_chosen":"IRONCLAD","items_purchased":["Carnage"],"campfire_rested":1,"item_purchase_floors":[3],"current_hp_per_floor":[75,74,74,67,61,61,36,36,36,80,75,67,60,28,55,13,72,0],"gold":218,"neow_bonus":"BOSS_RELIC","is_prod":false,"is_daily":false,"chose_seed":false,"campfire_upgraded":1,"win_rate":0,"timestamp":1557276994,"path_taken":["M","M","$","M","M","R","M","?","T","?","M","M","M","E","R","BOSS","M"],"build_version":"2019-01-23","purchased_purges":1,"victory":false,"max_hp_per_floor":[80,80,80,80,80,80,80,80,80,80,83,86,89,92,92,92,92,95],"card_choices":[{"not_picked":["Armaments","Havoc","Wild Strike"],"picked":"SKIP","floor":1},{"not_picked":["Anger","Heavy Blade","Combust"],"picked":"SKIP","floor":2},{"not_picked":["Thunderclap","Infernal Blade","Perfected Strike"],"picked":"SKIP","floor":4},{"not_picked":["Searing Blow","Power Through","Cleave"],"picked":"SKIP","floor":5},{"not_picked":["Battle Trance","Dual Wield"],"picked":"Feed","floor":7},{"not_picked":["Sentinel","Pommel Strike","Perfected Strike"],"picked":"SKIP","floor":11},{"not_picked":["Dual Wield","Feel No Pain","Anger"],"picked":"SKIP","floor":12},{"not_picked":["Sword Boomerang","Twin Strike","Pommel Strike"],"picked":"SKIP","floor":13},{"not_picked":["Flex","Pommel Strike"],"picked":"Double Tap","floor":14},{"not_picked":["Offering","Limit Break"],"picked":"Exhume","floor":16}],"player_experience":194122,"relics_obtained":[{"floor":9,"key":"Centennial Puzzle"},{"floor":14,"key":"Smiling Mask"}],"event_choices":[{"cards_removed":["Strike_R"],"damage_healed":0,"gold_gain":0,"player_choice":"Card Removal","damage_taken":0,"max_hp_gain":0,"max_hp_loss":0,"event_name":"The Cleric","floor":8,"gold_loss":50},{"damage_healed":44,"gold_gain":0,"player_choice":"Full Heal","damage_taken":0,"max_hp_gain":0,"max_hp_loss":0,"event_name":"Wheel of Change","floor":10,"gold_loss":0}],"is_beta":false,"boss_relics":[{"not_picked":["Lizard Tail","Orrery"],"picked":"Black Star"}],"items_purged_floors":[3],"is_endless":false,"potions_floor_spawned":[2,4,11,14],"killed_by":"3 Byrds","ascension_level":5}