{"gold_per_floor":[15,29,39,57,67,85,85,85,85,85,10,10,45,64,64,168,168,183,83,83,83,83,83,83,83,130,165,181,192,192,206,206,206],"floor_reached":33,"playtime":792,"items_purged":["Defend_R","Defend_R"],"score":267,"play_id":"724a6f42-d966-48f7-a378-ebf50670e10f","local_time":"20181210111518","is_ascension_mode":false,"campfire_choices":[{"data":"Bash","floor":8,"key":"SMITH"},{"data":"Shrug It Off","floor":10,"key":"SMITH"},{"floor":12,"key":"REST"},{"data":"Strike_R","floor":15,"key":"SMITH"},{"data":"Strike_R","floor":23,"key":"SMITH"},{"data":"Strike_R","floor":25,"key":"SMITH"},{"floor":32,"key":"REST"}],"neow_cost":"NO_GOLD","seed_source_timestamp":266865749332836,"circlet_count":0,"master_deck":["Strike_R+1","Strike_R","Strike_R","Strike_R+1","Strike_R+1","Bash+1","Shrug It Off+1","Clash"],"relics":["Burning Blood","Self Forming Clay","Pantograph","Sozu","Orichalcum","Boot"],"potions_floor_usage":[13],"damage_taken":[{"damage":0,"enemies":"Small Slimes","floor":1,"turns":3},{"damage":18,"enemies":"Jaw Worm","floor":2,"turns":3},{"damage":1,"enemies":"2 Louse","floor":3,"turns":3},{"damage":33,"enemies":"Lots of Slimes","floor":4,"turns":5},{"damage":23,"enemies":"Large Slime","floor":5,"turns":9},{"damage":16,"enemies":"Red Slaver","floor":6,"turns":3},{"damage":33,"enemies":"Lagavulin","floor":13,"turns":5},{"damage":0,"enemies":"Looter","floor":14,"turns":3},{"damage":50,"enemies":"The Guardian","floor":16,"turns":13},{"damage":14,"enemies":"3 Byrds","floor":18,"turns":6},{"damage":35,"enemies":"Slavers","floor":27,"turns":6},{"damage":0,"enemies":"Chosen","floor":28,"turns":3},{"damage":14,"enemies":"Snake Plant","floor":29,"turns":3},{"damage":21,"enemies":"3 Cultists","floor":31,"turns":5},{"damage":3,"enemies":"Automaton","floor":33,"turns":3}],"seed_played":"2840277147911528814","potions_obtained":[{"floor":2,"key":"Strength Potion"},{"floor":4,"key":"EssenceOfSteel"},{"floor":14,"key":"SpeedPotion"}],"is_trial":false,"path_per_floor":["M","M","M","M","M","M","?","R","T","R","$","R","E","M","R","B",null,"M","$","?","?","$","R","?","R","T","E","M","M","?","M","R","B"],"character_chosen":"IRONCLAD","items_purchased":[],"campfire_rested":2,"item_purchase_floors":[],"current_hp_per_floor":[80,68,73,46,29,19,45,45,45,45,45,69,42,48,48,29,80,72,72,72,57,57,57,57,57,57,28,34,26,26,11,36,58],"gold":206,"neow_bonus":"REMOVE_TWO","is_prod":false,"is_daily":false,"chose_seed":false,"campfire_upgraded":5,"win_rate":0,"timestamp":1544458518,"path_taken":["M","M","M","M","M","M","?","R","T","R","$","R","E","M","R","BOSS","M","$","?","?","$","R","?","R","T","E","?","M","?","M","R","BOSS"],"build_version":"2018-12-06","purchased_purges":2,"victory":false,"max_hp_per_floor":[80,80,80,80,80,80,80,80,80,80,80,80,80,80,80,80,80,80,80,80,85,85,85,85,85,85,85,85,85,85,85,85,85],"card_choices":[{"not_picked":["Headbutt","Perfected Strike","Armaments"],"picked":"SKIP","floor":1},{"not_picked":["Fire Breathing","Body Slam","Heavy Blade"],"picked":"SKIP","floor":2},{"not_picked":["Entrench","Spot Weakness","Sentinel"],"picked":"SKIP","floor":3},{"not_picked":["Armaments","Brutality","Rupture"],"picked":"SKIP","floor":4},{"not_picked":["Twin Strike","Rage","Thunderclap"],"picked":"SKIP","floor":5},{"not_picked":["Entrench","Infernal Blade"],"picked":"Shrug It Off","floor":6},{"not_picked":["Brutality","Havoc","Iron Wave"],"picked":"SKIP","floor":13},{"not_picked":["Rage","Dual Wield","Hemokinesis"],"picked":"SKIP","floor":14},{"not_picked":["Flame Barrier","Havoc+1","True Grit"],"picked":"SKIP","floor":18},{"not_picked":["Second Wind","Pummel","Flex"],"picked":"SKIP","floor":27},{"not_picked":["Headbutt","Anger","Flex"],"picked":"SKIP","floor":28},{"not_picked":["Thunderclap","Ghostly Armor","Cleave"],"picked":"SKIP","floor":29},{"not_picked":["Burning Pact","Heavy Blade+1"],"picked":"Clash","floor":31}],"player_experience":309855,"relics_obtained":[{"floor":9,"key":"Self Forming Clay"},{"floor":13,"key":"Pantograph"},{"floor":26,"key":"Orichalcum"},{"floor":27,"key":"Boot"}],"event_choices":[{"damage_healed":26,"gold_gain":0,"player_choice":"Banana","damage_taken":0,"max_hp_gain":0,"max_hp_loss":0,"event_name":"Big Fish","floor":7,"gold_loss":0},{"damage_healed":0,"gold_gain":0,"player_choice":"Ignored","damage_taken":0,"max_hp_gain":0,"max_hp_loss":0,"event_name":"Ghosts","floor":20,"gold_loss":0},{"damage_healed":0,"gold_gain":0,"player_choice":"Shed Blood","damage_taken":20,"max_hp_gain":5,"max_hp_loss":0,"event_name":"Forgotten Altar","floor":21,"gold_loss":0},{"damage_healed":0,"gold_gain":0,"player_choice":"Ignored","damage_taken":0,"max_hp_gain":0,"max_hp_loss":0,"event_name":"NoteForYourself","floor":24,"gold_loss":0},{"damage_healed":0,"gold_gain":0,"player_choice":"0 cards matched","damage_taken":0,"max_hp_gain":0,"max_hp_loss":0,"event_name":"Match and Keep!","floor":30,"gold_loss":0,"cards_obtained":[]}],"is_beta":false,"boss_relics":[{"not_picked":["Snecko Eye","Cursed Key"],"picked":"Sozu"}],"items_purged_floors":[11,19],"is_endless":false,"potions_floor_spawned":[2,4,6,14,18,27,29],"killed_by":"Automaton","ascension_level":0}