{"gold_per_floor":[117,117,18,0,0,34,34,68,68,68,84,110,110,127,127,226,226,236,335,168,185,205,205,205,205],"floor_reached":25,"playtime":2050,"items_purged":["Strike_R","Strike_R"],"score":296,"play_id":"a5916968-237c-4fc7-8416-2713d18c0b87","local_time":"20190107231518","is_ascension_mode":true,"campfire_choices":[{"data":"Bash","floor":7,"key":"SMITH"},{"floor":10,"key":"REST"},{"floor":13,"key":"RECALL"},{"data":"Armaments","floor":15,"key":"SMITH"},{"floor":23,"key":"REST"}],"neow_cost":"TEN_PERCENT_HP_LOSS","seed_source_timestamp":451284878016378,"circlet_count":0,"master_deck":["Defend_R","Defend_R","Defend_R","Defend_R","Bash+1","Immolate","Inflame","Armaments+1","Twin Strike","Heavy Blade","Inflame","Headbutt","Reaper","Reaper","Seeing Red","Dropkick","Bite","Bite","Bite","Bite","Bite"],"relics":["Black Blood","Red Skull","PreservedInsect","StoneCalendar","Girya","Vajra"],"potions_floor_usage":[6,22,25],"damage_taken":[{"damage":6,"enemies":"2 Louse","floor":1,"turns":3},{"damage":15,"enemies":"3 Sentries","floor":6,"turns":4},{"damage":13,"enemies":"Gremlin Nob","floor":8,"turns":3},{"damage":7,"enemies":"Jaw Worm","floor":11,"turns":2},{"damage":5,"enemies":"3 Sentries","floor":12,"turns":2},{"damage":3,"enemies":"Small Slimes","floor":14,"turns":2},{"damage":45,"enemies":"The Guardian","floor":16,"turns":8},{"damage":58,"enemies":"3 Byrds","floor":18,"turns":6},{"damage":7,"enemies":"Chosen","floor":21,"turns":4},{"damage":44,"enemies":"Shelled Parasite and Fungi","floor":22,"turns":7},{"damage":59,"enemies":"Slavers","floor":25,"turns":3}],"seed_played":"7041927096764420514","potions_obtained":[{"floor":1,"key":"LiquidBronze"},{"floor":16,"key":"EssenceOfSteel"},{"floor":22,"key":"SteroidPotion"}],"is_trial":false,"path_per_floor":["M","?","$","?","$","E","R","E","T","R","M","E","R","M","R","B",null,"M","?","$","M","M","R","?","E"],"character_chosen":"IRONCLAD","items_purchased":["Armaments","Reaper"],"campfire_rested":2,"item_purchase_floors":[3,20],"current_hp_per_floor":[72,60,60,60,60,51,51,44,44,65,64,65,65,68,68,29,61,13,13,13,34,13,34,34,0],"gold":205,"neow_bonus":"THREE_RARE_CARDS","is_prod":false,"is_daily":false,"chose_seed":false,"campfire_upgraded":2,"win_rate":0,"timestamp":1546895718,"path_taken":["M","?","$","?","$","E","R","E","T","R","M","E","R","M","R","BOSS","M","?","$","M","M","R","?","E"],"build_version":"2019-01-03v4","purchased_purges":2,"victory":false,"max_hp_per_floor":[72,72,72,72,72,72,72,72,72,72,72,72,72,72,72,72,72,72,72,72,72,72,72,50,50],"card_choices":[{"not_picked":["Feed","Fiend Fire"],"picked":"Immolate","floor":0},{"not_picked":["Clash","Shrug It Off"],"picked":"Inflame","floor":1},{"not_picked":["Blood for Blood","Clash"],"picked":"Twin Strike","floor":6},{"not_picked":["Infernal Blade","Dark Embrace"],"picked":"Heavy Blade","floor":8},{"not_picked":["Sever Soul","Body Slam"],"picked":"Inflame","floor":11},{"not_picked":["Dual Wield","Perfected Strike"],"picked":"Headbutt","floor":12},{"not_picked":["Havoc","Corruption","Wild Strike"],"picked":"SKIP","floor":14},{"not_picked":["Impervious","Berserk"],"picked":"Reaper","floor":16},{"not_picked":["Combust","Corruption+1","Reckless Charge"],"picked":"SKIP","floor":18},{"not_picked":["Twin Strike","Armaments"],"picked":"Seeing Red","floor":21},{"not_picked":["Sever Soul","Bloodletting"],"picked":"Dropkick","floor":22}],"player_experience":125472,"relics_obtained":[{"floor":6,"key":"PreservedInsect"},{"floor":8,"key":"StoneCalendar"},{"floor":9,"key":"Girya"},{"floor":12,"key":"Vajra"}],"event_choices":[{"damage_healed":0,"gold_gain":0,"player_choice":"Success","damage_taken":12,"relics_obtained":["Red Skull"],"max_hp_gain":0,"max_hp_loss":0,"event_name":"Scrap Ooze","floor":2,"gold_loss":0},{"damage_healed":0,"gold_gain":0,"player_choice":"Left Gold","damage_taken":0,"max_hp_gain":0,"max_hp_loss":0,"event_name":"World of Goop","floor":4,"gold_loss":18},{"damage_healed":0,"gold_gain":99,"player_choice":"Stole From Cult","damage_taken":0,"max_hp_gain":0,"max_hp_loss":0,"event_name":"Nest","floor":19,"gold_loss":0},{"damage_healed":0,"gold_gain":0,"player_choice":"Became a vampire","damage_taken":0,"max_hp_gain":0,"max_hp_loss":22,"event_name":"Vampires","floor":24,"gold_loss":0,"cards_obtained":["Bite","Bite","Bite","Bite","Bite"]}],"is_beta":false,"boss_relics":[{"not_picked":["Eternal Feather","Coffee Dripper"],"picked":"Black Blood"}],"items_purged_floors":[3,20],"is_endless":false,"potions_floor_spawned":[1,16,22],"killed_by":"Slavers","ascension_level":5}