{"gold_per_floor":[119,119,130,130,147,174,202,219,219,229,229,254,269,43,43,138,138,151,151,76,62,80,80,80,109,109,9,9,27,27,40,40,139,139,155,169,224,324,324,324,344,358,383,402,402,402,402,429,429,429,429,429,73,105,105],"floor_reached":55,"playtime":3759,"items_purged":["Strike_B","Shame"],"score":788,"play_id":"37564b07-dd63-4a71-bb96-65d20901aef7","local_time":"20190313092336","is_ascension_mode":true,"campfire_choices":[{"data":"Streamline","floor":15,"key":"SMITH"},{"data":"Electrodynamics","floor":23,"key":"SMITH"},{"data":"Ghostly","floor":28,"key":"SMITH"},{"data":"Ghostly","floor":30,"key":"SMITH"},{"data":"Ghostly","floor":32,"key":"SMITH"},{"data":"Ghostly","floor":40,"key":"SMITH"},{"floor":45,"key":"RECALL"},{"floor":49,"key":"REST"},{"data":"Pain","floor":52,"key":"PURGE"}],"neow_cost":"NONE","seed_source_timestamp":2801004748522,"circlet_count":0,"master_deck":["Strike_B+1","Strike_B+1","Defend_B+1","Defend_B+1","Defend_B+1","Zap","Dualcast","Rebound","Streamline+1","Cold Snap","Conserve Battery","Cold Snap","Darkness","Leap","Undo","Electrodynamics+1","Ghostly","Ghostly+1","Ghostly+1","Ghostly+1","Ghostly+1","Darkness","BootSequence+1","Recycle","Coolheaded+1","Buffer","Undo+1","Capacitor","Hologram+1","Creative AI","Coolheaded+1","Dark Shackles+1","Consume+1","Echo Form"],"relics":["FrozenCore","NeowsBlessing","Strawberry","Odd Mushroom","Pear","Pantograph","Bronze Scales","Cursed Key","Thread and Needle","Toxic Egg 2","Peace Pipe","Du-Vu Doll","Bottled Tornado","Strange Spoon","Centennial Puzzle","Mercury Hourglass"],"potions_floor_usage":[48,48,48,48,55],"damage_taken":[{"damage":0,"enemies":"Small Slimes","floor":1,"turns":1},{"damage":0,"enemies":"Cultist","floor":3,"turns":1},{"damage":0,"enemies":"Jaw Worm","floor":5,"turns":1},{"damage":25,"enemies":"Gremlin Nob","floor":6,"turns":4},{"damage":9,"enemies":"The Mushroom Lair","floor":7,"turns":4},{"damage":1,"enemies":"Blue Slaver","floor":8,"turns":3},{"damage":0,"enemies":"2 Fungi Beasts","floor":10,"turns":3},{"damage":20,"enemies":"Lagavulin","floor":12,"turns":7},{"damage":8,"enemies":"Looter","floor":13,"turns":2},{"damage":41,"enemies":"Hexaghost","floor":16,"turns":11},{"damage":1,"enemies":"Chosen","floor":18,"turns":4},{"damage":0,"enemies":"2 Thieves","floor":21,"turns":4},{"damage":0,"enemies":"Shelled Parasite and Fungi","floor":22,"turns":6},{"damage":0,"enemies":"Gremlin Leader","floor":25,"turns":6},{"damage":0,"enemies":"Centurion and Healer","floor":29,"turns":6},{"damage":0,"enemies":"Snake Plant","floor":31,"turns":3},{"damage":23,"enemies":"Champ","floor":33,"turns":20},{"damage":0,"enemies":"3 Shapes","floor":35,"turns":7},{"damage":0,"enemies":"3 Darklings","floor":36,"turns":4},{"damage":16,"enemies":"2 Orb Walkers","floor":37,"turns":7},{"damage":0,"enemies":"Mind Bloom Boss Battle","floor":38,"turns":8},{"damage":2,"enemies":"Maw","floor":41,"turns":13},{"damage":0,"enemies":"Sphere and 2 Shapes","floor":42,"turns":6},{"damage":6,"enemies":"3 Darklings","floor":44,"turns":9},{"damage":34,"enemies":"Giant Head","floor":48,"turns":17},{"damage":12,"enemies":"Time Eater","floor":50,"turns":16},{"damage":30,"enemies":"Shield and Spear","floor":54,"turns":11},{"damage":111,"enemies":"The Heart","floor":55,"turns":17}],"seed_played":"6479132394875069195","potions_obtained":[{"floor":3,"key":"SkillPotion"},{"floor":6,"key":"GamblersBrew"},{"floor":10,"key":"Weak Potion"},{"floor":22,"key":"EntropicBrew"}],"is_trial":false,"path_per_floor":["M","?","M","?","M","E","?","M","T","M","?","E","M","$","R","B",null,"M","?","$","M","M","R","?","E","T","$","R","M","R","M","R","B",null,"M","M","?","?","?","R","M","M","T","M","R","?","?","E","R","B",null,"R","$","E","B"],"character_chosen":"DEFECT","items_purchased":["Bronze Scales","Undo","Strange Spoon","Centennial Puzzle"],"campfire_rested":1,"item_purchase_floors":[14,14,53,53],"current_hp_per_floor":[75,75,75,75,75,57,48,47,57,57,62,42,34,34,34,18,97,96,48,48,48,48,48,48,48,48,48,48,48,48,48,48,25,48,48,48,32,48,48,48,46,46,46,40,40,35,35,1,15,28,48,48,48,18,0],"gold":105,"neow_bonus":"THREE_ENEMY_KILL","is_prod":false,"is_daily":false,"chose_seed":false,"campfire_upgraded":6,"win_rate":0,"timestamp":1552483416,"path_taken":["M","?","?","?","M","E","?","M","T","M","?","E","M","$","R","BOSS","M","?","$","M","M","R","?","E","T","$","R","M","R","M","R","BOSS","M","M","?","?","?","R","M","M","T","?","R","?","?","E","R","BOSS","R","$","E","BOSS"],"build_version":"2019-01-23","purchased_purges":2,"victory":false,"max_hp_per_floor":[75,75,75,75,75,82,82,82,92,92,97,97,97,97,97,97,97,97,48,48,48,48,48,48,48,48,48,48,48,48,48,48,48,48,48,48,48,48,48,48,48,48,48,48,48,48,48,48,48,48,48,48,48,48,48],"card_choices":[{"not_picked":["Hologram","Undo"],"picked":"Rebound","floor":1},{"not_picked":["Double Energy","Tempest"],"picked":"Streamline","floor":3},{"not_picked":["Redo","Force Field"],"picked":"Cold Snap","floor":5},{"not_picked":["Go for the Eyes","Force Field"],"picked":"Conserve Battery","floor":6},{"not_picked":["Turbo","FTL"],"picked":"Cold Snap","floor":7},{"not_picked":["Force Field","Steam"],"picked":"Darkness","floor":8},{"not_picked":["Beam Cell","Barrage"],"picked":"Leap","floor":10},{"not_picked":["Cold Snap","FTL","Beam Cell"],"picked":"SKIP","floor":12},{"not_picked":["Meteor Strike","Cold Snap","Ball Lightning"],"picked":"SKIP","floor":13},{"not_picked":["Biased Cognition","Seek"],"picked":"Electrodynamics","floor":16},{"not_picked":["Hologram","Blizzard","Barrage"],"picked":"SKIP","floor":18},{"not_picked":["Streamline","Consume"],"picked":"Darkness","floor":21},{"not_picked":["Conserve Battery","Lockon"],"picked":"BootSequence+1","floor":22},{"not_picked":["White Noise","Melter"],"picked":"Recycle","floor":25},{"not_picked":["Barrage","Heatsinks","Streamline"],"picked":"SKIP","floor":29},{"not_picked":["Hologram+1","Thunder Strike"],"picked":"Coolheaded+1","floor":31},{"not_picked":["Thunder Strike","Reboot+1"],"picked":"Buffer","floor":33},{"not_picked":["Gash","Skim+1"],"picked":"Undo+1","floor":35},{"not_picked":["Leap+1","Compile Driver+1","Sweeping Beam+1"],"picked":"SKIP","floor":36},{"not_picked":["Redo+1","Coolheaded+1"],"picked":"Capacitor","floor":37},{"not_picked":["Conserve Battery+1","Rebound+1"],"picked":"Hologram+1","floor":38},{"not_picked":["Go for the Eyes+1","Stack+1"],"picked":"Creative AI","floor":41},{"not_picked":["Go for the Eyes+1","Compile Driver","Conserve Battery+1"],"picked":"SKIP","floor":42},{"not_picked":["Leap+1","Steam Power+1"],"picked":"Coolheaded+1","floor":44},{"not_picked":["Dramatic Entrance","Bandage Up+1"],"picked":"Dark Shackles+1","floor":46},{"not_picked":["Steam+1","Fusion+1"],"picked":"Consume+1","floor":48},{"not_picked":["Conserve Battery+1","Beam Cell+1"],"picked":"Echo Form","floor":54}],"player_experience":479914,"relics_obtained":[{"floor":6,"key":"Strawberry"},{"floor":7,"key":"Odd Mushroom"},{"floor":9,"key":"Pear"},{"floor":12,"key":"Pantograph"},{"floor":25,"key":"Thread and Needle"},{"floor":26,"key":"Toxic Egg 2"},{"floor":37,"key":"Peace Pipe"},{"floor":38,"key":"Du-Vu Doll"},{"floor":48,"key":"Bottled Tornado"},{"floor":54,"key":"Mercury Hourglass"}],"event_choices":[{"cards_removed":["Strike_B"],"damage_healed":0,"gold_gain":0,"player_choice":"Offered Basic","damage_taken":0,"max_hp_gain":0,"max_hp_loss":0,"event_name":"Bonfire Elementals","floor":2,"gold_loss":0},{"damage_healed":0,"gold_gain":0,"player_choice":"Ignored","damage_taken":0,"max_hp_gain":0,"max_hp_loss":0,"event_name":"Liars Game","floor":4,"gold_loss":0},{"damage_healed":0,"gold_gain":0,"player_choice":"Fought Mushrooms","damage_taken":0,"max_hp_gain":0,"max_hp_loss":0,"event_name":"Mushrooms","floor":7,"gold_loss":0},{"damage_healed":0,"gold_gain":0,"player_choice":"Donut","damage_taken":0,"max_hp_gain":5,"max_hp_loss":0,"event_name":"Big Fish","floor":11,"gold_loss":0},{"damage_healed":0,"gold_gain":0,"player_choice":"Became a Ghost","damage_taken":0,"max_hp_gain":0,"max_hp_loss":49,"event_name":"Ghosts","floor":19,"gold_loss":0,"cards_obtained":["Ghostly","Ghostly","Ghostly","Ghostly","Ghostly"]},{"damage_healed":0,"gold_gain":0,"player_choice":"Simplicity","damage_taken":0,"max_hp_gain":0,"max_hp_loss":0,"event_name":"Back to Basics","floor":24,"gold_loss":0,"cards_upgraded":["Strike_B","Strike_B","Defend_B","Defend_B","Defend_B","Defend_B"]},{"damage_healed":0,"gold_gain":0,"player_choice":"Fight","damage_taken":0,"max_hp_gain":0,"max_hp_loss":0,"event_name":"Mysterious Sphere","floor":37,"gold_loss":0},{"damage_healed":0,"gold_gain":0,"player_choice":"Fight","damage_taken":0,"max_hp_gain":0,"max_hp_loss":0,"event_name":"MindBloom","floor":38,"gold_loss":0},{"damage_healed":0,"gold_gain":0,"player_choice":"Ignored","damage_taken":0,"max_hp_gain":0,"max_hp_loss":0,"event_name":"Tomb of Lord Red Mask","floor":39,"gold_loss":0},{"damage_healed":0,"gold_gain":0,"player_choice":"Memory 2","damage_taken":5,"max_hp_gain":0,"max_hp_loss":0,"event_name":"SensoryStone","floor":46,"gold_loss":0},{"cards_removed":["Defend_B"],"damage_healed":0,"gold_gain":0,"player_choice":"Removed Skill","damage_taken":0,"max_hp_gain":0,"max_hp_loss":0,"event_name":"Falling","floor":47,"gold_loss":0}],"is_beta":false,"boss_relics":[{"not_picked":["Eternal Feather","Philosopher\u0027s Stone"],"picked":"Cursed Key"},{"not_picked":["Tiny House","Busted Crown"],"picked":"FrozenCore"}],"items_purged_floors":[20,27],"is_endless":false,"potions_floor_spawned":[3,6,10,12,22,41,42,44],"killed_by":"The Heart","ascension_level":1}