{"gold_per_floor":[366,378,389,25,42,42,76,93,93,7,7,20,20,20,20,20],"floor_reached":16,"playtime":612,"items_purged":["Parasite"],"score":199,"play_id":"2cbbc055-5191-40e1-873d-ec732d8b5543","local_time":"20190328152313","is_ascension_mode":true,"campfire_choices":[{"data":"Searing Blow","floor":6.0,"key":"SMITH"},{"floor":11.0,"key":"REST"},{"data":"Searing Blow+1","floor":13.0,"key":"SMITH"},{"data":"Searing Blow+2","floor":15.0,"key":"SMITH"}],"neow_cost":"CURSE","seed_source_timestamp":179351551140635,"circlet_count":0,"master_deck":["AscendersBane","Strike_R","Strike_R","Strike_R","Strike_R","Strike_R","Defend_R","Defend_R","Defend_R","Defend_R","Bash","Searing Blow+3","Dual Wield","Headbutt","Double Tap","Burning Pact","Burning Pact","Shrug It Off"],"special_seed":0,"relics":["Burning Blood","Membership Card","Self Forming Clay","Orichalcum","Bag of Marbles"],"potions_floor_usage":[16,16],"damage_taken":[{"damage":8.0,"enemies":"2 Louse","floor":1.0,"turns":3.0},{"damage":6.0,"enemies":"Jaw Worm","floor":2.0,"turns":5.0},{"damage":2.0,"enemies":"Cultist","floor":3.0,"turns":4.0},{"damage":11.0,"enemies":"2 Fungi Beasts","floor":5.0,"turns":4.0},{"damage":32.0,"enemies":"Gremlin Nob","floor":7.0,"turns":4.0},{"damage":23.0,"enemies":"Lots of Slimes","floor":8.0,"turns":5.0},{"damage":5.0,"enemies":"Gremlin Gang","floor":12.0,"turns":5.0},{"damage":49,"enemies":"The Guardian","floor":16,"turns":11}],"seed_played":"2979195432783638898","potions_obtained":[{"floor":1.0,"key":"SpeedPotion"},{"floor":5.0,"key":"EssenceOfSteel"},{"floor":12.0,"key":"SkillPotion"}],"is_trial":false,"path_per_floor":["M","M","M","$","M","R","E","M","T","$","R","M","R","?","R","B"],"character_chosen":"IRONCLAD","items_purchased":["Membership Card","Double Tap","Bag of Marbles"],"campfire_rested":1,"item_purchase_floors":[4,4,10],"current_hp_per_floor":[66,66,70,70,65,65,39,22,22,22,43,44,44,44,44,0],"gold":20,"neow_bonus":"TWO_FIFTY_GOLD","is_prod":false,"is_daily":false,"chose_seed":false,"campfire_upgraded":3,"win_rate":0,"timestamp":1553800993,"path_taken":["M","M","M","$","M","R","E","M","T","$","R","M","R","?","R","BOSS"],"build_version":"2019-01-23","purchased_purges":1,"victory":false,"max_hp_per_floor":[75,75,75,72,72,72,72,72,72,72,72,72,72,72,72,72],"card_choices":[{"not_picked":["Clash","Heavy Blade"],"picked":"Searing Blow","floor":1.0},{"not_picked":["Shockwave","Cleave"],"picked":"Dual Wield","floor":2.0},{"not_picked":["Blood for Blood","Body Slam"],"picked":"Headbutt","floor":3.0},{"not_picked":["Double Tap","Sword Boomerang","Perfected Strike"],"picked":"SKIP","floor":5.0},{"not_picked":["Dropkick","True Grit"],"picked":"Burning Pact","floor":7.0},{"not_picked":["Burning Pact","Twin Strike","Dark Embrace"],"picked":"SKIP","floor":8.0},{"not_picked":["Twin Strike","Dark Embrace"],"picked":"Burning Pact","floor":8.0},{"not_picked":["Twin Strike","Sword Boomerang"],"picked":"Shrug It Off","floor":12.0}],"player_experience":524570,"relics_obtained":[{"floor":7.0,"key":"Self Forming Clay"},{"floor":9.0,"key":"Orichalcum"}],"event_choices":[{"damage_healed":0.0,"max_hp_gain":0.0,"max_hp_loss":0.0,"gold_gain":0.0,"event_name":"The Cleric","player_choice":"Leave","floor":14.0,"gold_loss":0.0,"damage_taken":0.0}],"is_beta":false,"boss_relics":[],"items_purged_floors":[4],"is_endless":false,"potions_floor_spawned":[1,5,12],"killed_by":"The Guardian","ascension_level":19}