{"gold_per_floor":[111,121,46,62,75,100,100,113,113,113,113,113,127,144,144,243,243,256,471,487,243,255,255],"floor_reached":23,"playtime":2548,"items_purged":["Strike_G","Regret"],"score":195,"play_id":"cf5b539a-3a4e-40e6-b97e-04d7713af2f5","local_time":"20180704225644","is_ascension_mode":false,"campfire_choices":[{"data":"Deadly Poison","floor":7,"key":"SMITH"},{"floor":10,"key":"DIG"},{"floor":15,"key":"REST"}],"neow_cost":"CURSE","seed_source_timestamp":1814866526183593,"circlet_count":0,"master_deck":["Defend_G","Defend_G","Defend_G","Defend_G","Defend_G","Strike_G","Strike_G","Survivor","Neutralize","Poisoned Stab+1","Flying Knee","Deadly Poison+1","Predator","Quick Slash","Calculated Gamble","Prepared","Caltrops+1","Burst","Flying Knee","Expertise","Tools of the Trade+1","Noxious Fumes+1"],"relics":["Ring of the Snake","Bird Faced Urn","Happy Flower","Shovel","Frozen Egg 2","Empty Cage","Old Coin"],"potions_floor_usage":[6,13,16,16],"damage_taken":[{"damage":3,"enemies":"Small Slimes","floor":1,"turns":4},{"damage":3,"enemies":"Cultist","floor":2,"turns":4},{"damage":0,"enemies":"2 Louse","floor":4,"turns":3},{"damage":2,"enemies":"2 Fungi Beasts","floor":5,"turns":4},{"damage":15,"enemies":"Gremlin Nob","floor":6,"turns":4},{"damage":8,"enemies":"3 Louse","floor":8,"turns":3},{"damage":9,"enemies":"Exordium Thugs","floor":13,"turns":4},{"damage":0,"enemies":"Large Slime","floor":14,"turns":3},{"damage":29,"enemies":"The Guardian","floor":16,"turns":8},{"damage":21,"enemies":"3 Byrds","floor":18,"turns":4},{"damage":2,"enemies":"Chosen","floor":20,"turns":4},{"damage":17,"enemies":"Snake Plant","floor":22,"turns":4},{"damage":50,"floor":23,"turns":3}],"seed_played":"7167471917273621986","potions_obtained":[{"floor":1,"key":"Dexterity Potion"},{"floor":4,"key":"GamblersBrew"},{"floor":13,"key":"SteroidPotion"},{"floor":14,"key":"EssenceOfSteel"}],"is_trial":false,"path_per_floor":["M","M","$","M","M","E","R","M","T","R","?","?","M","M","R","B",null,"M","?","M","$","M"],"character_chosen":"THE_SILENT","items_purchased":["Tools of the Trade+1"],"campfire_rested":1,"item_purchase_floors":[21],"current_hp_per_floor":[67,64,64,64,62,47,47,39,39,39,39,39,30,30,51,24,70,51,51,51,51,38,0],"gold":255,"neow_bonus":"ONE_RARE_RELIC","is_prod":false,"is_daily":false,"chose_seed":false,"campfire_upgraded":1,"win_rate":0.0,"timestamp":1530759404,"path_taken":["M","M","$","M","M","E","R","M","T","R","?","?","M","M","R","BOSS","M","?","M","$","M","?"],"build_version":"2018-06-28","purchased_purges":2,"victory":false,"max_hp_per_floor":[70,70,70,70,70,70,70,70,70,70,70,70,70,70,70,70,70,70,70,70,70,70,70],"card_choices":[{"not_picked":["Calculated Gamble","Dagger Spray"],"picked":"Poisoned Stab","floor":1},{"not_picked":["Choke","Escape Plan"],"picked":"Flying Knee","floor":2},{"not_picked":["Outmaneuver","Prepared"],"picked":"Deadly Poison","floor":4},{"not_picked":["Choke","Outmaneuver"],"picked":"Predator","floor":5},{"not_picked":["Predator","Underhanded Strike"],"picked":"Quick Slash","floor":6},{"not_picked":["Sucker Punch","All Out Attack"],"picked":"Calculated Gamble","floor":8},{"not_picked":["Dagger Spray","PiercingWail"],"picked":"Prepared","floor":13},{"not_picked":["Distraction","PiercingWail"],"picked":"Caltrops+1","floor":14},{"not_picked":["Phantasmal Killer","Glass Knife"],"picked":"Burst","floor":16},{"not_picked":["PiercingWail","Acrobatics+1"],"picked":"Flying Knee","floor":18},{"not_picked":["Malaise","Dagger Spray"],"picked":"Expertise","floor":20},{"not_picked":["Calculated Gamble","Prepared"],"picked":"Noxious Fumes+1","floor":22}],"player_experience":49060,"relics_obtained":[{"floor":6,"key":"Happy Flower"},{"floor":9,"key":"Shovel"},{"floor":10,"key":"Frozen Egg 2"}],"event_choices":[{"event_name":"Accursed Blacksmith","player_choice":"Forge","floor":11,"damage_taken":0},{"event_name":"Golden Idol","player_choice":"Ignored","floor":12,"damage_taken":0},{"event_name":"Addict","player_choice":"Obtained Relic","floor":19,"damage_taken":0},{"event_name":"Masked Bandits","player_choice":"Fought over 255 gold","floor":23,"damage_taken":0}],"boss_relics":[{"not_picked":["Eternal Feather","Runic Pyramid"],"picked":"Empty Cage"}],"items_purged_floors":[3,21],"is_endless":false,"potions_floor_spawned":[1,4,13,14],"ascension_level":0}