{"gold_per_floor":[111,124,139,414,145,145,176,176,176,202,212,229,247,212,212,311,311,330,202,202,202,301,301,301,301,301,301],"floor_reached":27,"playtime":1080,"items_purged":["Regret","Strike_G"],"score":350,"play_id":"b074f2ed-bfae-4367-ae78-ae2a4b29b6bd","local_time":"20190226144632","is_ascension_mode":true,"campfire_choices":[{"data":"Neutralize","floor":6.0,"key":"SMITH"},{"floor":8.0,"key":"REST"},{"data":"Footwork","floor":15.0,"key":"SMITH"},{"data":"A Thousand Cuts","floor":23.0,"key":"SMITH"},{"data":"Leg Sweep","floor":25.0,"key":"SMITH"}],"neow_cost":"NONE","seed_source_timestamp":12535504110935,"circlet_count":0,"master_deck":["AscendersBane","Defend_G+1","Defend_G","Defend_G","Defend_G+1","Defend_G","Strike_G","Strike_G","Survivor","Neutralize+1","Dagger Throw","Endless Agony","Footwork+1","Dagger Spray","PiercingWail","Dodge and Roll","Calculated Gamble","A Thousand Cuts+1","PiercingWail","Leg Sweep+1","Die Die Die","Wraith Form v2"],"special_seed":0,"relics":["Ring of the Snake","Smiling Mask","War Paint","Turnip","Bottled Tornado","Tingsha","Black Star","Bottled Lightning"],"potions_floor_usage":[27],"damage_taken":[{"damage":1.0,"enemies":"Cultist","floor":1.0,"turns":4.0},{"damage":2.0,"enemies":"2 Louse","floor":2.0,"turns":3.0},{"damage":7.0,"enemies":"Jaw Worm","floor":3.0,"turns":5.0},{"damage":35.0,"enemies":"Gremlin Nob","floor":7.0,"turns":5.0},{"damage":22.0,"enemies":"3 Sentries","floor":10.0,"turns":10.0},{"damage":0.0,"enemies":"3 Louse","floor":11.0,"turns":2.0},{"damage":0.0,"enemies":"Blue Slaver","floor":12.0,"turns":3.0},{"damage":0.0,"enemies":"Looter","floor":13.0,"turns":3.0},{"damage":26.0,"enemies":"The Guardian","floor":16.0,"turns":24.0},{"damage":17.0,"enemies":"3 Byrds","floor":18.0,"turns":5.0},{"damage":40,"enemies":"Slavers","floor":27,"turns":2}],"seed_played":"8049736591294030409","potions_obtained":[{"floor":10.0,"key":"Swift Potion"},{"floor":11.0,"key":"SpeedPotion"},{"floor":18.0,"key":"LiquidBronze"}],"is_trial":false,"path_per_floor":["M","M","M","?","$","R","E","R","T","E","M","M","M","?","R","B",null,"M","$","?","?","?","R","?","R","T","E"],"character_chosen":"THE_SILENT","items_purchased":["Footwork","War Paint","Leg Sweep"],"campfire_rested":1,"item_purchase_floors":[5,5,19],"current_hp_per_floor":[62,60,53,53,53,53,18,39,39,17,17,17,17,34,34,8,55,38,38,38,38,38,38,38,38,38,0],"gold":301,"neow_bonus":"RANDOM_COMMON_RELIC","is_prod":false,"is_daily":false,"chose_seed":false,"campfire_upgraded":4,"win_rate":0,"timestamp":1551210392,"path_taken":["M","?","?","?","$","R","E","R","T","E","?","M","M","?","R","BOSS","M","$","?","?","?","R","?","R","T","E"],"build_version":"2019-01-23","purchased_purges":2,"victory":false,"max_hp_per_floor":[70,70,70,70,70,70,70,70,70,70,70,70,70,70,70,70,70,70,70,70,70,70,70,70,70,70,70],"card_choices":[{"not_picked":["Outmaneuver","Dodge and Roll"],"picked":"Dagger Throw","floor":1.0},{"not_picked":["Distraction","Underhanded Strike"],"picked":"Endless Agony","floor":2.0},{"not_picked":["Cloak And Dagger","Setup","Heel Hook"],"picked":"SKIP","floor":3.0},{"not_picked":["Dagger Throw","Calculated Gamble"],"picked":"Dagger Spray","floor":7.0},{"not_picked":["Prepared","Setup","Accuracy"],"picked":"SKIP","floor":10.0},{"not_picked":["Dagger Throw","Sucker Punch"],"picked":"PiercingWail","floor":11.0},{"not_picked":["All Out Attack","Acrobatics"],"picked":"Dodge and Roll","floor":12.0},{"not_picked":["Storm of Steel","Poisoned Stab"],"picked":"Calculated Gamble","floor":13.0},{"not_picked":["Die Die Die","Wraith Form v2"],"picked":"A Thousand Cuts","floor":16.0},{"not_picked":["Expertise","Prepared"],"picked":"PiercingWail","floor":18.0}],"player_experience":436861,"relics_obtained":[{"floor":7.0,"key":"Turnip"},{"floor":9.0,"key":"Bottled Tornado"},{"floor":10.0,"key":"Tingsha"},{"floor":26.0,"key":"Bottled Lightning"}],"event_choices":[{"damage_healed":0.0,"max_hp_gain":0.0,"max_hp_loss":0.0,"gold_gain":275.0,"event_name":"Golden Shrine","player_choice":"Desecrate","floor":4.0,"gold_loss":0.0,"damage_taken":0.0,"cards_obtained":["Regret"]},{"damage_healed":17.0,"max_hp_gain":0.0,"max_hp_loss":0.0,"gold_gain":0.0,"event_name":"The Cleric","player_choice":"Healed","floor":14.0,"gold_loss":35.0,"damage_taken":0.0},{"damage_healed":0.0,"max_hp_gain":0.0,"max_hp_loss":0.0,"gold_gain":0.0,"event_name":"The Mausoleum","player_choice":"Ignored","floor":20.0,"gold_loss":0.0,"damage_taken":0.0},{"damage_healed":0.0,"max_hp_gain":0.0,"max_hp_loss":0.0,"gold_gain":0.0,"cards_transformed":["Strike_G","Strike_G"],"event_name":"Drug Dealer","player_choice":"Became Test Subject","floor":21.0,"gold_loss":0.0,"damage_taken":0.0,"cards_obtained":["Die Die Die","Wraith Form v2"]},{"damage_healed":0.0,"max_hp_gain":0.0,"max_hp_loss":0.0,"gold_gain":99.0,"event_name":"Nest","player_choice":"Stole From Cult","floor":22.0,"gold_loss":0.0,"damage_taken":0.0},{"damage_healed":0.0,"max_hp_gain":0.0,"max_hp_loss":0.0,"gold_gain":0.0,"event_name":"Vampires","player_choice":"Ignored","floor":24.0,"gold_loss":0.0,"damage_taken":0.0}],"is_beta":false,"boss_relics":[{"not_picked":["Busted Crown","Pandora\u0027s Box"],"picked":"Black Star"}],"items_purged_floors":[5,19],"is_endless":false,"potions_floor_spawned":[10,11,18],"killed_by":"Slavers","ascension_level":12}