{"gold_per_floor":[114,129,148,113,113,138,138,38,62,62,89,103,120,132,132,227,227,246,246,259,274,291,291],"floor_reached":23,"playtime":1135,"items_purged":[],"score":287,"play_id":"4b56f298-8848-4b7b-8813-15ec6f1a2ef7","local_time":"20181130055332","is_ascension_mode":true,"campfire_choices":[{"data":"Double Tap","floor":7,"key":"SMITH"},{"data":"Pommel Strike","floor":10,"key":"SMITH"},{"floor":15,"key":"REST"}],"neow_cost":"NONE","seed_source_timestamp":36803394456746,"circlet_count":0,"master_deck":["Strike_R","Strike_R","Strike_R","Strike_R","Strike_R","Defend_R","Defend_R","Defend_R","Defend_R","Bash","Double Tap+1","Pommel Strike+1","Shrug It Off","Disarm","Anger","Twin Strike","True Grit","Spot Weakness+1","Cleave","Armaments+1","Armaments+1","Demon Form","Sword Boomerang","Clothesline+1","Clothesline+1"],"relics":["Burning Blood","Potion Belt","Strawberry","Toxic Egg 2","Fusion Hammer","Art of War"],"potions_floor_usage":[6,12,14,16,22],"damage_taken":[{"damage":15,"enemies":"Small Slimes","floor":1,"turns":4},{"damage":7,"enemies":"Jaw Worm","floor":2,"turns":3},{"damage":0,"enemies":"2 Louse","floor":3,"turns":3},{"damage":32,"enemies":"Lagavulin","floor":6,"turns":5},{"damage":34,"enemies":"Gremlin Nob","floor":11,"turns":4},{"damage":14,"enemies":"Lots of Slimes","floor":12,"turns":3},{"damage":9,"enemies":"Looter","floor":13,"turns":3},{"damage":14,"enemies":"Exordium Thugs","floor":14,"turns":3},{"damage":21,"enemies":"Slime Boss","floor":16,"turns":7},{"damage":15,"enemies":"Chosen","floor":18,"turns":6},{"damage":31,"enemies":"2 Thieves","floor":20,"turns":5},{"damage":29,"enemies":"Snecko","floor":21,"turns":6},{"damage":13,"enemies":"3 Cultists","floor":22,"turns":5},{"damage":13,"enemies":"Slavers","floor":23,"turns":1}],"seed_played":"-5608051685146275497","potions_obtained":[{"floor":3,"key":"SteroidPotion"},{"floor":6,"key":"SkillPotion"},{"floor":11,"key":"AttackPotion"},{"floor":12,"key":"Weak Potion"},{"floor":13,"key":"Weak Potion"},{"floor":18,"key":"EssenceOfSteel"},{"floor":20,"key":"Explosive Potion"}],"is_trial":false,"path_per_floor":["M","M","M","?","?","E","R","$","T","R","E","M","M","M","R","B",null,"M","?","M","M","M","E"],"character_chosen":"IRONCLAD","items_purchased":["Twin Strike","True Grit"],"campfire_rested":1,"item_purchase_floors":[8,8],"current_hp_per_floor":[63,62,68,80,80,54,54,54,61,61,33,25,22,14,40,25,72,63,63,38,15,8,0],"gold":291,"neow_bonus":"ONE_RANDOM_RARE_CARD","is_prod":false,"is_daily":false,"chose_seed":false,"campfire_upgraded":2,"win_rate":0,"timestamp":1543575212,"path_taken":["M","M","M","?","?","E","R","?","T","R","E","M","M","M","R","BOSS","M","?","M","M","?","E"],"build_version":"2018-11-15","purchased_purges":0,"victory":false,"max_hp_per_floor":[80,80,80,80,80,80,80,80,87,87,87,87,87,87,87,87,87,87,87,87,87,87,87],"card_choices":[{"not_picked":["Heavy Blade","Shrug It Off"],"picked":"Pommel Strike","floor":1},{"not_picked":["Intimidate","Warcry"],"picked":"Shrug It Off","floor":2},{"not_picked":["Havoc","Infernal Blade"],"picked":"Disarm","floor":3},{"not_picked":["Shrug It Off","Flex"],"picked":"Anger","floor":6},{"not_picked":["Juggernaut","Sword Boomerang"],"picked":"Spot Weakness","floor":11},{"not_picked":["Spot Weakness+1","Dual Wield+1"],"picked":"Cleave","floor":12},{"not_picked":["Clash","Flex+1"],"picked":"Armaments+1","floor":13},{"not_picked":["Metallicize","Sever Soul"],"picked":"Armaments+1","floor":14},{"not_picked":["Brutality","Limit Break+1"],"picked":"Demon Form","floor":16},{"not_picked":["Perfected Strike+1","Reckless Charge+1","Blood for Blood"],"picked":"SKIP","floor":18},{"not_picked":["Headbutt","Cleave"],"picked":"Sword Boomerang","floor":20},{"not_picked":["Iron Wave+1","Pommel Strike"],"picked":"Clothesline+1","floor":21},{"not_picked":["Searing Blow","Wild Strike"],"picked":"Clothesline+1","floor":22}],"player_experience":251427,"relics_obtained":[{"floor":6,"key":"Potion Belt"},{"floor":9,"key":"Strawberry"},{"floor":11,"key":"Toxic Egg 2"}],"event_choices":[{"damage_healed":20,"gold_gain":0,"player_choice":"Healed","damage_taken":0,"max_hp_gain":0,"max_hp_loss":0,"event_name":"The Cleric","floor":4,"gold_loss":35},{"damage_healed":0,"gold_gain":0,"player_choice":"Ignored","damage_taken":0,"max_hp_gain":0,"max_hp_loss":0,"event_name":"Golden Wing","floor":5,"gold_loss":0},{"damage_healed":0,"gold_gain":0,"player_choice":"Gave Potion","damage_taken":0,"relics_obtained":["Art of War"],"max_hp_gain":0,"max_hp_loss":0,"event_name":"WeMeetAgain","floor":19,"gold_loss":0}],"is_beta":false,"boss_relics":[{"not_picked":["Pandora\u0027s Box","Calling Bell"],"picked":"Fusion Hammer"}],"items_purged_floors":[],"is_endless":false,"potions_floor_spawned":[3,6,11,12,13,18,20],"killed_by":"Slavers","ascension_level":8}