{"gold_per_floor":[219,63,63,63,63,93,93,113,113,113,141,155,180,190,190,263,263,280,299,312,97,147,147,172,172,172,189,208,123,137,170,170,247,247,266,35,52,65,35,35,66,85,109,124,124,158,158,158,158,158,158,158,158,59,91,91],"floor_reached":57,"playtime":3423,"items_purged":["Strike_R","Strike_R"],"score":2940,"play_id":"78d9b43f-d62d-4640-8611-509eac83b833","local_time":"20190518124056","is_ascension_mode":true,"campfire_choices":[{"floor":7,"key":"REST"},{"data":"Anger","floor":10,"key":"SMITH"},{"data":"Inflame","floor":15,"key":"SMITH"},{"data":"Feel No Pain","floor":23,"key":"SMITH"},{"data":"Feel No Pain","floor":32,"key":"SMITH"},{"data":"Offering","floor":40,"key":"SMITH"},{"data":"Feel No Pain","floor":45,"key":"SMITH"},{"floor":49,"key":"RECALL"},{"data":"Body Slam","floor":53,"key":"SMITH"}],"neow_cost":"NONE","seed_source_timestamp":1196305377896,"circlet_count":0,"master_deck":["AscendersBane","Strike_R","Strike_R","Strike_R+1","Defend_R","Defend_R+1","Defend_R","Defend_R","Bash","Uppercut+1","Feel No Pain+1","Hemokinesis","Inflame+1","Offering+1","Disarm","Flame Barrier","Corruption","Shrug It Off","Feel No Pain+1","Feed","True Grit+1","Havoc+1","Fiend Fire","Offering+1","Spot Weakness+1","Armaments+1","Heavy Blade","Shrug It Off+1","Heavy Blade+1","Feel No Pain+1","Shrug It Off+1","Body Slam+1","Burning Pact+1","Exhume+1","Body Slam+1","Corruption","Havoc+1","Disarm+1"],"relics":["Burning Blood","Bird Faced Urn","Strawberry","Omamori","Pantograph","Meat on the Bone","Sozu","Regal Pillow","Toxic Egg 2","FossilizedHelix","Question Card","Runic Pyramid","Pen Nib","Bronze Scales","Juzu Bracelet","Anchor"],"potions_floor_usage":[11,24],"damage_taken":[{"damage":7,"enemies":"Cultist","floor":1,"turns":4},{"damage":30,"enemies":"Gremlin Nob","floor":6,"turns":4},{"damage":4,"enemies":"Jaw Worm","floor":8,"turns":3},{"damage":20,"enemies":"Lagavulin","floor":11,"turns":5},{"damage":5,"enemies":"Small Slimes","floor":12,"turns":4},{"damage":18,"enemies":"3 Sentries","floor":13,"turns":9},{"damage":6,"enemies":"3 Louse","floor":14,"turns":3},{"damage":61,"enemies":"Slime Boss","floor":16,"turns":10},{"damage":7,"enemies":"Chosen","floor":18,"turns":3},{"damage":23,"enemies":"Shell Parasite","floor":19,"turns":3},{"damage":19,"enemies":"Snecko","floor":20,"turns":5},{"damage":35,"enemies":"Gremlin Leader","floor":24,"turns":7},{"damage":18,"enemies":"Chosen and Byrds","floor":27,"turns":8},{"damage":12,"enemies":"Centurion and Healer","floor":28,"turns":6},{"damage":6,"enemies":"Sentry and Sphere","floor":30,"turns":5},{"damage":9,"enemies":"Book of Stabbing","floor":31,"turns":5},{"damage":73,"enemies":"Collector","floor":33,"turns":14},{"damage":68,"enemies":"3 Shapes","floor":35,"turns":4},{"damage":9,"enemies":"3 Darklings","floor":37,"turns":5},{"damage":6,"enemies":"Sphere and 2 Shapes","floor":38,"turns":6},{"damage":33,"enemies":"Reptomancer","floor":41,"turns":4},{"damage":12,"enemies":"Maw","floor":42,"turns":8},{"damage":8,"enemies":"Spire Growth","floor":44,"turns":5},{"damage":18,"enemies":"Giant Head","floor":46,"turns":4},{"damage":27,"enemies":"Donu and Deca","floor":50,"turns":6},{"damage":10,"enemies":"Time Eater","floor":51,"turns":6},{"damage":22,"enemies":"Shield and Spear","floor":55,"turns":6},{"damage":46,"enemies":"The Heart","floor":56,"turns":9}],"seed_played":"-4212902712820367295","potions_obtained":[{"floor":8,"key":"Poison Potion"},{"floor":13,"key":"Swift Potion"}],"is_trial":false,"path_per_floor":["M","$","?","?","T","E","R","M","T","R","E","M","E","M","R","B",null,"M","M","M","$","?","R","E","?","T","M","M","?","M","E","R","B",null,"M","$","M","M","$","R","E","M","T","M","R","E","T","?","R","B","B",null,"R","$","E","B",null],"character_chosen":"IRONCLAD","items_purchased":["Uppercut","Feel No Pain","Corruption","Shrug It Off","Armaments+1","Heavy Blade","Shrug It Off+1","Shrug It Off+1","Corruption","Havoc+1"],"campfire_rested":1,"item_purchase_floors":[2,2,21,21,36,36,36,39,54,54],"current_hp_per_floor":[67,67,67,44,44,27,51,53,53,53,43,48,40,52,52,38,71,72,59,50,50,50,50,39,39,39,48,53,53,64,69,69,38,78,37,37,57,68,68,68,59,67,67,78,78,79,79,79,79,97,114,114,114,114,107,83],"gold":91,"neow_bonus":"HUNDRED_GOLD","is_prod":false,"is_daily":false,"chose_seed":false,"campfire_upgraded":7,"win_rate":0,"timestamp":1558197656,"path_taken":["M","$","?","?","?","E","R","M","T","R","E","?","E","M","R","BOSS","M","?","M","$","?","R","E","?","T","M","M","?","?","E","R","BOSS","M","$","M","M","?","R","E","M","T","M","R","E","?","?","R","BOSS","BOSS","R","$","E","BOSS"],"build_version":"2019-01-23","purchased_purges":2,"victory":true,"max_hp_per_floor":[75,75,75,75,75,82,82,82,82,82,82,82,82,82,82,82,82,82,82,82,82,82,82,82,82,82,85,88,88,91,91,91,91,91,94,94,97,100,100,100,100,104,104,107,107,110,110,110,110,114,114,114,114,114,117,117],"card_choices":[{"not_picked":["Sword Boomerang","Headbutt"],"picked":"Anger","floor":1},{"not_picked":["True Grit","Flex"],"picked":"Hemokinesis","floor":6},{"not_picked":["Warcry","Armaments"],"picked":"Inflame","floor":8},{"not_picked":["Demon Form","Power Through","Sever Soul"],"picked":"SKIP","floor":11},{"not_picked":["Clash","Body Slam","Sword Boomerang"],"picked":"SKIP","floor":12},{"not_picked":["Clothesline","Armaments","Perfected Strike"],"picked":"SKIP","floor":13},{"not_picked":["Body Slam","Havoc","Seeing Red"],"picked":"SKIP","floor":14},{"not_picked":["Fiend Fire","Brutality"],"picked":"Offering","floor":16},{"not_picked":["Carnage+1","Pummel"],"picked":"Disarm","floor":18},{"not_picked":["Warcry","Shrug It Off"],"picked":"Flame Barrier","floor":19},{"not_picked":["Intimidate+1","Dropkick","Thunderclap"],"picked":"SKIP","floor":20},{"not_picked":["True Grit","Clash"],"picked":"Feel No Pain","floor":24},{"not_picked":["Twin Strike","Thunderclap"],"picked":"True Grit+1","floor":27},{"not_picked":["Ghostly Armor+1","Power Through+1"],"picked":"Havoc+1","floor":28},{"not_picked":["Blood for Blood","Iron Wave","Clash"],"picked":"SKIP","floor":30},{"not_picked":["Fire Breathing","Pommel Strike"],"picked":"Fiend Fire","floor":31},{"not_picked":["Dark Embrace","Berserk","Feed"],"picked":"Offering+1","floor":33},{"not_picked":["Seeing Red+1","Rampage","Anger"],"picked":"Spot Weakness+1","floor":35},{"not_picked":["Rage+1","Intimidate+1","Armaments+1"],"picked":"Heavy Blade+1","floor":37},{"not_picked":["Headbutt","Seeing Red+1","Searing Blow"],"picked":"Feel No Pain","floor":38},{"not_picked":["Sentinel+1","Flex+1","Battle Trance+1"],"picked":"Body Slam+1","floor":41},{"not_picked":["Cleave","Feel No Pain","Iron Wave"],"picked":"Burning Pact+1","floor":42},{"not_picked":["Perfected Strike","Rage+1","Combust"],"picked":"Exhume+1","floor":44},{"not_picked":["Blood for Blood","Twin Strike","Pommel Strike"],"picked":"Body Slam","floor":46},{"not_picked":["Reckless Charge","Havoc+1","Warcry+1"],"picked":"Disarm+1","floor":55}],"player_experience":633557,"relics_obtained":[{"floor":5,"key":"Bird Faced Urn"},{"floor":6,"key":"Strawberry"},{"floor":9,"key":"Omamori"},{"floor":11,"key":"Pantograph"},{"floor":13,"key":"Meat on the Bone"},{"floor":24,"key":"Regal Pillow"},{"floor":26,"key":"Toxic Egg 2"},{"floor":31,"key":"Question Card"},{"floor":41,"key":"Pen Nib"},{"floor":43,"key":"Bronze Scales"},{"floor":46,"key":"Juzu Bracelet"},{"floor":55,"key":"Anchor"}],"event_choices":[{"damage_healed":0,"gold_gain":0,"player_choice":"Grow","damage_taken":0,"max_hp_gain":0,"max_hp_loss":0,"event_name":"Living Wall","floor":3,"gold_loss":0,"cards_upgraded":["Uppercut"]},{"damage_healed":0,"gold_gain":0,"player_choice":"Entered Light","damage_taken":23,"max_hp_gain":0,"max_hp_loss":0,"event_name":"Shining Light","floor":4,"gold_loss":0,"cards_upgraded":["Defend_R","Strike_R"]},{"damage_healed":0,"gold_gain":50,"player_choice":"Stole From Cult","damage_taken":0,"max_hp_gain":0,"max_hp_loss":0,"event_name":"Nest","floor":22,"gold_loss":0},{"damage_healed":0,"gold_gain":0,"player_choice":"Read","damage_taken":0,"max_hp_gain":0,"max_hp_loss":0,"event_name":"The Library","floor":25,"gold_loss":0,"cards_obtained":["Feed"]},{"damage_healed":0,"gold_gain":0,"player_choice":"Obtained Relic","damage_taken":0,"relics_obtained":["FossilizedHelix"],"max_hp_gain":0,"max_hp_loss":0,"event_name":"Addict","floor":29,"gold_loss":85},{"cards_removed":["Anger"],"damage_healed":0,"gold_gain":0,"player_choice":"Removed Attack","damage_taken":0,"max_hp_gain":0,"max_hp_loss":0,"event_name":"Falling","floor":48,"gold_loss":0}],"is_beta":false,"boss_relics":[{"not_picked":["Mark of Pain","White Beast Statue"],"picked":"Sozu"},{"not_picked":["Cursed Key","Fusion Hammer"],"picked":"Runic Pyramid"}],"items_purged_floors":[21,36],"is_endless":false,"potions_floor_spawned":[8,13,19,24,27,31,35,37,44,46],"ascension_level":20}