{"gold_per_floor":[119,194,147,127,137,171,191,191,191,219,232,232],"floor_reached":12,"playtime":338,"items_purged":[],"score":170,"play_id":"e10d2f4f-0e88-4b9b-a7f0-cf413a0f30ff","local_time":"20190223162601","is_ascension_mode":true,"campfire_choices":[{"data":"Neutralize","floor":8,"key":"SMITH"}],"neow_cost":"NONE","seed_source_timestamp":525705505119992,"circlet_count":0,"master_deck":["AscendersBane","Defend_G","Defend_G","Defend_G","Defend_G","Defend_G","Strike_G","Strike_G","Strike_G","Strike_G","Strike_G","Survivor","Neutralize+1","Dagger Spray","Deadly Poison","Backflip","Riddle With Holes+1"],"relics":["Ring of the Snake","NeowsBlessing","Tingsha","Ornamental Fan","Molten Egg 2"],"potions_floor_usage":[10,12,12],"damage_taken":[{"damage":0,"enemies":"Cultist","floor":1,"turns":1},{"damage":0,"enemies":"Small Slimes","floor":5,"turns":1},{"damage":0,"enemies":"Lagavulin","floor":6,"turns":1},{"damage":1,"enemies":"2 Louse","floor":7,"turns":3},{"damage":30,"enemies":"Gremlin Nob","floor":10,"turns":5},{"damage":2,"enemies":"Exordium Thugs","floor":11,"turns":4},{"damage":45,"enemies":"Lagavulin","floor":12,"turns":6}],"seed_played":"-2708157699331592334","potions_obtained":[{"floor":4,"key":"Ancient Potion"},{"floor":5,"key":"Poison Potion"},{"floor":11,"key":"Regen Potion"}],"is_trial":false,"path_per_floor":["M","?","$","?","M","E","M","R","T","E","M","E"],"character_chosen":"THE_SILENT","items_purchased":["Dagger Spray"],"campfire_rested":0,"item_purchase_floors":[3],"current_hp_per_floor":[63,52,52,52,52,52,51,51,51,21,19,0],"gold":232,"neow_bonus":"THREE_ENEMY_KILL","is_prod":false,"is_daily":false,"chose_seed":false,"campfire_upgraded":1,"win_rate":0,"timestamp":1550957161,"path_taken":["M","?","$","?","M","E","?","R","T","E","M","E"],"build_version":"2019-01-23","purchased_purges":0,"victory":false,"max_hp_per_floor":[70,70,70,70,70,70,70,70,70,70,70,70],"card_choices":[{"not_picked":["Deflect","Blade Dance","All Out Attack"],"picked":"SKIP","floor":1},{"not_picked":["Concentrate","Blade Dance"],"picked":"Deadly Poison","floor":5},{"not_picked":["Slice","Choke"],"picked":"Backflip","floor":6},{"not_picked":["Blade Dance","Deadly Poison","Finisher"],"picked":"SKIP","floor":7},{"not_picked":["Dagger Spray","Bullet Time"],"picked":"Riddle With Holes","floor":10},{"not_picked":["Predator+1","Dodge and Roll","Finisher+1"],"picked":"SKIP","floor":11}],"player_experience":426086,"relics_obtained":[{"floor":6,"key":"Tingsha"},{"floor":9,"key":"Ornamental Fan"},{"floor":10,"key":"Molten Egg 2"}],"event_choices":[{"damage_healed":0,"gold_gain":75,"player_choice":"Gather Gold","damage_taken":11,"max_hp_gain":0,"max_hp_loss":0,"event_name":"World of Goop","floor":2,"gold_loss":0},{"damage_healed":0,"gold_gain":0,"player_choice":"Bought 1 Potion","damage_taken":0,"max_hp_gain":0,"max_hp_loss":0,"event_name":"The Woman in Blue","floor":4,"gold_loss":0}],"is_beta":false,"boss_relics":[],"items_purged_floors":[],"is_endless":false,"potions_floor_spawned":[5,11],"killed_by":"Lagavulin","ascension_level":10}