{"gold_per_floor":[110,110,120,295,306,306,320,320,368,368,386,399,418,368,368,464,464,478,490,76,76],"floor_reached":21,"playtime":610,"items_purged":["Strike_R"],"score":190,"play_id":"53f00e45-5f13-4967-899c-d9572ed82fcb","local_time":"20190421165037","is_ascension_mode":true,"campfire_choices":[{"data":"Body Slam","floor":6,"key":"SMITH"},{"data":"Bash","floor":8,"key":"SMITH"},{"data":"Defend_R","floor":15,"key":"SMITH"}],"neow_cost":"NONE","seed_source_timestamp":3946736218957,"circlet_count":0,"master_deck":["Defend_R+1","Defend_R+1","Defend_R+1","Defend_R","Bash+1","Body Slam+1","Clash","Flex","Iron Wave","Iron Wave","Sword Boomerang","Berserk","Twin Strike","Iron Wave","Battle Trance"],"relics":["Burning Blood","NeowsBlessing","War Paint","Empty Cage","Matryoshka"],"potions_floor_usage":[18],"damage_taken":[{"damage":0,"enemies":"Jaw Worm","floor":1,"turns":1},{"damage":0,"enemies":"Cultist","floor":3,"turns":1},{"damage":0,"enemies":"Small Slimes","floor":5,"turns":2},{"damage":2,"enemies":"Looter","floor":7,"turns":3},{"damage":11,"enemies":"Exordium Thugs","floor":11,"turns":4},{"damage":3,"enemies":"Blue Slaver","floor":12,"turns":3},{"damage":0,"enemies":"Exordium Wildlife","floor":13,"turns":3},{"damage":32,"enemies":"The Guardian","floor":16,"turns":12},{"damage":19,"enemies":"2 Thieves","floor":18,"turns":4},{"damage":20,"enemies":"3 Byrds","floor":19,"turns":6},{"damage":0,"enemies":"Shelled Parasite and Fungi","floor":21,"turns":1}],"seed_played":"-3503181243341085713","potions_obtained":[{"floor":1,"key":"GamblersBrew"},{"floor":3,"key":"Block Potion"},{"floor":12,"key":"EssenceOfSteel"},{"floor":19,"key":"Strength Potion"}],"is_trial":false,"path_per_floor":["M","?","M","?","M","R","M","R","T","?","M","M","M","?","R","B",null,"M","M","$","M"],"character_chosen":"IRONCLAD","items_purchased":["Matryoshka","Battle Trance"],"campfire_rested":0,"item_purchase_floors":[20,20],"current_hp_per_floor":[80,80,80,80,80,80,80,80,80,80,75,78,80,80,80,54,80,67,53,53,53],"gold":76,"neow_bonus":"THREE_ENEMY_KILL","is_prod":false,"is_daily":false,"chose_seed":false,"campfire_upgraded":3,"win_rate":0,"timestamp":1555833037,"path_taken":["M","?","?","?","M","R","M","R","T","?","M","M","?","?","R","BOSS","M","M","$","M"],"build_version":"2019-01-23","purchased_purges":1,"victory":false,"max_hp_per_floor":[80,80,80,80,80,80,80,80,80,80,80,80,80,80,80,80,80,80,80,80,80],"card_choices":[{"not_picked":["Searing Blow","Anger"],"picked":"Body Slam","floor":1},{"not_picked":["Rage","Hemokinesis"],"picked":"Clash","floor":3},{"not_picked":["Dropkick","Clothesline"],"picked":"Flex","floor":5},{"not_picked":["Hemokinesis","Warcry"],"picked":"Iron Wave","floor":7},{"not_picked":["Pommel Strike","Perfected Strike"],"picked":"Iron Wave","floor":11},{"not_picked":["Flex","Rage","Searing Blow"],"picked":"SKIP","floor":12},{"not_picked":["Cleave","Sever Soul"],"picked":"Sword Boomerang","floor":13},{"not_picked":["Immolate","Limit Break"],"picked":"Berserk","floor":16},{"not_picked":["Heavy Blade","Clothesline+1"],"picked":"Twin Strike","floor":18},{"not_picked":["Blood for Blood","Warcry"],"picked":"Iron Wave","floor":19}],"player_experience":329785,"relics_obtained":[{"floor":9,"key":"War Paint"}],"event_choices":[{"cards_removed":["Strike_R"],"damage_healed":0,"gold_gain":0,"player_choice":"Purged","damage_taken":0,"max_hp_gain":0,"max_hp_loss":0,"event_name":"Purifier","floor":2,"gold_loss":0},{"damage_healed":0,"gold_gain":175,"player_choice":"AGREE","damage_taken":0,"max_hp_gain":0,"max_hp_loss":0,"event_name":"Liars Game","floor":4,"gold_loss":0,"cards_obtained":["Doubt"]},{"cards_removed":["Doubt"],"damage_healed":0,"gold_gain":0,"player_choice":"Removed Curses","damage_taken":0,"max_hp_gain":0,"max_hp_loss":0,"event_name":"Fountain of Cleansing","floor":10,"gold_loss":0},{"cards_removed":["Strike_R"],"damage_healed":0,"gold_gain":0,"player_choice":"Card Removal","damage_taken":0,"max_hp_gain":0,"max_hp_loss":0,"event_name":"The Cleric","floor":14,"gold_loss":50}],"is_beta":false,"boss_relics":[{"not_picked":["Snecko Eye","Mark of Pain"],"picked":"Empty Cage"}],"items_purged_floors":[20],"is_endless":false,"potions_floor_spawned":[1,3,12,19],"killed_by":"Shelled Parasite and Fungi","ascension_level":2}