{"gold_per_floor":[114,130,57,74,24,24,38,38,116,142,155,155,172,190,190,285,285,304,304,404,404,8,8,35,35,60,60,76,96,21,40,40,40],"floor_reached":33,"playtime":2828,"items_purged":["Defend_R"],"score":334,"play_id":"f80b9b01-a058-484d-8f59-f911ae08f97e","local_time":"20190109101133","is_ascension_mode":true,"campfire_choices":[{"floor":6,"key":"RECALL"},{"data":"Pommel Strike","floor":8,"key":"SMITH"},{"data":"Rage","floor":12,"key":"SMITH"},{"data":"Clothesline","floor":15,"key":"SMITH"},{"floor":23,"key":"REST"},{"floor":25,"key":"REST"},{"floor":27,"key":"REST"},{"data":"Burning Pact","floor":32,"key":"PURGE"}],"neow_cost":"NONE","seed_source_timestamp":23795166716624,"circlet_count":0,"master_deck":["Strike_R","Strike_R","Strike_R","Strike_R","Defend_R","Defend_R","Defend_R","Bash","Immolate","Thunderclap","Cleave","Clothesline+1","Pommel Strike+1","Spot Weakness","Shockwave","Rage+1","Cleave","Headbutt","Immolate","Headbutt+1","Writhe","Cleave","Combust","Flex","Feel No Pain","Pommel Strike","Flame Barrier+1","Armaments+1"],"relics":["Burning Blood","Matryoshka","Potion Belt","Lizard Tail","Mummified Hand","Peace Pipe","Darkstone Periapt","Bird Faced Urn","Orichalcum","Question Card","Bronze Scales"],"potions_floor_usage":[16,20,20,24,29,29,29,31],"damage_taken":[{"damage":4,"enemies":"Jaw Worm","floor":1,"turns":4},{"damage":7,"enemies":"Small Slimes","floor":2,"turns":3},{"damage":0,"enemies":"Cultist","floor":4,"turns":3},{"damage":9,"enemies":"Looter","floor":7,"turns":4},{"damage":24,"enemies":"Gremlin Nob","floor":10,"turns":4},{"damage":0,"enemies":"Large Slime","floor":11,"turns":4},{"damage":0,"enemies":"2 Fungi Beasts","floor":13,"turns":2},{"damage":0,"enemies":"Exordium Wildlife","floor":14,"turns":2},{"damage":41,"enemies":"The Guardian","floor":16,"turns":8},{"damage":22,"enemies":"3 Byrds","floor":18,"turns":4},{"damage":0,"enemies":"Colosseum Slavers","floor":20,"turns":1},{"damage":49,"enemies":"Colosseum Nobs","floor":20,"turns":5},{"damage":46,"enemies":"Book of Stabbing","floor":24,"turns":5},{"damage":3,"enemies":"Chosen","floor":28,"turns":3},{"damage":15,"enemies":"Snake Plant","floor":29,"turns":3},{"damage":1,"enemies":"3 Cultists","floor":31,"turns":2},{"damage":130,"enemies":"Collector","floor":33,"turns":10}],"seed_played":"-2651974946491066851","potions_obtained":[{"floor":1,"key":"SmokeBomb"},{"floor":11,"key":"GamblersBrew"},{"floor":13,"key":"SpeedPotion"},{"floor":18,"key":"SteroidPotion"},{"floor":21,"key":"Fire Potion"},{"floor":21,"key":"BloodPotion"},{"floor":21,"key":"Explosive Potion"},{"floor":28,"key":"PowerPotion"}],"is_trial":false,"path_per_floor":["M","M","$","M","?","R","M","R","T","E","M","R","M","M","R","B",null,"M","?","?","?","$","R","E","R","T","R","M","M","$","M","R","B"],"character_chosen":"IRONCLAD","items_purchased":["Cleave","Clothesline","Combust","Bird Faced Urn","Flex"],"campfire_rested":3,"item_purchase_floors":[3,3,22,22,22],"current_hp_per_floor":[80,79,79,80,80,80,77,77,77,59,65,65,71,77,77,42,71,55,55,18,18,18,42,12,36,36,60,65,58,58,65,65,0],"gold":40,"neow_bonus":"ONE_RANDOM_RARE_CARD","is_prod":false,"is_daily":false,"chose_seed":false,"campfire_upgraded":3,"win_rate":0,"timestamp":1547021493,"path_taken":["M","M","$","M","?","R","M","R","T","E","M","R","M","M","R","BOSS","M","?","?","?","$","R","E","R","T","R","?","M","$","M","R","BOSS"],"build_version":"2019-01-03v4","purchased_purges":1,"victory":false,"max_hp_per_floor":[80,80,80,80,80,80,80,80,80,80,80,80,80,80,80,80,80,80,80,80,80,80,80,80,80,80,80,80,80,80,80,80,80],"card_choices":[{"not_picked":["Second Wind","Clash"],"picked":"Thunderclap","floor":1},{"not_picked":["Havoc","Armaments"],"picked":"Burning Pact","floor":2},{"not_picked":["Heavy Blade","Iron Wave"],"picked":"Pommel Strike","floor":4},{"not_picked":["Twin Strike","Warcry"],"picked":"Spot Weakness","floor":7},{"not_picked":["Barricade","Battle Trance"],"picked":"Shockwave","floor":10},{"not_picked":["Sword Boomerang","Heavy Blade"],"picked":"Rage","floor":11},{"not_picked":["True Grit","Dual Wield"],"picked":"Cleave","floor":13},{"not_picked":["Metallicize","Heavy Blade"],"picked":"Headbutt","floor":14},{"not_picked":["Bludgeon","Brutality"],"picked":"Immolate","floor":16},{"not_picked":["Armaments","Iron Wave"],"picked":"Headbutt+1","floor":18},{"not_picked":["Thunderclap","Body Slam"],"picked":"Cleave","floor":20},{"not_picked":["Havoc","Sword Boomerang"],"picked":"Feel No Pain","floor":24},{"not_picked":["Anger","Thunderclap","Headbutt"],"picked":"Pommel Strike","floor":28},{"not_picked":["Perfected Strike","Dual Wield","Dark Embrace"],"picked":"Flame Barrier+1","floor":29},{"not_picked":["Iron Wave","Pommel Strike","Carnage+1"],"picked":"Armaments+1","floor":31}],"player_experience":154675,"relics_obtained":[{"floor":9,"key":"Matryoshka"},{"floor":10,"key":"Potion Belt"},{"floor":20,"key":"Peace Pipe"},{"floor":20,"key":"Darkstone Periapt"},{"floor":24,"key":"Orichalcum"},{"floor":26,"key":"Question Card"},{"floor":26,"key":"Bronze Scales"}],"event_choices":[{"cards_removed":["Strike_R"],"damage_healed":0,"gold_gain":0,"player_choice":"Card Removal","damage_taken":0,"max_hp_gain":0,"max_hp_loss":0,"event_name":"The Cleric","floor":5,"gold_loss":50},{"damage_healed":0,"gold_gain":0,"player_choice":"Opened","damage_taken":0,"relics_obtained":["Mummified Hand"],"max_hp_gain":0,"max_hp_loss":0,"event_name":"The Mausoleum","floor":19,"gold_loss":0,"cards_obtained":["Writhe"]},{"damage_healed":0,"gold_gain":0,"player_choice":"Fight","damage_taken":0,"max_hp_gain":0,"max_hp_loss":0,"event_name":"Colosseum","floor":20,"gold_loss":0},{"damage_healed":0,"gold_gain":0,"player_choice":"Fought Nobs","damage_taken":0,"max_hp_gain":0,"max_hp_loss":0,"event_name":"Colosseum","floor":20,"gold_loss":0},{"damage_healed":0,"gold_gain":0,"player_choice":"Got Potions","damage_taken":0,"max_hp_gain":0,"max_hp_loss":0,"event_name":"Lab","floor":21,"gold_loss":0}],"is_beta":false,"boss_relics":[{"not_picked":["Empty Cage","Orrery"],"picked":"Lizard Tail"}],"items_purged_floors":[30],"is_endless":false,"potions_floor_spawned":[1,11,13,18,28],"killed_by":"Collector","ascension_level":5}