{"gold_per_floor":[112,122,142,154,168,193,193,220,258,270,293,305,337,84,84,187,187,204,204,222,222,232,232,264,264,264,20,20],"floor_reached":28,"playtime":2031,"items_purged":["Strike_B","Defend_B"],"score":250,"play_id":"bd6a3909-ec5e-4a1c-8c55-195d3ed43976","local_time":"20190519123649","is_ascension_mode":false,"campfire_choices":[{"floor":10,"key":"REST"},{"floor":12,"key":"REST"},{"data":"Creative AI","floor":15,"key":"SMITH"},{"floor":23,"key":"REST"}],"neow_cost":"TEN_PERCENT_HP_LOSS","seed_source_timestamp":0,"circlet_count":0,"master_deck":["Strike_B","Strike_B","Strike_B","Defend_B","Defend_B","Defend_B","Zap","Dualcast","Creative AI+1","Auto Shields","BootSequence","Darkness","Hologram","BootSequence","Cold Snap","Glacier","Hologram","Rainbow","Chaos","Creative AI","Cold Snap+1","Ball Lightning","Storm","Coolheaded+1","Hologram","Capacitor","Chill"],"special_seed":0,"relics":["Cracked Core","Bottled Flame","MawBank","Bag of Marbles","Bronze Scales","Lizard Tail","Strawberry","Omamori","Pear"],"potions_floor_usage":[4,6,8,18,22,28],"damage_taken":[{"damage":6,"enemies":"Cultist","floor":1,"turns":5},{"damage":2,"enemies":"2 Louse","floor":2,"turns":2},{"damage":1,"enemies":"Jaw Worm","floor":3,"turns":7},{"damage":1,"enemies":"Red Slaver","floor":4,"turns":4},{"damage":13,"enemies":"Exordium Wildlife","floor":5,"turns":5},{"damage":22,"enemies":"Lagavulin","floor":6,"turns":7},{"damage":7,"enemies":"Gremlin Nob","floor":8,"turns":4},{"damage":0,"enemies":"2 Fungi Beasts","floor":11,"turns":4},{"damage":0,"enemies":"Red Slaver","floor":13,"turns":4},{"damage":29,"enemies":"The Guardian","floor":16,"turns":13},{"damage":34,"enemies":"Chosen","floor":18,"turns":6},{"damage":6,"enemies":"3 Byrds","floor":20,"turns":4},{"damage":20,"enemies":"Centurion and Healer","floor":22,"turns":9},{"damage":63,"enemies":"Slavers","floor":24,"turns":8},{"damage":47,"enemies":"Gremlin Leader","floor":28,"turns":5}],"seed_played":"4338493739865697441","potions_obtained":[{"floor":2,"key":"FearPotion"},{"floor":3,"key":"SkillPotion"},{"floor":5,"key":"Strength Potion"},{"floor":7,"key":"SpeedPotion"},{"floor":7,"key":"Block Potion"},{"floor":13,"key":"SteroidPotion"},{"floor":16,"key":"PowerPotion"},{"floor":20,"key":"Strength Potion"},{"floor":24,"key":"Explosive Potion"}],"is_trial":false,"path_per_floor":["M","M","M","M","M","E","?","E","T","R","M","R","M","$","R","B",null,"M","?","M","?","M","R","E","?","T","$","E"],"character_chosen":"DEFECT","items_purchased":["Bronze Scales","Chaos","Capacitor","Chill"],"campfire_rested":3,"item_purchase_floors":[14,14,27,27],"current_hp_per_floor":[62,60,59,58,45,23,23,16,16,36,36,56,56,56,56,27,68,34,34,28,50,30,50,35,35,45,45,0],"gold":20,"neow_bonus":"THREE_RARE_CARDS","is_prod":false,"is_daily":false,"chose_seed":false,"campfire_upgraded":1,"win_rate":0.0,"timestamp":1558283809,"path_taken":["M","M","?","M","M","E","?","E","T","R","?","R","M","?","R","BOSS","M","?","?","?","M","R","E","?","T","$","E"],"build_version":"2019-01-23","purchased_purges":2,"victory":false,"max_hp_per_floor":[68,68,68,68,68,68,68,68,68,68,68,68,68,68,68,68,68,68,68,68,68,68,68,75,75,85,85,85],"card_choices":[{"not_picked":["Reboot","Multi-Cast"],"picked":"Creative AI","floor":0},{"not_picked":["Cold Snap","Streamline"],"picked":"Auto Shields","floor":1},{"not_picked":["Streamline","Sunder"],"picked":"BootSequence","floor":2},{"not_picked":["Stack","Ball Lightning"],"picked":"Darkness","floor":3},{"not_picked":["Static Discharge","Streamline"],"picked":"Hologram","floor":4},{"not_picked":["Hello World","Redo"],"picked":"BootSequence","floor":5},{"not_picked":["Hologram","Leap"],"picked":"Cold Snap","floor":6},{"not_picked":["Self Repair","Conserve Battery"],"picked":"Glacier","floor":8},{"not_picked":["Compile Driver","Skim"],"picked":"Hologram","floor":11},{"not_picked":["Barrage","Redo"],"picked":"Rainbow","floor":13},{"not_picked":["Machine Learning","Echo Form"],"picked":"Creative AI","floor":16},{"not_picked":["Stack","Beam Cell"],"picked":"Cold Snap+1","floor":18},{"not_picked":["Beam Cell","Hologram"],"picked":"Storm","floor":20},{"not_picked":["Tempest","Steam"],"picked":"Coolheaded+1","floor":22},{"not_picked":["Beam Cell+1","Sweeping Beam"],"picked":"Hologram","floor":24}],"player_experience":261364,"relics_obtained":[{"floor":6,"key":"Bottled Flame"},{"floor":8,"key":"MawBank"},{"floor":9,"key":"Bag of Marbles"},{"floor":24,"key":"Strawberry"},{"floor":26,"key":"Pear"}],"event_choices":[{"damage_healed":0,"gold_gain":0,"player_choice":"Got Potions","damage_taken":0,"max_hp_gain":0,"max_hp_loss":0,"event_name":"Lab","floor":7,"gold_loss":0},{"damage_healed":0,"gold_gain":0,"player_choice":"1 cards matched","damage_taken":0,"max_hp_gain":0,"max_hp_loss":0,"event_name":"Match and Keep!","floor":19,"gold_loss":0,"cards_obtained":["Ball Lightning"]},{"damage_healed":22,"gold_gain":0,"player_choice":"Heal","damage_taken":0,"max_hp_gain":0,"max_hp_loss":0,"event_name":"The Library","floor":21,"gold_loss":0},{"damage_healed":0,"gold_gain":0,"player_choice":"Gave Potion","damage_taken":0,"relics_obtained":["Omamori"],"max_hp_gain":0,"max_hp_loss":0,"event_name":"WeMeetAgain","floor":25,"gold_loss":0}],"is_beta":false,"boss_relics":[{"not_picked":["Coffee Dripper","Philosopher\u0027s Stone"],"picked":"Lizard Tail"}],"items_purged_floors":[14,27],"is_endless":false,"potions_floor_spawned":[2,3,5,13,16,20,24],"killed_by":"Gremlin Leader","ascension_level":0}