{"gold_per_floor":[111,111,126,196,296,322,322,372,372,384,434,25,35,13,13,116,116,130,149,166,216],"floor_reached":21,"playtime":1834,"items_purged":["Defend_B"],"score":181,"play_id":"21eb8cae-7414-467b-bd14-a5342e9e6f3f","local_time":"20190516194137","is_ascension_mode":false,"campfire_choices":[{"floor":7.0,"key":"REST"},{"floor":15.0,"key":"REST"}],"neow_cost":"CURSE","seed_source_timestamp":0,"circlet_count":0,"master_deck":["Strike_B","Strike_B","Strike_B","Strike_B","Defend_B","Defend_B","Defend_B","Zap","Dualcast","Regret","Creative AI","Double Energy","Conserve Battery","Double Energy","Conserve Battery","Glacier","Defragment","Cold Snap","Hello World","Loop","Amplify","Capacitor","Self Repair"],"special_seed":0,"relics":["Cracked Core","SsserpentHead","Bag of Preparation","Lantern","Darkstone Periapt","Pen Nib","Toy Ornithopter","Lizard Tail"],"potions_floor_usage":[],"damage_taken":[{"damage":23.0,"enemies":"Small Slimes","floor":1.0,"turns":5.0},{"damage":10.0,"enemies":"Cultist","floor":3.0,"turns":5.0},{"damage":4.0,"enemies":"2 Louse","floor":4.0,"turns":2.0},{"damage":14.0,"enemies":"Lagavulin","floor":6.0,"turns":7.0},{"damage":4.0,"enemies":"Looter","floor":10.0,"turns":3.0},{"damage":3.0,"enemies":"3 Louse","floor":13.0,"turns":4.0},{"damage":28.0,"enemies":"The Guardian","floor":16.0,"turns":9.0},{"damage":15.0,"enemies":"Spheric Guardian","floor":18.0,"turns":8.0},{"damage":16,"enemies":"Chosen","floor":19,"turns":4},{"damage":20,"enemies":"Snake Plant","floor":20,"turns":6},{"damage":78,"enemies":"Masked Bandits","floor":21,"turns":5}],"seed_played":"8959849968829679839","potions_obtained":[{"floor":1.0,"key":"Energy Potion"},{"floor":3.0,"key":"SteroidPotion"},{"floor":10.0,"key":"Poison Potion"},{"floor":18,"key":"GamblersBrew"},{"floor":19,"key":"GamblersBrew"}],"is_trial":false,"path_per_floor":["M","?","M","M","T","E","R","?","T","M","?","$","M","$","R","B",null,"M","M","M","?"],"character_chosen":"DEFECT","items_purchased":["Toy Ornithopter","Energy Potion","Defragment","Cold Snap","Loop"],"campfire_rested":2,"item_purchase_floors":[12,12,12,12,14],"current_hp_per_floor":[52,52,42,38,38,24,46,46,46,42,17,17,19,19,41,23,75,60,44,31,0],"gold":216,"neow_bonus":"THREE_RARE_CARDS","is_prod":false,"is_daily":false,"chose_seed":false,"campfire_upgraded":0,"win_rate":0.0,"timestamp":1558050097,"path_taken":["M","?","M","?","?","E","R","?","T","M","?","$","M","?","R","BOSS","M","M","M","?"],"build_version":"2019-01-23","purchased_purges":1,"victory":false,"max_hp_per_floor":[75,75,75,75,75,75,75,75,75,75,75,75,75,75,75,75,75,75,75,75,75],"card_choices":[{"not_picked":["Seek","Meteor Strike"],"picked":"Creative AI","floor":0.0},{"not_picked":["Compile Driver","Redo"],"picked":"Double Energy","floor":1.0},{"not_picked":["Tempest","Sweeping Beam"],"picked":"Conserve Battery","floor":3.0},{"not_picked":["Turbo","Undo"],"picked":"Double Energy","floor":4.0},{"not_picked":["Redo","Sunder"],"picked":"Conserve Battery","floor":6.0},{"not_picked":["Fission","Beam Cell"],"picked":"Glacier","floor":10.0},{"not_picked":["Barrage","Compile Driver"],"picked":"Hello World","floor":13.0},{"not_picked":["Fission","All For One"],"picked":"Amplify","floor":16.0},{"not_picked":["Chaos+1","Streamline"],"picked":"Capacitor","floor":18},{"not_picked":["Ball Lightning","Lockon"],"picked":"Self Repair","floor":19},{"not_picked":["Steam+1","Streamline","Recycle"],"picked":"SKIP","floor":20}],"player_experience":220170,"relics_obtained":[{"floor":5.0,"key":"Bag of Preparation"},{"floor":6.0,"key":"Lantern"},{"floor":9.0,"key":"Darkstone Periapt"}],"event_choices":[{"damage_healed":0.0,"max_hp_gain":0.0,"max_hp_loss":0.0,"gold_gain":0.0,"event_name":"FaceTrader","player_choice":"Trade","floor":2.0,"gold_loss":0.0,"damage_taken":0.0,"relics_obtained":["SsserpentHead"]},{"damage_healed":0.0,"max_hp_gain":0.0,"max_hp_loss":0.0,"gold_gain":0.0,"event_name":"Golden Idol","player_choice":"Ignored","floor":8.0,"gold_loss":0.0,"damage_taken":0.0},{"damage_healed":0.0,"max_hp_gain":0.0,"max_hp_loss":0.0,"gold_gain":0.0,"event_name":"Scrap Ooze","player_choice":"Success","floor":11.0,"gold_loss":0.0,"damage_taken":25.0,"relics_obtained":["Pen Nib"]},{"damage_healed":0,"gold_gain":0,"player_choice":"Fought Bandits","damage_taken":0,"max_hp_gain":0,"max_hp_loss":0,"event_name":"Masked Bandits","floor":21,"gold_loss":0}],"is_beta":false,"boss_relics":[{"not_picked":["Busted Crown","Eternal Feather"],"picked":"Lizard Tail"}],"items_purged_floors":[12],"is_endless":false,"potions_floor_spawned":[1,3,10,18,19],"killed_by":"Masked Bandits","ascension_level":0}