{"gold_per_floor":[115,134,134,60,60,60,104,34,34,54,54],"floor_reached":11,"playtime":477,"items_purged":[],"score":71,"play_id":"aa59e2c7-4ee5-4854-a158-e04595a33064","local_time":"20190516183840","is_ascension_mode":false,"campfire_choices":[{"data":"Magnetism","floor":6,"key":"SMITH"}],"neow_cost":"TEN_PERCENT_HP_LOSS","seed_source_timestamp":95591545059,"circlet_count":0,"master_deck":["Strike_B","Strike_B","Strike_B","Strike_B","Defend_B","Defend_B","Defend_B","Zap","Dualcast","Panacea","Magnetism+1","Loop","FTL","Heatsinks","Sweeping Beam","Chaos","Capacitor","White Noise"],"relics":["Cracked Core","Golden Idol","Potion Belt","Question Card"],"potions_floor_usage":[11],"damage_taken":[{"damage":3,"enemies":"Jaw Worm","floor":1,"turns":4},{"damage":8,"enemies":"2 Louse","floor":2,"turns":2},{"damage":44,"enemies":"3 Sentries","floor":7,"turns":6},{"damage":0,"enemies":"Cultist","floor":10,"turns":4},{"damage":15,"enemies":"Blue Slaver","floor":11,"turns":3}],"seed_played":"7821807294711242957","potions_obtained":[{"floor":7,"key":"PowerPotion"}],"is_trial":false,"path_per_floor":["M","M","?","$","?","R","E","$","T","M","M"],"character_chosen":"DEFECT","items_purchased":["Heatsinks","Capacitor"],"campfire_rested":0,"item_purchase_floors":[4,8],"current_hp_per_floor":[65,57,57,57,57,57,13,13,13,13,0],"gold":54,"neow_bonus":"RANDOM_COLORLESS_2","is_prod":false,"is_daily":false,"chose_seed":false,"campfire_upgraded":1,"win_rate":0.0,"timestamp":1558046320,"path_taken":["M","M","?","$","?","R","E","$","T","M","?"],"build_version":"2019-01-23","purchased_purges":0,"victory":false,"max_hp_per_floor":[68,68,63,63,63,63,63,63,63,63,63],"card_choices":[{"not_picked":["Barrage","Blizzard"],"picked":"Loop","floor":1},{"not_picked":["Rip and Tear","Sweeping Beam"],"picked":"FTL","floor":2},{"not_picked":["Go for the Eyes","Reinforced Body"],"picked":"Chaos","floor":7},{"not_picked":["Barrage","Fusion","Leap"],"picked":"White Noise","floor":10}],"player_experience":218606,"relics_obtained":[{"floor":7,"key":"Potion Belt"},{"floor":9,"key":"Question Card"}],"event_choices":[{"damage_healed":0,"gold_gain":0,"player_choice":"Lose Max HP","damage_taken":0,"relics_obtained":["Golden Idol"],"max_hp_gain":0,"max_hp_loss":5,"event_name":"Golden Idol","floor":3,"gold_loss":0},{"damage_healed":0,"gold_gain":0,"cards_transformed":["Defend_B"],"player_choice":"Transformed","damage_taken":0,"max_hp_gain":0,"max_hp_loss":0,"event_name":"Transmorgrifier","floor":5,"gold_loss":0,"cards_obtained":["Sweeping Beam"]}],"is_beta":false,"boss_relics":[],"items_purged_floors":[],"is_endless":false,"potions_floor_spawned":[7],"killed_by":"Blue Slaver","ascension_level":0}