{"gold_per_floor":[110,110,110,127,13,41,53,53,80,80,91,91,111,128,128,233,233,246,246,263,31,41,41,72,72,72,72,46,56,6,22,22,120,120,133,133,148,29,46,46,59,59,84,5,22,22,22,37,37,37,37,37,1,32,32],"floor_reached":55,"playtime":6332,"items_purged":["Strike_B","Strike_B","Auto Shields"],"score":747,"play_id":"ae40305f-d236-4d62-807f-7915ea815d41","local_time":"20190114001836","is_ascension_mode":true,"campfire_choices":[{"floor":8.0,"key":"REST"},{"floor":12.0,"key":"REST"},{"floor":15.0,"key":"RECALL"},{"floor":23.0,"key":"REST"},{"floor":25.0,"key":"REST"},{"floor":32.0,"key":"REST"},{"floor":40,"key":"REST"},{"floor":46,"key":"REST"},{"floor":49,"key":"REST"},{"floor":52,"key":"REST"}],"neow_cost":"NONE","seed_source_timestamp":0,"circlet_count":0,"master_deck":["Zap","Dualcast","Chaos+1","Defragment","Doom and Gloom","Coolheaded","Cold Snap","Consume","Loop","Biased Cognition","Chaos","Chill","Conserve Battery","Reinforced Body","Genetic Algorithm","Lockon+1","Echo Form","Creative AI","Undo","Heatsinks","Leap+1","Redo","Storm","Aggregate","Electrodynamics","Coolheaded","Storm","Coolheaded","Lockon","Leap+1","Ball Lightning","Defragment","Compile Driver+1","Skim+1","Loop","Stack+1","Compile Driver+1","Aggregate","Buffer"],"special_seed":0,"relics":["Fusion Hammer","Smiling Mask","Orrery","Runic Capacitor","Blood Vial","Pear","Pandora\u0027s Box","Mummified Hand","SsserpentHead","Bag of Marbles","Orichalcum"],"potions_floor_usage":[35,39,50],"damage_taken":[{"damage":0.0,"enemies":"2 Louse","floor":1.0,"turns":3.0},{"damage":5.0,"enemies":"Jaw Worm","floor":4.0,"turns":4.0},{"damage":21.0,"enemies":"Lagavulin","floor":6.0,"turns":5.0},{"damage":10.0,"enemies":"Small Slimes","floor":7.0,"turns":3.0},{"damage":8.0,"enemies":"Red Slaver","floor":11.0,"turns":3.0},{"damage":2.0,"enemies":"Exordium Wildlife","floor":13.0,"turns":2.0},{"damage":1.0,"enemies":"3 Louse","floor":14.0,"turns":4.0},{"damage":7.0,"enemies":"Slime Boss","floor":16.0,"turns":9.0},{"damage":9.0,"enemies":"Spheric Guardian","floor":18.0,"turns":5.0},{"damage":13.0,"enemies":"2 Thieves","floor":20.0,"turns":5.0},{"damage":2.0,"enemies":"Shelled Parasite and Fungi","floor":22.0,"turns":8.0},{"damage":20.0,"enemies":"Gremlin Leader","floor":24.0,"turns":8.0},{"damage":0.0,"enemies":"Snecko","floor":29.0,"turns":7.0},{"damage":0.0,"enemies":"Snake Plant","floor":31.0,"turns":5.0},{"damage":22.0,"enemies":"Champ","floor":33.0,"turns":8.0},{"damage":18,"enemies":"Orb Walker","floor":35,"turns":4},{"damage":0,"enemies":"3 Shapes","floor":37,"turns":6},{"damage":0,"enemies":"Jaw Worm Horde","floor":39,"turns":2},{"damage":9,"enemies":"Sphere and 2 Shapes","floor":41,"turns":3},{"damage":6,"enemies":"4 Shapes","floor":45,"turns":3},{"damage":18,"enemies":"3 Darklings","floor":48,"turns":3},{"damage":35,"enemies":"Time Eater","floor":50,"turns":7},{"damage":43,"enemies":"Shield and Spear","floor":54,"turns":6},{"damage":55,"enemies":"The Heart","floor":55,"turns":2}],"seed_played":"2280674546224108933","potions_obtained":[{"floor":13.0,"key":"Ancient Potion"},{"floor":14.0,"key":"EssenceOfSteel"},{"floor":16.0,"key":"Poison Potion"},{"floor":20.0,"key":"Weak Potion"},{"floor":29.0,"key":"AttackPotion"},{"floor":33.0,"key":"Fire Potion"},{"floor":41,"key":"GamblersBrew"},{"floor":48,"key":"Weak Potion"}],"is_trial":false,"path_per_floor":["M","?","?","M","$","E","M","R","T","?","M","R","M","M","R","B",null,"M","?","M","$","M","R","E","R","T","?","$","M","$","M","R","B",null,"M","?","M","$","M","R","M","?","T","$","M","R","$","M","R","B",null,"R","$","E","B"],"character_chosen":"DEFECT","items_purchased":["Doom and Gloom","Runic Capacitor","Heatsinks","Redo","Defragment","Loop","Aggregate"],"campfire_rested":9,"item_purchase_floors":[5,21,21,28,38,44,53],"current_hp_per_floor":[75,75,75,70,70,49,39,61,61,61,53,75,73,72,72,65,75,66,66,53,53,51,73,53,75,85,69,69,71,71,73,90,68,90,72,72,74,74,76,90,81,81,81,81,77,90,90,72,90,55,90,90,90,47,0],"gold":32,"neow_bonus":"BOSS_RELIC","is_prod":false,"is_daily":false,"chose_seed":false,"campfire_upgraded":0,"win_rate":0,"timestamp":1547417916,"path_taken":["M","?","?","M","$","E","M","R","T","?","M","R","M","M","R","BOSS","M","?","M","$","M","R","E","R","T","?","$","M","?","M","R","BOSS","M","?","?","$","M","R","M","?","T","$","M","R","$","M","R","BOSS","R","$","E","BOSS"],"build_version":"2019-01-10","purchased_purges":3,"victory":false,"max_hp_per_floor":[75,75,75,75,75,75,75,75,75,75,75,75,75,75,75,75,75,75,75,75,75,75,75,75,75,85,90,90,90,90,90,90,90,90,90,90,90,90,90,90,90,90,90,90,90,90,90,90,90,90,90,90,90,90,90],"card_choices":[{"not_picked":["Go for the Eyes","Compile Driver"],"picked":"Chaos","floor":1.0},{"not_picked":["Stack","Sweeping Beam"],"picked":"Defragment","floor":4.0},{"not_picked":["Lockon","Gash"],"picked":"Coolheaded","floor":6.0},{"not_picked":["Gash","Turbo"],"picked":"Cold Snap","floor":7.0},{"not_picked":["Recycle","Compile Driver"],"picked":"Auto Shields","floor":11.0},{"not_picked":["Streamline","Rainbow"],"picked":"Consume","floor":13.0},{"not_picked":["Rip and Tear","Coolheaded"],"picked":"Loop","floor":14.0},{"not_picked":["Meteor Strike","Amplify"],"picked":"Biased Cognition","floor":16.0},{"not_picked":["Beam Cell","Steam"],"picked":"Chaos","floor":17.0},{"not_picked":["Rip and Tear","Hello World"],"picked":"Chill","floor":17.0},{"not_picked":["Ball Lightning","Hologram"],"picked":"Conserve Battery","floor":17.0},{"not_picked":["Compile Driver","Leap"],"picked":"Reinforced Body","floor":17.0},{"not_picked":["Conserve Battery","Steam Power"],"picked":"Genetic Algorithm","floor":17.0},{"not_picked":["Barrage","Fusion"],"picked":"Lockon+1","floor":18.0},{"not_picked":["Hello World","Seek"],"picked":"Undo","floor":20.0},{"not_picked":["Coolheaded","Gash","Beam Cell"],"picked":"SKIP","floor":22.0},{"not_picked":["BootSequence","Go for the Eyes+1"],"picked":"Leap+1","floor":24.0},{"not_picked":["Rebound","Thunder Strike"],"picked":"Storm","floor":29.0},{"not_picked":["Rebound","Sweeping Beam+1"],"picked":"Aggregate","floor":31.0},{"not_picked":["Fission","Reboot"],"picked":"Electrodynamics","floor":33.0},{"not_picked":["Scrape+1","Reprogram"],"picked":"Leap+1","floor":35},{"not_picked":["Beam Cell+1","Hologram"],"picked":"Ball Lightning","floor":37},{"not_picked":["Chill","Sweeping Beam+1"],"picked":"Compile Driver+1","floor":39},{"not_picked":["Cold Snap","Redo"],"picked":"Skim+1","floor":41},{"not_picked":["Ball Lightning+1","Compile Driver"],"picked":"Stack+1","floor":45},{"not_picked":["Hyperbeam","Sweeping Beam+1"],"picked":"Compile Driver+1","floor":48},{"not_picked":["Rebound+1","Chill+1"],"picked":"Buffer","floor":54}],"player_experience":220866,"relics_obtained":[{"floor":6.0,"key":"Smiling Mask"},{"floor":24.0,"key":"Blood Vial"},{"floor":26.0,"key":"Pear"},{"floor":43,"key":"Bag of Marbles"},{"floor":54,"key":"Orichalcum"}],"event_choices":[{"damage_healed":0.0,"max_hp_gain":0.0,"max_hp_loss":0.0,"gold_gain":0.0,"event_name":"Scrap Ooze","player_choice":"Fled","floor":2.0,"gold_loss":0.0,"damage_taken":0.0},{"damage_healed":0.0,"max_hp_gain":0.0,"max_hp_loss":0.0,"gold_gain":0.0,"event_name":"Living Wall","player_choice":"Grow","floor":3.0,"gold_loss":0.0,"damage_taken":0.0,"cards_upgraded":["Chaos"]},{"damage_healed":0.0,"max_hp_gain":0.0,"max_hp_loss":0.0,"gold_gain":0.0,"event_name":"Liars Game","player_choice":"Ignored","floor":10.0,"gold_loss":0.0,"damage_taken":0.0},{"damage_healed":0.0,"max_hp_gain":0.0,"max_hp_loss":0.0,"gold_gain":0.0,"cards_transformed":["Strike_B","Strike_B"],"event_name":"Drug Dealer","player_choice":"Became Test Subject","floor":19.0,"gold_loss":0.0,"damage_taken":0.0,"cards_obtained":["Echo Form","Creative AI"]},{"damage_healed":0.0,"max_hp_gain":5.0,"max_hp_loss":0.0,"gold_gain":0.0,"event_name":"Forgotten Altar","player_choice":"Shed Blood","floor":27.0,"gold_loss":0.0,"damage_taken":21.0},{"damage_healed":0,"gold_gain":0,"player_choice":"Gave Potion","damage_taken":0,"relics_obtained":["Mummified Hand"],"max_hp_gain":0,"max_hp_loss":0,"event_name":"WeMeetAgain","floor":36,"gold_loss":0},{"damage_healed":0,"gold_gain":0,"player_choice":"Trade","damage_taken":0,"relics_obtained":["SsserpentHead"],"max_hp_gain":0,"max_hp_loss":0,"event_name":"FaceTrader","floor":42,"gold_loss":0}],"is_beta":false,"boss_relics":[{"not_picked":["Snecko Eye","Black Star"],"picked":"Orrery"},{"not_picked":["Velvet Choker","Lizard Tail"],"picked":"Pandora\u0027s Box"}],"items_purged_floors":[5,30,38],"is_endless":false,"potions_floor_spawned":[13,14,16,20,29,33,41,48],"killed_by":"The Heart","ascension_level":1}