{"gold_per_floor":[110,126,141,157,157,157,175,29,55,83,115,147,35,35,35,132,132,150,170,170,180,180,180,215,234,234,244,244,244],"floor_reached":29,"playtime":4952,"items_purged":["Strike_R","Defend_R"],"score":249,"play_id":"b633e172-e787-4a55-be32-b233fdecde27","local_time":"20190103102044","is_ascension_mode":false,"campfire_choices":[{"floor":6.0,"key":"REST"},{"floor":15,"key":"REST"},{"floor":23,"key":"REST"}],"neow_cost":"NONE","seed_source_timestamp":0,"circlet_count":0,"master_deck":["Strike_R","Strike_R+1","Strike_R","Strike_R+1","Defend_R+1","Defend_R","Defend_R","Bash","Rage","Burning Pact","Perfected Strike","Warcry","Thunderclap","Armaments","Shrug It Off+1","Shrug It Off","Flex","Anger","Shrug It Off","Warcry","Berserk","Pommel Strike","Battle Trance","Perfected Strike","Feed","Infernal Blade","Perfected Strike","Reaper","Rage","Decay","Impervious","True Grit+1","Anger"],"special_seed":0,"relics":["Orrery","Whetstone","MawBank","Bronze Scales","Mark of Pain","Juzu Bracelet","Matryoshka"],"potions_floor_usage":[16,25,28],"damage_taken":[{"damage":1.0,"enemies":"Cultist","floor":1.0,"turns":4.0},{"damage":6.0,"enemies":"Jaw Worm","floor":2.0,"turns":5.0},{"damage":2.0,"enemies":"Small Slimes","floor":3.0,"turns":4.0},{"damage":12.0,"enemies":"Gremlin Gang","floor":4.0,"turns":6.0},{"damage":4.0,"enemies":"3 Louse","floor":7.0,"turns":4.0},{"damage":11,"enemies":"Lagavulin","floor":10,"turns":7},{"damage":5,"enemies":"Looter","floor":11,"turns":3},{"damage":0,"enemies":"Large Slime","floor":12,"turns":5},{"damage":39,"enemies":"Hexaghost","floor":16,"turns":8},{"damage":5,"enemies":"Spheric Guardian","floor":18,"turns":3},{"damage":0,"enemies":"Chosen","floor":19,"turns":4},{"damage":38,"enemies":"Centurion and Healer","floor":21,"turns":4},{"damage":43,"enemies":"Slavers","floor":24,"turns":6},{"damage":2,"enemies":"Snecko","floor":25,"turns":3},{"damage":15,"enemies":"Cultist and Chosen","floor":27,"turns":5},{"damage":19,"enemies":"Colosseum Slavers","floor":28,"turns":4},{"damage":16,"enemies":"Snake Plant","floor":29,"turns":2}],"seed_played":"4734607433253976900","potions_obtained":[{"floor":3.0,"key":"EssenceOfSteel"},{"floor":10,"key":"SpeedPotion"},{"floor":12,"key":"AttackPotion"},{"floor":16,"key":"Strength Potion"},{"floor":19,"key":"Strength Potion"},{"floor":24,"key":"Dexterity Potion"}],"is_trial":false,"path_per_floor":["M","M","M","M","?","R","M","M","$","T","E","M","M","$","?","R","B",null,"M","M","?","M","?","R","E","M","T","M","?","M"],"character_chosen":"IRONCLAD","items_purchased":["Shrug It Off","Warcry","Perfected Strike"],"campfire_rested":3,"item_purchase_floors":[8,8,13],"current_hp_per_floor":[79,73,71,59,43,67,63,63,63,52,47,47,47,47,71,32,80,75,75,75,37,37,61,22,23,23,18,10,0],"gold":244,"neow_bonus":"BOSS_RELIC","is_prod":false,"is_daily":false,"chose_seed":false,"campfire_upgraded":0,"win_rate":0,"timestamp":1546503644,"path_taken":["M","M","?","M","?","R","M","$","T","E","M","M","$","?","R","BOSS","M","?","?","M","?","R","E","M","T","M","?","M"],"build_version":"2018-12-20","purchased_purges":2,"victory":false,"max_hp_per_floor":[80,80,80,80,80,80,80,80,80,80,80,80,80,80,80,80,80,80,80,80,80,80,80,80,83,83,83,86,86],"card_choices":[{"not_picked":["Pommel Strike","Shrug It Off"],"picked":"Rage","floor":0.0},{"not_picked":["True Grit","Body Slam"],"picked":"Burning Pact","floor":0.0},{"not_picked":["Twin Strike","Pommel Strike"],"picked":"Perfected Strike","floor":0.0},{"not_picked":["Clothesline","Entrench"],"picked":"Warcry","floor":0.0},{"not_picked":["Entrench","Sever Soul"],"picked":"Thunderclap","floor":0.0},{"not_picked":["Hemokinesis","Clash"],"picked":"Armaments","floor":1.0},{"not_picked":["Intimidate","Offering"],"picked":"Shrug It Off","floor":2.0},{"not_picked":["Burning Pact","Thunderclap"],"picked":"Shrug It Off","floor":3.0},{"not_picked":["True Grit","Perfected Strike"],"picked":"Flex","floor":4.0},{"not_picked":["Body Slam","Armaments"],"picked":"Anger","floor":7},{"not_picked":["Iron Wave","Thunderclap"],"picked":"Berserk","floor":10},{"not_picked":["Body Slam","Burning Pact"],"picked":"Pommel Strike","floor":11},{"not_picked":["Pommel Strike","Armaments"],"picked":"Battle Trance","floor":12},{"not_picked":["Juggernaut","Bludgeon"],"picked":"Feed","floor":16},{"not_picked":["Anger","Bloodletting"],"picked":"Infernal Blade","floor":18},{"not_picked":["Clash","Anger"],"picked":"Perfected Strike","floor":19},{"not_picked":["Dual Wield","Headbutt"],"picked":"Rage","floor":21},{"not_picked":["Entrench+1","Disarm+1"],"picked":"Impervious","floor":24},{"not_picked":["Warcry+1","Body Slam+1"],"picked":"True Grit+1","floor":25},{"not_picked":["Sword Boomerang","Heavy Blade"],"picked":"Anger","floor":27}],"player_experience":30326,"relics_obtained":[{"floor":9,"key":"Whetstone"},{"floor":10,"key":"MawBank"},{"floor":24,"key":"Juzu Bracelet"},{"floor":26,"key":"Matryoshka"}],"event_choices":[{"damage_healed":0.0,"max_hp_gain":0.0,"max_hp_loss":0.0,"gold_gain":0.0,"event_name":"Shining Light","player_choice":"Entered Light","floor":5.0,"gold_loss":0.0,"damage_taken":16.0,"cards_upgraded":["Defend_R","Shrug It Off"]},{"damage_healed":0,"gold_gain":0,"player_choice":"Gave Potion","damage_taken":0,"relics_obtained":["Bronze Scales"],"max_hp_gain":0,"max_hp_loss":0,"event_name":"WeMeetAgain","floor":14,"gold_loss":0},{"damage_healed":0,"gold_gain":0,"player_choice":"Read","damage_taken":0,"max_hp_gain":0,"max_hp_loss":0,"event_name":"The Library","floor":20,"gold_loss":0,"cards_obtained":["Reaper"]},{"damage_healed":0,"gold_gain":0,"player_choice":"Smashed Altar","damage_taken":0,"max_hp_gain":0,"max_hp_loss":0,"event_name":"Forgotten Altar","floor":22,"gold_loss":0,"cards_obtained":["Decay"]},{"damage_healed":0,"gold_gain":0,"player_choice":"Fight","damage_taken":0,"max_hp_gain":0,"max_hp_loss":0,"event_name":"Colosseum","floor":28,"gold_loss":0},{"damage_healed":0,"gold_gain":0,"player_choice":"Fled From Nobs","damage_taken":0,"max_hp_gain":0,"max_hp_loss":0,"event_name":"Colosseum","floor":28,"gold_loss":0}],"is_beta":false,"boss_relics":[{"not_picked":["Coffee Dripper","Cursed Key"],"picked":"Mark of Pain"}],"items_purged_floors":[8,13],"is_endless":false,"potions_floor_spawned":[3,10,12,16,19,24],"killed_by":"Snake Plant","ascension_level":0}