{"gold_per_floor":[114,114,289,303,23,23,36,53,53,117,117,129,161,176,176,278,278,294,194,194,204,218,218,234,234,234,251,0,0,14,27,27,27],"floor_reached":33,"playtime":1133,"items_purged":["Doubt","Strike_B"],"score":301,"play_id":"32610640-abe2-4bf6-9769-08de5ab13412","local_time":"20190502125420","is_ascension_mode":false,"campfire_choices":[{"data":"Dualcast","floor":6,"key":"SMITH"},{"data":"Zap","floor":11,"key":"SMITH"},{"data":"Go for the Eyes","floor":15,"key":"SMITH"},{"data":"RitualDagger","floor":23,"key":"SMITH"},{"data":"Streamline","floor":25,"key":"SMITH"},{"data":"Conserve Battery","floor":29,"key":"SMITH"},{"data":"Sweeping Beam","floor":32,"key":"SMITH"}],"neow_cost":"NONE","seed_source_timestamp":64037963163598,"circlet_count":0,"master_deck":["Strike_B","Defend_B","Defend_B","Defend_B","Defend_B","Zap+1","Dualcast+1","Go for the Eyes+1","Sweeping Beam","Conserve Battery+1","Cold Snap","Sweeping Beam+1","Streamline+1","Ball Lightning","Sweeping Beam","RitualDagger+1","Compile Driver","Sweeping Beam+1","Leap+1"],"relics":["Cracked Core","Strawberry","Toolbox","Shuriken","PreservedInsect","Kunai","Empty Cage","Letter Opener","Meat on the Bone"],"potions_floor_usage":[10,27,33,33],"damage_taken":[{"damage":4,"enemies":"2 Louse","floor":1,"turns":3},{"damage":0,"enemies":"Small Slimes","floor":4,"turns":2},{"damage":3,"enemies":"Jaw Worm","floor":7,"turns":2},{"damage":4,"enemies":"Lots of Slimes","floor":8,"turns":3},{"damage":22,"enemies":"3 Sentries","floor":10,"turns":6},{"damage":0,"enemies":"Large Slime","floor":12,"turns":4},{"damage":0,"enemies":"Gremlin Nob","floor":13,"turns":2},{"damage":11,"enemies":"Exordium Thugs","floor":14,"turns":3},{"damage":10,"enemies":"Hexaghost","floor":16,"turns":7},{"damage":8,"enemies":"Spheric Guardian","floor":18,"turns":3},{"damage":0,"enemies":"3 Byrds","floor":21,"turns":3},{"damage":20,"enemies":"Centurion and Healer","floor":22,"turns":4},{"damage":15,"enemies":"Sentry and Sphere","floor":24,"turns":5},{"damage":1,"enemies":"Cultist and Chosen","floor":27,"turns":5},{"damage":16,"enemies":"Shelled Parasite and Fungi","floor":30,"turns":6},{"damage":9,"enemies":"Centurion and Healer","floor":31,"turns":5},{"damage":30,"enemies":"Champ","floor":33,"turns":8}],"seed_played":"-6072971802044093453","potions_obtained":[{"floor":4,"key":"Swift Potion"},{"floor":13,"key":"SteroidPotion"},{"floor":16,"key":"SkillPotion"},{"floor":22,"key":"FocusPotion"},{"floor":31,"key":"Weak Potion"}],"is_trial":false,"path_per_floor":["M","?","?","M","$","R","M","M","T","?","R","M","E","M","R","B",null,"M","$","?","M","M","R","M","R","T","M","$","R","M","M","R","B"],"character_chosen":"DEFECT","items_purchased":["Toolbox","Meat on the Bone"],"campfire_rested":0,"item_purchase_floors":[5,28],"current_hp_per_floor":[71,66,66,66,66,66,63,59,59,37,37,37,37,26,26,16,82,74,74,68,68,48,48,33,33,33,32,32,32,28,31,31,1],"gold":27,"neow_bonus":"THREE_CARDS","is_prod":false,"is_daily":false,"chose_seed":false,"campfire_upgraded":7,"win_rate":0,"timestamp":1556769260,"path_taken":["M","?","?","M","$","R","M","M","T","?","R","M","E","?","R","BOSS","M","?","?","M","M","R","M","R","T","M","$","R","?","M","R","BOSS"],"build_version":"2019-01-23","purchased_purges":2,"victory":false,"max_hp_per_floor":[75,82,82,82,82,82,82,82,82,82,82,82,82,82,82,82,82,82,82,82,82,82,82,82,82,82,82,82,82,82,82,82,82],"card_choices":[{"not_picked":["Streamline","Redo"],"picked":"Go for the Eyes","floor":0},{"not_picked":["Coolheaded","Ball Lightning"],"picked":"Sweeping Beam","floor":1},{"not_picked":["Redo","Go for the Eyes"],"picked":"Conserve Battery","floor":4},{"not_picked":["Aggregate","Gash"],"picked":"Cold Snap","floor":7},{"not_picked":["Rebound","Gash"],"picked":"Sweeping Beam","floor":8},{"not_picked":["Turbo","Melter"],"picked":"Streamline","floor":10},{"not_picked":["Multi-Cast","Steam Power","Barrage"],"picked":"SKIP","floor":12},{"not_picked":["Storm","Compile Driver"],"picked":"Ball Lightning","floor":13},{"not_picked":["Defragment","Blizzard","Glacier"],"picked":"SKIP","floor":14},{"not_picked":["Streamline","Static Discharge"],"picked":"Sweeping Beam","floor":18},{"not_picked":["Blizzard+1","Gash"],"picked":"Compile Driver","floor":21},{"not_picked":["Melter","Compile Driver","Streamline"],"picked":"SKIP","floor":22},{"not_picked":["Defragment","Loop"],"picked":"Sweeping Beam+1","floor":24},{"not_picked":["Skim+1","Aggregate","Ball Lightning"],"picked":"SKIP","floor":27},{"not_picked":["Redo","Lockon+1"],"picked":"Leap+1","floor":30},{"not_picked":["Scrape","Stack","Thunder Strike"],"picked":"SKIP","floor":31}],"player_experience":373902,"relics_obtained":[{"floor":9,"key":"Shuriken"},{"floor":13,"key":"Kunai"},{"floor":26,"key":"Letter Opener"}],"event_choices":[{"damage_healed":0,"gold_gain":0,"player_choice":"Success","damage_taken":12,"relics_obtained":["Strawberry"],"max_hp_gain":0,"max_hp_loss":0,"event_name":"Scrap Ooze","floor":2,"gold_loss":0},{"damage_healed":0,"gold_gain":175,"player_choice":"AGREE","damage_taken":0,"max_hp_gain":0,"max_hp_loss":0,"event_name":"Liars Game","floor":3,"gold_loss":0,"cards_obtained":["Doubt"]},{"damage_healed":0,"gold_gain":0,"player_choice":"Searched \u00272\u0027 times","damage_taken":0,"relics_obtained":["PreservedInsect"],"max_hp_gain":0,"max_hp_loss":0,"event_name":"Dead Adventurer","floor":10,"gold_loss":0},{"damage_healed":0,"gold_gain":0,"player_choice":"Joined the Cult","damage_taken":6,"max_hp_gain":0,"max_hp_loss":0,"event_name":"Nest","floor":20,"gold_loss":0,"cards_obtained":["RitualDagger"]}],"is_beta":false,"boss_relics":[{"not_picked":["Black Star","Inserter"],"picked":"Empty Cage"}],"items_purged_floors":[5,19],"is_endless":false,"potions_floor_spawned":[4,13,16,22,31],"killed_by":"Champ","ascension_level":0}