{"path_per_floor":["M","$","?","?","$","E","R","M","T","E","M","?","R","M","R","B",null,"M","?","?","M","M"],"character_chosen":"THE_SILENT","items_purchased":["Deadly Poison","Noxious Fumes"],"gold_per_floor":[116,17,17,92,54,85,85,103,103,134,150,100,100,111,111,214,214,234,260,260,273,286,286],"floor_reached":23,"campfire_rested":1,"playtime":1622,"item_purchase_floors":[2,5],"current_hp_per_floor":[70,70,70,59,59,59,59,59,59,38,38,38,70,70,70,59,70,48,7,7,24,21,0],"items_purged":["Strike_G"],"gold":286,"score":249,"play_id":"cac3c830-9827-4ca7-bb71-96c261cf980a","local_time":"20180609232405","is_prod":false,"is_daily":false,"chose_seed":false,"is_ascension_mode":false,"campfire_upgraded":2,"win_rate":0.0,"timestamp":1528604645,"campfire_choices":[{"data":"Noxious Fumes","floor":7,"key":"SMITH"},{"floor":13,"key":"REST"},{"data":"Well Laid Plans","floor":15,"key":"SMITH"}],"path_taken":["M","$","?","?","$","E","R","?","T","E","M","?","R","M","R","BOSS","M","?","?","M","M","E"],"build_version":"2018-06-07v3","seed_source_timestamp":558343004891259,"purchased_purges":1,"victory":false,"master_deck":["Defend_G","Defend_G","Defend_G","Defend_G","Defend_G","Survivor","Neutralize","Deadly Poison","Noxious Fumes+1","Catalyst+1","Well Laid Plans+1","Blur+1","Envenom","Deadly Poison+1","Bite","Bite","Bite","Bite","Bite","Deadly Poison+1"],"max_hp_per_floor":[70,70,70,70,70,70,70,70,70,70,70,70,70,70,70,70,70,70,70,49,49,49,49],"relics":["Ring of the Snake","NeowsBlessing","Toxic Egg 2","Regal Pillow","Velvet Choker","Red Mask"],"card_choices":[{"not_picked":["Bane","Deflect","Slice"],"picked":"SKIP","floor":1},{"not_picked":["Outmaneuver","Underhanded Strike"],"picked":"Catalyst","floor":6},{"not_picked":["Escape Plan+1","Deflect+1","Eviscerate"],"picked":"SKIP","floor":8},{"not_picked":["Night Terror+1","Dagger Spray","Bane"],"picked":"SKIP","floor":10},{"not_picked":["All Out Attack","Backstab"],"picked":"Well Laid Plans","floor":11},{"not_picked":["Leg Sweep+1","Bane"],"picked":"Blur+1","floor":14},{"not_picked":["Doppelganger+1","Tools of the Trade"],"picked":"Envenom","floor":16},{"not_picked":["Quick Slash","Terror+1","Escape Plan+1"],"picked":"SKIP","floor":18},{"not_picked":["Leg Sweep+1","Well Laid Plans+1"],"picked":"Deadly Poison+1","floor":19},{"not_picked":["Flying Knee","Leg Sweep+1","Bane+1"],"picked":"SKIP","floor":21},{"not_picked":["Dagger Throw+1","Riddle With Holes+1"],"picked":"Deadly Poison+1","floor":22}],"player_experience":144541,"potions_floor_usage":[14,18,21,21,21,21,21,22,23],"damage_taken":[{"damage":0,"enemies":"Jaw Worm","floor":1,"turns":1},{"damage":0,"enemies":"3 Sentries","floor":6,"turns":2},{"damage":0,"enemies":"Cultist","floor":8,"turns":1},{"damage":21,"enemies":"Lagavulin","floor":10,"turns":6},{"damage":0,"enemies":"Small Slimes","floor":11,"turns":3},{"damage":0,"enemies":"2 Fungi Beasts","floor":14,"turns":3},{"damage":11,"enemies":"The Guardian","floor":16,"turns":8},{"damage":22,"enemies":"2 Thieves","floor":18,"turns":5},{"damage":52,"floor":19,"turns":5},{"damage":0,"enemies":"3 Byrds","floor":21,"turns":3},{"damage":9,"enemies":"Snake Plant","floor":22,"turns":3},{"damage":29,"enemies":"Slavers","floor":23,"turns":4}],"relics_obtained":[{"floor":6,"key":"Toxic Egg 2"},{"floor":10,"key":"Regal Pillow"},{"floor":19,"key":"Red Mask"}],"event_choices":[{"event_name":"The Lab","player_choice":"Got Potions","floor":3,"damage_taken":0},{"event_name":"World of Goop","player_choice":"Gather Gold","floor":4,"damage_taken":0},{"event_name":"The Cleric","player_choice":"Card Removal","floor":12,"damage_taken":0},{"event_name":"Masked Bandits","player_choice":"Fought over 234 gold","floor":19,"damage_taken":0},{"event_name":"Vampires","player_choice":"Became a vampire","floor":20,"damage_taken":0}],"boss_relics":[{"not_picked":["Sozu","Philosopher\u0027s Stone"],"picked":"Velvet Choker"}],"items_purged_floors":[2],"potions_floor_spawned":[8,10,16,18,21,22],"seed_played":"-7431402508853005437","killed_by":"Slavers","ascension_level":0,"potions_obtained":[{"floor":3,"key":"SkillPotion"},{"floor":3,"key":"EntropicBrew"},{"floor":3,"key":"FairyPotion"},{"floor":8,"key":"Dexterity Potion"},{"floor":10,"key":"Fire Potion"},{"floor":16,"key":"AttackPotion"},{"floor":18,"key":"LiquidBronze"},{"floor":21,"key":"Fire Potion"},{"floor":22,"key":"Dexterity Potion"}],"is_trial":false}