{"gold_per_floor":[115,45,62,12,12,39,59,86,160,160,160,160,170,14,14,115,115,130,147,147,147,147,175,75,106,106,124,154,154,154,187,187,291,291,307,180,130,44,44,44,64,64,91,141,154,22,54,54,54,54],"floor_reached":51,"playtime":5288,"items_purged":["Strike_R","Strike_R","Regret","Defend_R","Strike_R","Defend_R"],"score":1131,"play_id":"f613657e-762c-45c6-bc6a-8337dfbebd55","local_time":"20190216141622","is_ascension_mode":true,"campfire_choices":[{"data":"Iron Wave","floor":10.0,"key":"SMITH"},{"data":"Whirlwind","floor":15.0,"key":"SMITH"},{"data":"Limit Break","floor":29.0,"key":"SMITH"},{"data":"Flame Barrier","floor":32.0,"key":"SMITH"},{"data":"Flame Barrier","floor":40.0,"key":"SMITH"},{"floor":42.0,"key":"REST"},{"floor":49,"key":"REST"}],"neow_cost":"NONE","seed_source_timestamp":88769967913956,"circlet_count":0,"master_deck":["AscendersBane","Defend_R","Defend_R","Bash","Iron Wave+1","Flame Barrier+1","Metallicize","Inflame","Infernal Blade+1","Whirlwind+1","Metallicize","Limit Break+1","Double Tap","J.A.X.","Flame Barrier+1","Rupture","Heavy Blade+1","Impervious","Thunderclap+1","Inflame","Disarm","Madness","Madness","Brutality"],"special_seed":0,"relics":["Burning Blood","Champion Belt","Juzu Bracelet","Meat on the Bone","Sozu","Gremlin Horn","Spirit Poop","Torii","Thread and Needle","Molten Egg 2","Omamori","Smiling Mask","Calling Bell","Lantern","Letter Opener","WingedGreaves","Centennial Puzzle","Shovel","Kunai"],"potions_floor_usage":[],"damage_taken":[{"damage":5.0,"enemies":"Small Slimes","floor":1.0,"turns":3.0},{"damage":1.0,"enemies":"2 Louse","floor":3.0,"turns":3.0},{"damage":27.0,"enemies":"3 Sentries","floor":6.0,"turns":17.0},{"damage":0.0,"enemies":"Cultist","floor":7.0,"turns":5.0},{"damage":23.0,"enemies":"Gremlin Nob","floor":8.0,"turns":5.0},{"damage":9.0,"enemies":"Red Slaver","floor":13.0,"turns":4.0},{"damage":34.0,"enemies":"The Guardian","floor":16.0,"turns":15.0},{"damage":0.0,"enemies":"3 Byrds","floor":18.0,"turns":5.0},{"damage":0.0,"enemies":"Chosen","floor":19.0,"turns":3.0},{"damage":20.0,"enemies":"Book of Stabbing","floor":23.0,"turns":5.0},{"damage":43.0,"enemies":"Slavers","floor":25.0,"turns":4.0},{"damage":17.0,"enemies":"Snake Plant","floor":27.0,"turns":4.0},{"damage":14.0,"enemies":"Gremlin Leader","floor":28.0,"turns":5.0},{"damage":22.0,"enemies":"Book of Stabbing","floor":31.0,"turns":4.0},{"damage":21.0,"enemies":"Collector","floor":33.0,"turns":6.0},{"damage":1.0,"enemies":"Orb Walker","floor":35.0,"turns":4.0},{"damage":37.0,"enemies":"3 Shapes","floor":41.0,"turns":6.0},{"damage":34.0,"enemies":"2 Orb Walkers","floor":44.0,"turns":5.0},{"damage":3.0,"enemies":"3 Darklings","floor":45.0,"turns":4.0},{"damage":21,"enemies":"Reptomancer","floor":47,"turns":5},{"damage":35,"enemies":"Time Eater","floor":50,"turns":9}],"seed_played":"7353811867897933041","potions_obtained":[{"floor":1.0,"key":"Strength Potion"},{"floor":6.0,"key":"Strength Potion"}],"is_trial":false,"path_per_floor":["M","$","M","?","?","E","M","E","T","R","?","?","M","$","R","B",null,"M","M","?","?","?","E","$","E","T","M","E","R","?","E","R","B",null,"M","$","$","$","?","R","M","R","T","?","M","$","E","?","R","B",null],"character_chosen":"IRONCLAD","items_purchased":["Flame Barrier","Metallicize","Inflame","Disarm","Brutality"],"campfire_rested":2,"item_purchase_floors":[2,14,36,38,46],"current_hp_per_floor":[73,73,78,78,83,62,68,51,51,51,51,51,60,60,60,44,75,81,85,85,85,85,71,71,46,46,47,51,51,51,47,47,44,75,80,80,80,80,69,69,50,75,75,59,62,62,59,59,84,55],"gold":54,"neow_bonus":"REMOVE_CARD","is_prod":false,"is_daily":false,"chose_seed":false,"campfire_upgraded":5,"win_rate":0,"timestamp":1550348182,"path_taken":["M","$","M","?","?","E","M","E","T","R","?","?","M","?","R","BOSS","M","M","?","?","?","E","$","E","T","M","E","R","?","E","R","BOSS","M","?","$","$","?","R","M","R","T","?","M","?","E","?","R","BOSS"],"build_version":"2019-01-23","purchased_purges":6,"victory":true,"max_hp_per_floor":[80,80,80,80,85,85,85,85,85,85,85,85,85,85,85,85,85,85,85,85,85,85,85,85,85,85,85,85,85,85,85,85,85,85,85,85,85,85,85,85,85,85,85,85,85,85,85,85,85,85],"card_choices":[{"not_picked":["Second Wind","Thunderclap"],"picked":"Iron Wave","floor":1.0},{"not_picked":["Evolve","Clothesline"],"picked":"Metallicize","floor":3.0},{"not_picked":["Power Through","True Grit","Perfected Strike"],"picked":"SKIP","floor":6.0},{"not_picked":["Thunderclap","Shrug It Off"],"picked":"Inflame","floor":7.0},{"not_picked":["Perfected Strike","Thunderclap","Clothesline"],"picked":"SKIP","floor":8.0},{"not_picked":["Reckless Charge","Warcry"],"picked":"Whirlwind","floor":13.0},{"not_picked":["Reaper","Fiend Fire"],"picked":"Limit Break","floor":16.0},{"not_picked":["Anger","Clash","Warcry+1"],"picked":"SKIP","floor":18.0},{"not_picked":["Seeing Red","Cleave"],"picked":"Double Tap","floor":19.0},{"not_picked":["Burning Pact","Headbutt+1","Dual Wield"],"picked":"SKIP","floor":23.0},{"not_picked":["Flex","Sword Boomerang+1"],"picked":"Flame Barrier","floor":25.0},{"not_picked":["Hemokinesis+1","Wild Strike+1","True Grit"],"picked":"SKIP","floor":27.0},{"not_picked":["Headbutt+1","Reckless Charge+1"],"picked":"Rupture","floor":28.0},{"not_picked":["Sword Boomerang+1","Seeing Red"],"picked":"Heavy Blade+1","floor":31.0},{"not_picked":["Feed+1","Immolate+1"],"picked":"Impervious","floor":33.0},{"not_picked":["Evolve","Flame Barrier+1"],"picked":"Thunderclap+1","floor":35.0},{"not_picked":["Shrug It Off","Warcry","Evolve+1"],"picked":"SKIP","floor":41.0},{"not_picked":["Carnage+1","Flame Barrier","Perfected Strike+1"],"picked":"SKIP","floor":45.0},{"not_picked":["Clothesline+1","Perfected Strike+1","Shrug It Off+1"],"picked":"SKIP","floor":47}],"player_experience":365174,"relics_obtained":[{"floor":6.0,"key":"Champion Belt"},{"floor":8.0,"key":"Juzu Bracelet"},{"floor":9.0,"key":"Meat on the Bone"},{"floor":23.0,"key":"Torii"},{"floor":25.0,"key":"Thread and Needle"},{"floor":26.0,"key":"Molten Egg 2"},{"floor":28.0,"key":"Omamori"},{"floor":31.0,"key":"Smiling Mask"},{"floor":34.0,"key":"Lantern"},{"floor":34.0,"key":"Letter Opener"},{"floor":34.0,"key":"WingedGreaves"},{"floor":43.0,"key":"Centennial Puzzle"},{"floor":44.0,"key":"Shovel"},{"floor":47,"key":"Kunai"}],"event_choices":[{"cards_removed":["Strike_R"],"damage_healed":0.0,"max_hp_gain":0.0,"max_hp_loss":0.0,"gold_gain":0.0,"event_name":"The Cleric","player_choice":"Card Removal","floor":4.0,"gold_loss":50.0,"damage_taken":0.0},{"damage_healed":0.0,"max_hp_gain":5.0,"max_hp_loss":0.0,"gold_gain":0.0,"event_name":"Big Fish","player_choice":"Donut","floor":5.0,"gold_loss":0.0,"damage_taken":0.0},{"damage_healed":0.0,"max_hp_gain":0.0,"max_hp_loss":0.0,"gold_gain":0.0,"event_name":"Match and Keep!","player_choice":"1 cards matched","floor":11.0,"gold_loss":0.0,"damage_taken":0.0,"cards_obtained":["Infernal Blade"]},{"damage_healed":0.0,"max_hp_gain":0.0,"max_hp_loss":0.0,"gold_gain":0.0,"event_name":"Accursed Blacksmith","player_choice":"Forge","floor":12.0,"gold_loss":0.0,"damage_taken":0.0,"cards_upgraded":["Infernal Blade"]},{"damage_healed":0.0,"max_hp_gain":0.0,"max_hp_loss":0.0,"gold_gain":0.0,"event_name":"The Mausoleum","player_choice":"Opened","floor":20.0,"gold_loss":0.0,"damage_taken":0.0,"relics_obtained":["Gremlin Horn"],"cards_obtained":["Writhe"]},{"damage_healed":0.0,"max_hp_gain":0.0,"max_hp_loss":0.0,"gold_gain":0.0,"event_name":"Drug Dealer","player_choice":"Obtain J.A.X.","floor":21.0,"gold_loss":0.0,"damage_taken":0.0,"cards_obtained":["J.A.X."]},{"cards_removed":["Writhe"],"damage_healed":0.0,"max_hp_gain":0.0,"max_hp_loss":0.0,"gold_gain":0.0,"event_name":"Bonfire Elementals","player_choice":"Offered Curse","floor":22.0,"gold_loss":0.0,"damage_taken":0.0,"relics_obtained":["Spirit Poop"]},{"damage_healed":0.0,"max_hp_gain":0.0,"max_hp_loss":0.0,"gold_gain":0.0,"event_name":"Match and Keep!","player_choice":"0 cards matched","floor":30.0,"gold_loss":0.0,"damage_taken":0.0,"cards_obtained":[]},{"damage_healed":0.0,"max_hp_gain":0.0,"max_hp_loss":0.0,"gold_gain":0.0,"event_name":"Winding Halls","player_choice":"Embrace Madness","floor":39.0,"gold_loss":0.0,"damage_taken":11.0,"cards_obtained":["Madness","Madness"]},{"damage_healed":0.0,"max_hp_gain":0.0,"max_hp_loss":0.0,"gold_gain":0.0,"event_name":"Mysterious Sphere","player_choice":"Fight","floor":44.0,"gold_loss":0.0,"damage_taken":0.0},{"damage_healed":0,"gold_gain":0,"player_choice":"Leave","damage_taken":0,"max_hp_gain":0,"max_hp_loss":0,"event_name":"FaceTrader","floor":48,"gold_loss":0}],"is_beta":false,"boss_relics":[{"not_picked":["White Beast Statue","Runic Cube"],"picked":"Sozu"},{"not_picked":["Coffee Dripper","Philosopher\u0027s Stone"],"picked":"Calling Bell"}],"items_purged_floors":[14,24,36,37,38,46],"is_endless":false,"potions_floor_spawned":[1,6,7,8,18,19,28,31,33,35,45],"ascension_level":11}