{"gold_per_floor":[109,209,28,48,48,48,75,75,75,75,100,100,162,224,224,296,296,286,306,77,127,142,142,177,177,177,227,146,222,98,166,166,243,243,258,268,62,212,76,76,102,102,178,279,279,295,46,0,0,0],"floor_reached":51,"playtime":2053,"items_purged":["Strike_G","Defend_G","Writhe"],"score":1274,"play_id":"0fefe3f2-4b0e-4def-a96e-817f61406cf0","local_time":"20190210011226","is_ascension_mode":true,"campfire_choices":[{"data":"Footwork","floor":6.0,"key":"SMITH"},{"data":"Riddle With Holes","floor":8.0,"key":"SMITH"},{"data":"Neutralize","floor":10.0,"key":"SMITH"},{"data":"Deadly Poison","floor":15.0,"key":"SMITH"},{"data":"Deadly Poison","floor":23.0,"key":"SMITH"},{"data":"Dagger Throw","floor":25.0,"key":"SMITH"},{"floor":32.0,"key":"REST"},{"data":"Footwork","floor":40.0,"key":"SMITH"},{"data":"Malaise","floor":42.0,"key":"SMITH"},{"data":"Terror","floor":45.0,"key":"SMITH"},{"data":"Noxious Fumes","floor":49.0,"key":"SMITH"}],"neow_cost":"NONE","seed_source_timestamp":8460045646191,"circlet_count":0,"master_deck":["AscendersBane","Defend_G","Defend_G","Defend_G","Defend_G","Strike_G","Survivor","Neutralize+1","Riddle With Holes+1","Footwork+1","Dagger Throw+1","PiercingWail","Deadly Poison+1","Flechettes+1","After Image+1","Endless Agony+1","Deadly Poison+1","Finesse","Finesse","Backflip","Dash","Quick Slash","Malaise+1","Terror+1","Flash of Steel","Footwork+1","Slice","Parasite","Backflip+1","Cloak And Dagger+1","Noxious Fumes+1"],"special_seed":0,"relics":["Busted Crown","Meat on the Bone","Gremlin Horn","Unceasing Top","SsserpentHead","Tiny Chest","Astrolabe","Vajra","Shuriken","Ornamental Fan","Enchiridion","Regal Pillow","Cursed Key","Toxic Egg 2","Letter Opener","Prayer Wheel","Red Mask"],"potions_floor_usage":[50,50],"damage_taken":[{"damage":0.0,"enemies":"2 Louse","floor":1.0,"turns":3.0},{"damage":0.0,"enemies":"Cultist","floor":4.0,"turns":3.0},{"damage":10.0,"enemies":"3 Sentries","floor":7.0,"turns":8.0},{"damage":7.0,"enemies":"Gremlin Nob","floor":11.0,"turns":4.0},{"damage":4.0,"enemies":"Small Slimes","floor":13.0,"turns":3.0},{"damage":0.0,"enemies":"Lagavulin","floor":14.0,"turns":7.0},{"damage":16.0,"enemies":"The Guardian","floor":16.0,"turns":11.0},{"damage":9.0,"enemies":"2 Thieves","floor":18.0,"turns":4.0},{"damage":3.0,"enemies":"3 Byrds","floor":19.0,"turns":5.0},{"damage":3.0,"enemies":"Centurion and Healer","floor":22.0,"turns":6.0},{"damage":4.0,"enemies":"Gremlin Leader","floor":24.0,"turns":7.0},{"damage":0.0,"enemies":"3 Cultists","floor":31.0,"turns":4.0},{"damage":29.0,"enemies":"Collector","floor":33.0,"turns":10.0},{"damage":0.0,"enemies":"Orb Walker","floor":35.0,"turns":2.0},{"damage":8.0,"enemies":"3 Darklings","floor":36.0,"turns":6.0},{"damage":0.0,"enemies":"Nemesis","floor":41.0,"turns":7.0},{"damage":23.0,"enemies":"2 Orb Walkers","floor":44.0,"turns":5.0},{"damage":7.0,"enemies":"Writhing Mass","floor":46.0,"turns":6.0},{"damage":32,"enemies":"Time Eater","floor":50,"turns":9}],"seed_played":"284190520297507177","potions_obtained":[{"floor":1.0,"key":"PowerPotion"},{"floor":7.0,"key":"Block Potion"},{"floor":11.0,"key":"SteroidPotion"},{"floor":14.0,"key":"AttackPotion"},{"floor":16.0,"key":"Weak Potion"},{"floor":19.0,"key":"Block Potion"},{"floor":36.0,"key":"SteroidPotion"}],"is_trial":false,"path_per_floor":["M","?","$","M","$","R","E","R","T","R","E","?","M","E","R","B",null,"M","M","$","?","M","R","E","R","T","?","$","T","$","M","R","B",null,"M","M","$","?","$","R","E","R","T","?","R","M","$","?","R","B",null],"character_chosen":"THE_SILENT","items_purchased":["Footwork","Dagger Throw","Vajra","Finesse","Finesse","Backflip","Dash","Terror","Flash of Steel","Ancient Potion","Footwork","Slice","Cloak And Dagger+1","Noxious Fumes"],"campfire_rested":1,"item_purchase_floors":[3,3,20,20,28,30,30,37,37,37,39,39,47,47],"current_hp_per_floor":[59,59,59,59,59,59,49,49,49,49,42,42,38,38,38,34,58,49,46,46,46,43,43,39,39,39,23,23,23,23,35,66,37,59,59,51,51,51,51,51,51,51,51,40,40,45,45,45,45,25],"gold":0,"neow_bonus":"BOSS_RELIC","is_prod":false,"is_daily":false,"chose_seed":false,"campfire_upgraded":10,"win_rate":0,"timestamp":1549771946,"path_taken":["M","?","$","M","?","R","E","R","T","R","E","?","?","E","R","BOSS","M","M","$","?","M","R","E","R","T","?","$","?","$","?","R","BOSS","M","M","$","?","?","R","E","R","T","?","R","M","$","?","R","BOSS"],"build_version":"2018-11-15","purchased_purges":3,"victory":true,"max_hp_per_floor":[66,66,66,66,66,66,66,66,66,66,66,66,66,66,66,66,66,66,66,66,66,66,66,66,66,66,66,66,66,66,66,66,66,66,66,66,66,66,66,66,66,66,66,66,66,66,66,66,66,66],"card_choices":[{"not_picked":[],"picked":"Riddle With Holes","floor":1.0},{"not_picked":[],"picked":"PiercingWail","floor":4.0},{"not_picked":["Phantasmal Killer"],"picked":"SKIP","floor":7.0},{"not_picked":[],"picked":"Deadly Poison","floor":11.0},{"not_picked":["Prepared"],"picked":"SKIP","floor":13.0},{"not_picked":["Dagger Throw"],"picked":"SKIP","floor":14.0},{"not_picked":["Quick Slash"],"picked":"SKIP","floor":18.0},{"not_picked":[],"picked":"Deadly Poison","floor":19.0},{"not_picked":["Prepared"],"picked":"SKIP","floor":22.0},{"not_picked":["Flying Knee"],"picked":"SKIP","floor":24.0},{"not_picked":[],"picked":"Quick Slash","floor":31.0},{"not_picked":[],"picked":"Malaise","floor":33.0},{"not_picked":["Dodge and Roll"],"picked":"SKIP","floor":35.0},{"not_picked":["PiercingWail"],"picked":"SKIP","floor":36.0},{"not_picked":["Prepared"],"picked":"SKIP","floor":41.0},{"not_picked":["Prepared"],"picked":"SKIP","floor":41.0},{"not_picked":[],"picked":"Backflip+1","floor":46.0},{"not_picked":["Wraith Form v2"],"picked":"SKIP","floor":46.0}],"player_experience":124977,"relics_obtained":[{"floor":7.0,"key":"Meat on the Bone"},{"floor":9.0,"key":"Gremlin Horn"},{"floor":11.0,"key":"Unceasing Top"},{"floor":14.0,"key":"Tiny Chest"},{"floor":24.0,"key":"Shuriken"},{"floor":26.0,"key":"Ornamental Fan"},{"floor":27.0,"key":"Enchiridion"},{"floor":29.0,"key":"Regal Pillow"},{"floor":41.0,"key":"Toxic Egg 2"},{"floor":43.0,"key":"Letter Opener"},{"floor":44.0,"key":"Prayer Wheel"}],"event_choices":[{"damage_healed":0.0,"max_hp_gain":0.0,"max_hp_loss":0.0,"gold_gain":100.0,"event_name":"Wheel of Change","player_choice":"Gold","floor":2.0,"gold_loss":0.0,"damage_taken":0.0},{"damage_healed":0.0,"max_hp_gain":0.0,"max_hp_loss":0.0,"gold_gain":0.0,"event_name":"FaceTrader","player_choice":"Trade","floor":12.0,"gold_loss":0.0,"damage_taken":0.0,"relics_obtained":["SsserpentHead"]},{"damage_healed":0.0,"max_hp_gain":0.0,"max_hp_loss":0.0,"gold_gain":0.0,"event_name":"Vampires","player_choice":"Ignored","floor":21.0,"gold_loss":0.0,"damage_taken":0.0},{"damage_healed":0.0,"max_hp_gain":0.0,"max_hp_loss":0.0,"gold_gain":0.0,"event_name":"Cursed Tome","player_choice":"Obtained Book","floor":27.0,"gold_loss":0.0,"damage_taken":16.0},{"damage_healed":0.0,"max_hp_gain":0.0,"max_hp_loss":0.0,"gold_gain":100.0,"event_name":"Golden Shrine","player_choice":"Pray","floor":38.0,"gold_loss":0.0,"damage_taken":0.0},{"damage_healed":0.0,"max_hp_gain":0.0,"max_hp_loss":0.0,"gold_gain":0.0,"event_name":"Mysterious Sphere","player_choice":"Fight","floor":44.0,"gold_loss":0.0,"damage_taken":0.0},{"damage_healed":0.0,"max_hp_gain":0.0,"max_hp_loss":0.0,"gold_gain":0.0,"event_name":"Tomb of Lord Red Mask","player_choice":"Paid","floor":48.0,"gold_loss":96.0,"damage_taken":0.0,"relics_obtained":["Red Mask"]}],"is_beta":false,"boss_relics":[{"not_picked":["Orrery","Lizard Tail"],"picked":"Astrolabe"},{"not_picked":["Black Star","Pandora\u0027s Box"],"picked":"Cursed Key"}],"items_purged_floors":[3,39,47],"is_endless":false,"potions_floor_spawned":[1,7,11,14,16,19,22,31,36],"ascension_level":14}