{"gold_per_floor":[118,43,43,43,55,55,67,67,91,103,120,120,20,30,30,125,125,144,144,164,39,58,58,58,108,108,125,54,89,89,118,118,214,214,227,1226,719,719,789,789,804,804,804,804,824,874,889,909,909,909],"floor_reached":50,"playtime":1950,"items_purged":["Defend_R","Decay","Defend_R","Normality"],"score":497,"play_id":"99aa9296-7eed-4224-aab0-f40a055e45be","local_time":"20190211124232","is_ascension_mode":false,"campfire_choices":[{"data":"Shrug It Off","floor":6.0,"key":"SMITH"},{"data":"Strike_R","floor":15.0,"key":"SMITH"},{"data":"Strike_R","floor":23.0,"key":"SMITH"},{"floor":30.0,"key":"REST"},{"floor":32.0,"key":"REST"},{"floor":40.0,"key":"REST"},{"floor":42.0,"key":"REST"},{"floor":44.0,"key":"REST"},{"floor":49,"key":"REST"}],"neow_cost":"NONE","seed_source_timestamp":0,"circlet_count":0,"master_deck":["Strike_R","Strike_R","Strike_R+1","Strike_R+1","Strike_R+1","Bash+1","Shrug It Off+1","Clash+1","Dropkick","Normality"],"special_seed":0,"relics":["Burning Blood","Anchor","Vajra","Empty Cage","Pear","Ancient Tea Set","Dream Catcher","Lizard Tail","Membership Card","Torii","SsserpentHead","Mercury Hourglass"],"potions_floor_usage":[48,48],"damage_taken":[{"damage":0.0,"enemies":"2 Louse","floor":1.0,"turns":3.0},{"damage":6.0,"enemies":"Cultist","floor":5.0,"turns":3.0},{"damage":2.0,"enemies":"Jaw Worm","floor":7.0,"turns":4.0},{"damage":0.0,"enemies":"2 Fungi Beasts","floor":10.0,"turns":3.0},{"damage":3.0,"enemies":"Exordium Thugs","floor":11.0,"turns":4.0},{"damage":0.0,"enemies":"Gremlin Gang","floor":14.0,"turns":5.0},{"damage":82.0,"enemies":"Hexaghost","floor":16.0,"turns":10.0},{"damage":6.0,"enemies":"Shell Parasite","floor":18.0,"turns":4.0},{"damage":0.0,"enemies":"Chosen","floor":20.0,"turns":3.0},{"damage":17.0,"enemies":"Centurion and Healer","floor":22.0,"turns":5.0},{"damage":12.0,"enemies":"Cultist and Chosen","floor":27.0,"turns":5.0},{"damage":28.0,"enemies":"Book of Stabbing","floor":29.0,"turns":4.0},{"damage":33.0,"enemies":"Gremlin Leader","floor":31.0,"turns":3.0},{"damage":71.0,"enemies":"Champ","floor":33.0,"turns":9.0},{"damage":25.0,"enemies":"3 Darklings","floor":35.0,"turns":5.0},{"damage":36.0,"enemies":"3 Shapes","floor":39.0,"turns":7.0},{"damage":35.0,"enemies":"Jaw Worm Horde","floor":41.0,"turns":5.0},{"damage":47.0,"enemies":"Spire Growth","floor":45.0,"turns":4.0},{"damage":39.0,"enemies":"Sphere and 2 Shapes","floor":47.0,"turns":6.0},{"damage":30,"enemies":"Maw","floor":48,"turns":7},{"damage":73,"enemies":"Donu and Deca","floor":50,"turns":5}],"seed_played":"-1655854599784710069","potions_obtained":[{"floor":10.0,"key":"Swift Potion"},{"floor":11.0,"key":"SteroidPotion"},{"floor":14.0,"key":"Regen Potion"},{"floor":18.0,"key":"EssenceOfSteel"},{"floor":19.0,"key":"Block Potion"},{"floor":41.0,"key":"GamblersBrew"},{"floor":45.0,"key":"Block Potion"},{"floor":47.0,"key":"FearPotion"}],"is_trial":false,"path_per_floor":["M","$","?","$","M","R","M","?","T","M","M","?","$","M","R","B",null,"M","?","M","$","M","R","?","?","T","M","$","E","R","E","R","B",null,"M","?","$","?","M","R","M","R","T","R","M","?","M","M","R","B"],"character_chosen":"IRONCLAD","items_purchased":["Dropkick","Membership Card","Torii"],"campfire_rested":6,"item_purchase_floors":[28,37,37],"current_hp_per_floor":[80,80,80,80,80,80,80,64,64,70,73,73,73,79,79,8,80,80,80,80,80,69,69,69,69,79,73,73,51,78,51,78,13,90,71,71,71,71,41,68,39,66,66,90,49,49,16,40,67,0],"gold":909,"neow_bonus":"RANDOM_COMMON_RELIC","is_prod":false,"is_daily":false,"chose_seed":false,"campfire_upgraded":3,"win_rate":0,"timestamp":1549878152,"path_taken":["M","$","?","?","M","R","M","?","T","M","?","?","$","M","R","BOSS","M","?","M","$","?","R","?","?","T","?","$","E","R","E","R","BOSS","M","?","$","?","?","R","M","R","T","R","M","?","M","M","R","BOSS"],"build_version":"2019-01-23","purchased_purges":4,"victory":false,"max_hp_per_floor":[80,80,80,80,80,80,80,80,80,80,80,80,80,80,80,80,80,80,80,80,80,80,80,80,80,90,90,90,90,90,90,90,90,90,90,90,90,90,90,90,90,90,90,90,90,90,90,90,90,90],"card_choices":[{"not_picked":["Wild Strike","Bloodletting","Battle Trance"],"picked":"SKIP","floor":1.0},{"not_picked":["Searing Blow","Clothesline"],"picked":"Shrug It Off","floor":5.0},{"not_picked":["Shrug It Off","Cleave"],"picked":"Clash","floor":7.0},{"not_picked":["Havoc","Clothesline","Fire Breathing"],"picked":"SKIP","floor":10.0},{"not_picked":["Shockwave","Inflame","Thunderclap"],"picked":"SKIP","floor":11.0},{"not_picked":["True Grit","Corruption","Havoc"],"picked":"SKIP","floor":14.0},{"not_picked":["Twin Strike","Carnage","Clash+1"],"picked":"SKIP","floor":18.0},{"not_picked":["Inflame","Warcry+1","Havoc"],"picked":"SKIP","floor":20.0},{"not_picked":["Battle Trance","Infernal Blade","Spot Weakness+1"],"picked":"SKIP","floor":22.0},{"not_picked":["Perfected Strike+1","Anger+1","Iron Wave+1"],"picked":"SKIP","floor":27.0},{"not_picked":["Battle Trance+1","Wild Strike+1","Bloodletting"],"picked":"SKIP","floor":29.0},{"not_picked":["Entrench+1","Barricade","Body Slam"],"picked":"SKIP","floor":31.0},{"not_picked":["Pommel Strike+1","Body Slam","True Grit"],"picked":"SKIP","floor":35.0},{"not_picked":["Power Through","Sever Soul+1","Wild Strike"],"picked":"SKIP","floor":39.0},{"not_picked":["Power Through","Sever Soul+1","Wild Strike"],"picked":"SKIP","floor":39.0},{"not_picked":["Anger+1","Twin Strike","Searing Blow+1"],"picked":"SKIP","floor":41.0},{"not_picked":["Twin Strike+1","Warcry+1","Clothesline"],"picked":"SKIP","floor":45.0},{"not_picked":["Infernal Blade","Ghostly Armor","Body Slam+1"],"picked":"SKIP","floor":47.0},{"not_picked":["Twin Strike+1","Clothesline+1","Anger+1"],"picked":"SKIP","floor":48}],"player_experience":305503,"relics_obtained":[{"floor":9.0,"key":"Vajra"},{"floor":26.0,"key":"Pear"},{"floor":29.0,"key":"Ancient Tea Set"},{"floor":31.0,"key":"Dream Catcher"},{"floor":43.0,"key":"Mercury Hourglass"}],"event_choices":[{"damage_healed":0.0,"max_hp_gain":0.0,"max_hp_loss":0.0,"gold_gain":0.0,"event_name":"Accursed Blacksmith","player_choice":"Forge","floor":3.0,"gold_loss":0.0,"damage_taken":0.0,"cards_upgraded":["Bash"]},{"damage_healed":0.0,"max_hp_gain":0.0,"max_hp_loss":0.0,"gold_gain":0.0,"event_name":"Shining Light","player_choice":"Entered Light","floor":8.0,"gold_loss":0.0,"damage_taken":16.0,"cards_upgraded":["Clash","Strike_R"]},{"damage_healed":0.0,"max_hp_gain":0.0,"max_hp_loss":0.0,"gold_gain":0.0,"event_name":"Wheel of Change","player_choice":"Cursed","floor":12.0,"gold_loss":0.0,"damage_taken":0.0,"cards_obtained":["Decay"]},{"damage_healed":0.0,"max_hp_gain":0.0,"max_hp_loss":0.0,"gold_gain":0.0,"event_name":"Lab","player_choice":"Got Potions","floor":19.0,"gold_loss":0.0,"damage_taken":0.0},{"damage_healed":0.0,"max_hp_gain":0.0,"max_hp_loss":0.0,"gold_gain":100.0,"event_name":"The Joust","player_choice":"Bet on Murderer","floor":25.0,"gold_loss":50.0,"damage_taken":0.0},{"damage_healed":0.0,"max_hp_gain":0.0,"max_hp_loss":0.0,"gold_gain":999.0,"event_name":"MindBloom","player_choice":"Gold","floor":36.0,"gold_loss":0.0,"damage_taken":0.0,"cards_obtained":["Normality","Normality"]},{"damage_healed":0.0,"max_hp_gain":0.0,"max_hp_loss":0.0,"gold_gain":0.0,"event_name":"FaceTrader","player_choice":"Trade","floor":38.0,"gold_loss":0.0,"damage_taken":0.0,"relics_obtained":["SsserpentHead"]},{"damage_healed":0.0,"max_hp_gain":0.0,"max_hp_loss":0.0,"gold_gain":0.0,"event_name":"Tomb of Lord Red Mask","player_choice":"Ignored","floor":46.0,"gold_loss":0.0,"damage_taken":0.0}],"is_beta":false,"boss_relics":[{"not_picked":["Tiny House","Eternal Feather"],"picked":"Empty Cage"},{"not_picked":["Velvet Choker","Black Star"],"picked":"Lizard Tail"}],"items_purged_floors":[2,13,21,37],"is_endless":false,"potions_floor_spawned":[10,11,14,18,20,29,41,45,47],"killed_by":"Donu and Deca","ascension_level":0}