{"gold_per_floor":[119,136,236,13,26,53,53,73,98,112,139,151,161,161,161,256,256,266,278,176,188,82,115,42,61,61,61,74,74,92,111,111,209,209,222,322,341,21,21,21,21,21,21,21,41,52,52,64,64,64],"floor_reached":50,"playtime":3574,"items_purged":[],"score":555,"play_id":"b57ad925-3b64-4e0a-95ee-30a2ea9e5d1c","local_time":"20190216222554","is_ascension_mode":false,"campfire_choices":[{"floor":7.0,"key":"REST"},{"floor":15.0,"key":"REST"},{"floor":32.0,"key":"REST"},{"floor":40.0,"key":"RECALL"},{"floor":42.0,"key":"REST"},{"data":"A Thousand Cuts","floor":44.0,"key":"SMITH"},{"floor":49,"key":"REST"}],"neow_cost":"NONE","seed_source_timestamp":0,"circlet_count":0,"master_deck":["Defend_G","Defend_G","Defend_G+1","Defend_G","Strike_G","Strike_G","Strike_G","Strike_G+1","Strike_G+1","Survivor","Neutralize","Dagger Spray","Deadly Poison","Cloak And Dagger+1","Backflip","Cloak And Dagger","Expertise","Dagger Throw+1","Cloak And Dagger","Terror","Flechettes+1","Adrenaline","Expertise","Well Laid Plans","Sucker Punch","Noxious Fumes","Prepared","Dagger Spray","Caltrops","A Thousand Cuts+1","Cloak And Dagger+1","Strike_B","Well Laid Plans+1","Dodge and Roll+1","Outmaneuver+1","Deadly Poison","Glass Knife","Writhe","Deflect","Dagger Throw","Bouncing Flask+1"],"special_seed":0,"relics":["Ring of the Snake","Happy Flower","Boot","Oddly Smooth Stone","War Paint","Busted Crown","Meat on the Bone","Sozu","Thread and Needle","Whetstone","Paper Crane"],"potions_floor_usage":[47],"damage_taken":[{"damage":0.0,"enemies":"Jaw Worm","floor":1.0,"turns":6.0},{"damage":0.0,"enemies":"Cultist","floor":2.0,"turns":4.0},{"damage":2.0,"enemies":"Small Slimes","floor":5.0,"turns":3.0},{"damage":27.0,"enemies":"3 Sentries","floor":6.0,"turns":10.0},{"damage":0.0,"enemies":"Looter","floor":8.0,"turns":3.0},{"damage":0.0,"enemies":"3 Louse","floor":10.0,"turns":2.0},{"damage":0.0,"enemies":"Lagavulin","floor":11.0,"turns":8.0},{"damage":0.0,"enemies":"Red Slaver","floor":12.0,"turns":3.0},{"damage":0.0,"enemies":"Looter","floor":13.0,"turns":2.0},{"damage":16.0,"enemies":"The Guardian","floor":16.0,"turns":12.0},{"damage":0.0,"enemies":"3 Byrds","floor":18.0,"turns":3.0},{"damage":1.0,"enemies":"2 Thieves","floor":19.0,"turns":3.0},{"damage":6.0,"enemies":"Snecko","floor":21.0,"turns":5.0},{"damage":17.0,"enemies":"Book of Stabbing","floor":23.0,"turns":5.0},{"damage":7.0,"enemies":"Cultist and Chosen","floor":25.0,"turns":5.0},{"damage":18.0,"enemies":"Sentry and Sphere","floor":28.0,"turns":4.0},{"damage":15.0,"enemies":"Snecko","floor":30.0,"turns":6.0},{"damage":9.0,"enemies":"Shelled Parasite and Fungi","floor":31.0,"turns":7.0},{"damage":34.0,"enemies":"Automaton","floor":33.0,"turns":12.0},{"damage":0.0,"enemies":"Orb Walker","floor":35.0,"turns":4.0},{"damage":9.0,"enemies":"Mind Bloom Boss Battle","floor":36.0,"turns":6.0},{"damage":37.0,"enemies":"3 Darklings","floor":37.0,"turns":4.0},{"damage":37.0,"enemies":"4 Shapes","floor":45.0,"turns":5.0},{"damage":0,"enemies":"Maw","floor":46,"turns":7},{"damage":0,"enemies":"Jaw Worm Horde","floor":47,"turns":1},{"damage":18,"enemies":"Spire Growth","floor":48,"turns":4},{"damage":62,"enemies":"Awakened One","floor":50,"turns":6}],"seed_played":"4259265560468827297","potions_obtained":[{"floor":5.0,"key":"GhostInAJar"},{"floor":6.0,"key":"SkillPotion"},{"floor":8.0,"key":"SkillPotion"},{"floor":16.0,"key":"GhostInAJar"},{"floor":28.0,"key":"SmokeBomb"}],"is_trial":false,"path_per_floor":["M","M","?","$","M","E","R","M","T","M","E","M","M","?","R","B",null,"M","M","$","M","$","E","$","M","T","?","M","?","M","M","R","B",null,"M","?","M","$","?","R","?","R","T","R","M","M","M","M","R","B"],"character_chosen":"THE_SILENT","items_purchased":["Happy Flower","Cloak And Dagger","Backflip","Well Laid Plans","Sucker Punch","Noxious Fumes","Prepared","Caltrops","Whetstone","Glass Knife"],"campfire_rested":5,"item_purchase_floors":[4,4,4,20,20,22,22,24,38,38],"current_hp_per_floor":[70,70,70,70,68,41,62,62,62,62,62,62,62,48,69,53,70,70,69,69,63,63,46,46,39,39,39,33,33,30,33,54,32,70,70,61,36,36,54,54,54,70,70,70,45,45,45,39,60,0],"gold":64,"neow_bonus":"REMOVE_CARD","is_prod":false,"is_daily":false,"chose_seed":false,"campfire_upgraded":1,"win_rate":0,"timestamp":1550373954,"path_taken":["M","M","?","?","?","E","R","M","T","M","E","M","M","?","R","BOSS","M","M","$","M","$","E","$","M","T","?","M","?","?","M","R","BOSS","M","?","M","$","?","R","?","R","T","R","M","M","M","M","R","BOSS"],"build_version":"2019-01-23","purchased_purges":0,"victory":false,"max_hp_per_floor":[70,70,70,70,70,70,70,70,70,70,70,70,70,70,70,70,70,70,70,70,70,70,70,70,70,70,70,70,70,70,70,70,70,70,70,70,70,70,70,70,70,70,70,70,70,70,70,70,70,70],"card_choices":[{"not_picked":["Cloak And Dagger","Quick Slash"],"picked":"Dagger Spray","floor":1.0},{"not_picked":["Bane","Quick Slash"],"picked":"Deadly Poison","floor":2.0},{"not_picked":["Setup","Endless Agony"],"picked":"Cloak And Dagger","floor":5.0},{"not_picked":["Bullet Time","Poisoned Stab"],"picked":"Expertise","floor":6.0},{"not_picked":["Slice","Riddle With Holes"],"picked":"Dagger Throw","floor":8.0},{"not_picked":["Masterful Stab","Dagger Spray"],"picked":"Cloak And Dagger","floor":10.0},{"not_picked":["Setup","Flying Knee","Outmaneuver"],"picked":"SKIP","floor":11.0},{"not_picked":["Dagger Throw","Quick Slash"],"picked":"Terror","floor":12.0},{"not_picked":["Outmaneuver","Concentrate"],"picked":"Flechettes","floor":13.0},{"not_picked":["Night Terror","Burst"],"picked":"Adrenaline","floor":16.0},{"not_picked":["Underhanded Strike"],"picked":"SKIP","floor":18.0},{"not_picked":[],"picked":"Expertise","floor":19.0},{"not_picked":["Underhanded Strike"],"picked":"SKIP","floor":21.0},{"not_picked":[],"picked":"Dagger Spray","floor":23.0},{"not_picked":[],"picked":"Deadly Poison","floor":25.0},{"not_picked":[],"picked":"Cloak And Dagger+1","floor":28.0},{"not_picked":[],"picked":"Well Laid Plans+1","floor":30.0},{"not_picked":["Endless Agony"],"picked":"SKIP","floor":31.0},{"not_picked":[],"picked":"Dodge and Roll+1","floor":35.0},{"not_picked":[],"picked":"Outmaneuver+1","floor":36.0},{"not_picked":[],"picked":"Deadly Poison","floor":37.0},{"not_picked":[],"picked":"Deflect","floor":45.0},{"not_picked":[],"picked":"Dagger Throw","floor":46},{"not_picked":[],"picked":"Bouncing Flask+1","floor":48}],"player_experience":78250,"relics_obtained":[{"floor":6.0,"key":"Boot"},{"floor":9.0,"key":"Oddly Smooth Stone"},{"floor":11.0,"key":"War Paint"},{"floor":23.0,"key":"Meat on the Bone"},{"floor":36.0,"key":"Thread and Needle"},{"floor":43.0,"key":"Paper Crane"}],"event_choices":[{"damage_healed":0.0,"max_hp_gain":0.0,"max_hp_loss":0.0,"gold_gain":100.0,"event_name":"Wheel of Change","player_choice":"Gold","floor":3.0,"gold_loss":0.0,"damage_taken":0.0},{"damage_healed":0.0,"max_hp_gain":0.0,"max_hp_loss":0.0,"gold_gain":0.0,"event_name":"Shining Light","player_choice":"Entered Light","floor":14.0,"gold_loss":0.0,"damage_taken":14.0,"cards_upgraded":["Strike_G","Dagger Throw"]},{"damage_healed":0.0,"max_hp_gain":0.0,"max_hp_loss":0.0,"gold_gain":0.0,"event_name":"The Library","player_choice":"Read","floor":27.0,"gold_loss":0.0,"damage_taken":0.0,"cards_obtained":["A Thousand Cuts"]},{"cards_removed":["Deadly Poison"],"damage_healed":0.0,"max_hp_gain":0.0,"max_hp_loss":0.0,"gold_gain":0.0,"event_name":"NoteForYourself","player_choice":"Took Card","floor":29.0,"gold_loss":0.0,"damage_taken":0.0,"cards_obtained":["Strike_B"]},{"damage_healed":0.0,"max_hp_gain":0.0,"max_hp_loss":0.0,"gold_gain":0.0,"event_name":"MindBloom","player_choice":"Fight","floor":36.0,"gold_loss":0.0,"damage_taken":0.0},{"damage_healed":18.0,"max_hp_gain":0.0,"max_hp_loss":0.0,"gold_gain":0.0,"event_name":"Winding Halls","player_choice":"Writhe","floor":39.0,"gold_loss":0.0,"damage_taken":0.0,"cards_obtained":["Writhe"]},{"damage_healed":0.0,"max_hp_gain":0.0,"max_hp_loss":0.0,"gold_gain":0.0,"event_name":"Mysterious Sphere","player_choice":"Ignored","floor":41.0,"gold_loss":0.0,"damage_taken":0.0}],"is_beta":false,"boss_relics":[{"not_picked":["Tiny House","Ring of the Serpent"],"picked":"Busted Crown"},{"not_picked":["Coffee Dripper","Philosopher\u0027s Stone"],"picked":"Sozu"}],"items_purged_floors":[],"is_endless":false,"potions_floor_spawned":[5,6,8,16,19,23,28,36,37,45],"killed_by":"Awakened One","ascension_level":0}