{"gold_per_floor":[144,189,39,84,84,174,264,264],"floor_reached":8,"playtime":441,"items_purged":[],"score":66,"play_id":"202efb41-a23a-4a57-9e30-515f9d5ea35f","local_time":"20190212185126","daily_mods":["Shiny","Flight","Midas"],"is_ascension_mode":false,"campfire_choices":[{"floor":8,"key":"REST"}],"neow_cost":"","seed_source_timestamp":74505695397286,"circlet_count":0,"master_deck":["Venomology","Corpse Explosion","Malaise","Phantasmal Killer","Die Die Die","Adrenaline","Envenom","Doppelganger","Burst","Wraith Form v2","Tools of the Trade","Night Terror","Unload","After Image","Bullet Time","Storm of Steel","Glass Knife","A Thousand Cuts","Grand Finale","Finisher","Bane","Expertise","Noxious Fumes"],"special_seed":17939,"relics":["Ring of the Snake","Snake Skull","The Specimen","Girya"],"potions_floor_usage":[],"damage_taken":[{"damage":6.0,"enemies":"Cultist","floor":1.0,"turns":3.0},{"damage":0.0,"enemies":"Small Slimes","floor":2.0,"turns":2.0},{"damage":1.0,"enemies":"Jaw Worm","floor":4.0,"turns":4.0},{"damage":10.0,"enemies":"3 Sentries","floor":6.0,"turns":4.0},{"damage":32,"enemies":"Gremlin Nob","floor":7,"turns":4}],"seed_played":"1988086906776939641","potions_obtained":[],"is_trial":false,"path_per_floor":["M","M","$","M","?","E","E","R"],"character_chosen":"THE_SILENT","items_purchased":["Snake Skull"],"campfire_rested":1,"item_purchase_floors":[3],"current_hp_per_floor":[64,64,64,63,63,53,21,42],"gold":264,"neow_bonus":"","is_prod":false,"is_daily":true,"chose_seed":false,"campfire_upgraded":0,"win_rate":0,"timestamp":1549986686,"path_taken":["M","M","$","M","?","E","E","R"],"build_version":"2019-01-23","purchased_purges":0,"victory":false,"max_hp_per_floor":[70,70,70,70,70,70,70,70],"card_choices":[{"not_picked":["Footwork","Backflip"],"picked":"Finisher","floor":1.0},{"not_picked":["Prepared","Well Laid Plans"],"picked":"Bane","floor":2.0},{"not_picked":["Deflect","Predator","Escape Plan"],"picked":"SKIP","floor":4.0},{"not_picked":["Slice","Dagger Spray"],"picked":"Expertise","floor":6.0},{"not_picked":["Cloak And Dagger","Slice"],"picked":"Noxious Fumes","floor":7}],"player_experience":359207,"relics_obtained":[{"floor":6.0,"key":"The Specimen"},{"floor":7,"key":"Girya"}],"event_choices":[{"damage_healed":0.0,"max_hp_gain":0.0,"max_hp_loss":0.0,"gold_gain":0.0,"event_name":"Shining Light","player_choice":"Ignored","floor":5.0,"gold_loss":0.0,"damage_taken":0.0}],"is_beta":false,"boss_relics":[],"items_purged_floors":[],"is_endless":false,"potions_floor_spawned":[],"ascension_level":0}