{"path_per_floor":["M","?","?","M","M","E","R","E","T","R","$","M","$","M","R","B",null,"M","?","?","M","$","E","R","$","T","?","E","T","M","?","R"],"character_chosen":"THE_SILENT","items_purchased":["Happy Flower","Flying Knee","Acrobatics","Deflect","Outmaneuver","Secret Weapon","Underhanded Strike"],"gold_per_floor":[111,286,286,303,318,348,348,374,398,398,16,27,27,45,45,143,143,157,357,357,375,13,39,39,39,39,39,66,66,84,84,84,84],"floor_reached":33,"campfire_rested":4,"playtime":5004,"item_purchase_floors":[],"current_hp_per_floor":[68,68,68,68,62,42,42,11,11,32,32,32,32,32,53,39,70,65,65,65,61,61,25,46,46,46,30,5,5,5,5,26,0],"items_purged":["Doubt","Decay"],"gold":84,"score":316,"play_id":"ea40b531-2eaf-40f4-b52f-da8000c1c70c","local_time":"20180527154310","is_prod":false,"is_daily":false,"chose_seed":false,"is_ascension_mode":false,"campfire_upgraded":1,"win_rate":0.0,"timestamp":1527453790,"campfire_choices":[{"data":"Neutralize","floor":7.0,"key":"SMITH"},{"floor":10.0,"key":"REST"},{"floor":15.0,"key":"REST"},{"floor":24,"key":"REST"},{"floor":32,"key":"REST"}],"path_taken":["M","?","?","?","M","E","R","E","T","R","$","M","?","M","R","BOSS","M","?","?","M","$","E","R","?","T","?","E","?","M","?","R","BOSS"],"build_version":"2018-05-24","seed_source_timestamp":0,"purchased_purges":2,"victory":false,"master_deck":["Defend_G","Defend_G","Defend_G","Defend_G","Defend_G","Strike_G","Strike_G","Strike_G","Strike_G","Strike_G","Survivor+1","Neutralize+1","Backflip","Unload","Dagger Throw","Crippling Poison","Underhanded Strike","Backstab","Flying Knee","Acrobatics","Deflect","Terror","Outmaneuver","Phantasmal Killer+1","Distraction","Backflip+1","Outmaneuver","Secret Weapon","Underhanded Strike","Venomology","Quick Slash+1","Necronomicurse","Flying Knee","Underhanded Strike","Decay"],"max_hp_per_floor":[70,70,70,70,70,70,70,70,70,70,70,70,70,70,70,70,70,70,70,70,70,70,70,70,70,70,70,70,70,70,70,70,70],"relics":["Ring of the Snake","Boot","Bag of Preparation","Pen Nib","Happy Flower","Runic Pyramid","Dream Catcher","Girya","Necronomicon","War Paint","Toolbox"],"card_choices":[{"not_picked":["Terror","Noxious Fumes"],"picked":"Backflip","floor":1.0},{"not_picked":["Acrobatics","Deadly Poison"],"picked":"Dagger Throw","floor":4.0},{"not_picked":["Poisoned Stab","Dagger Spray"],"picked":"Crippling Poison","floor":5.0},{"not_picked":["Acrobatics","After Image"],"picked":"Underhanded Strike","floor":6.0},{"not_picked":["Deflect","All Out Attack"],"picked":"Backstab","floor":8.0},{"not_picked":["Dodge and Roll","Sucker Punch"],"picked":"Terror","floor":12.0},{"not_picked":["Dagger Throw","Night Terror"],"picked":"Outmaneuver","floor":14.0},{"not_picked":["Die Die Die","Tactician"],"picked":"Phantasmal Killer","floor":16.0},{"not_picked":["Leg Sweep","Deflect"],"picked":"Distraction","floor":18.0},{"not_picked":["Quick Slash","Deadly Poison"],"picked":"Backflip+1","floor":21.0},{"not_picked":["Dagger Throw","Flechettes"],"picked":"Venomology","floor":23},{"not_picked":["Acrobatics+1","Masterful Stab"],"picked":"Quick Slash+1","floor":24},{"not_picked":["Backflip+1","Well Laid Plans"],"picked":"Flying Knee","floor":28},{"not_picked":["Endless Agony","Escape Plan"],"picked":"Underhanded Strike","floor":30}],"player_experience":6825,"potions_floor_usage":[28,30],"damage_taken":[{"damage":2.0,"enemies":"Small Slimes","floor":1.0,"turns":6.0},{"damage":0.0,"enemies":"2 Louse","floor":4.0,"turns":3.0},{"damage":6.0,"enemies":"Cultist","floor":5.0,"turns":4.0},{"damage":20.0,"enemies":"3 Sentries","floor":6.0,"turns":14.0},{"damage":31.0,"enemies":"Gremlin Nob","floor":8.0,"turns":5.0},{"damage":0.0,"enemies":"Large Slime","floor":12.0,"turns":5.0},{"damage":0.0,"enemies":"Red Slaver","floor":14.0,"turns":1.0},{"damage":14.0,"enemies":"Slime Boss","floor":16.0,"turns":7.0},{"damage":5.0,"enemies":"Shell Parasite","floor":18.0,"turns":4.0},{"damage":4.0,"enemies":"Chosen","floor":21.0,"turns":4.0},{"damage":36.0,"enemies":"Slavers","floor":23.0,"turns":5.0},{"damage":25,"enemies":"Book of Stabbing","floor":28,"turns":6},{"damage":0,"enemies":"3 Cultists","floor":30,"turns":5},{"damage":55,"enemies":"Automaton","floor":33,"turns":6}],"relics_obtained":[{"floor":6.0,"key":"Boot"},{"floor":8.0,"key":"Bag of Preparation"},{"floor":9.0,"key":"Pen Nib"},{"floor":23,"key":"Dream Catcher"},{"floor":26,"key":"Girya"},{"floor":27,"key":"Necronomicon"},{"floor":28,"key":"War Paint"},{"floor":29,"key":"Toolbox"}],"event_choices":[{"event_name":"Liars Game","player_choice":"agreed","floor":2.0,"damage_taken":0.0},{"event_name":"Match and Keep!","player_choice":"2 cards matched","floor":3.0,"damage_taken":0.0},{"event_name":"Match and Keep!","player_choice":"2 cards matched","floor":3.0,"damage_taken":0.0},{"event_name":"Wheel of Change","player_choice":"Gold","floor":19.0,"damage_taken":0.0},{"event_name":"The Woman in Blue","player_choice":"Bought 0 Potions","floor":20.0,"damage_taken":0.0},{"event_name":"Cursed Tome","player_choice":"Obtained Book","floor":27,"damage_taken":0},{"event_name":"Forgotten Altar","player_choice":"Smashed Altar","floor":31,"damage_taken":0}],"boss_relics":[],"items_purged_floors":[],"potions_floor_spawned":[1,6,8,14,28],"seed_played":"1023190748397253147","killed_by":"Automaton","ascension_level":0,"potions_obtained":[{"floor":1.0,"key":"Fire Potion"},{"floor":6.0,"key":"Fire Potion"},{"floor":8.0,"key":"Ancient Potion"}],"is_trial":false}