{"gold_per_floor":[109,109,71,84,84,84,98,98,98,117,136,136,136,157,157,277,277,292,31,31,31,35,35,35,35,106,106,106,129,129],"floor_reached":30,"playtime":1062,"items_purged":["Strike_B"],"score":218,"play_id":"adb9d2fb-4a72-49b4-8a9b-3d8ed3e14cfc","local_time":"20190215193649","is_ascension_mode":false,"campfire_choices":[{"data":"Loop","floor":6,"key":"SMITH"},{"floor":15,"key":"REST"},{"floor":23,"key":"REST"},{"floor":27,"key":"REST"}],"neow_cost":"NONE","seed_source_timestamp":3550026165752,"circlet_count":0,"master_deck":["Strike_B","Strike_B","Defend_B","Defend_B","Defend_B","Defend_B","Zap","Dualcast","Barrage","Loop+1","Thunder Strike","Conserve Battery","FTL","Hologram","Barrage","Amplify","Barrage","White Noise","Redo"],"relics":["Cracked Core","NeowsBlessing","Golden Idol","The Courier","Snecko Eye","Lantern","Bottled Lightning"],"potions_floor_usage":[16,16,16,19,30],"damage_taken":[{"damage":0,"enemies":"Jaw Worm","floor":1,"turns":1},{"damage":0,"enemies":"Small Slimes","floor":4,"turns":1},{"damage":0,"enemies":"2 Louse","floor":7,"turns":1},{"damage":8,"enemies":"Exordium Wildlife","floor":10,"turns":5},{"damage":8,"enemies":"2 Fungi Beasts","floor":11,"turns":3},{"damage":6,"enemies":"3 Louse","floor":14,"turns":3},{"damage":36,"enemies":"Hexaghost","floor":16,"turns":11},{"damage":24,"enemies":"Spheric Guardian","floor":18,"turns":4},{"damage":30,"enemies":"Colosseum Slavers","floor":21,"turns":5},{"damage":15,"enemies":"2 Thieves","floor":22,"turns":4},{"damage":27,"enemies":"Snecko","floor":29,"turns":5},{"damage":26,"enemies":"Sentry and Sphere","floor":30,"turns":3}],"seed_played":"-3735960800025121880","potions_obtained":[{"floor":7,"key":"GamblersBrew"},{"floor":10,"key":"SkillPotion"},{"floor":11,"key":"Energy Potion"},{"floor":22,"key":"EssenceOfSteel"},{"floor":29,"key":"Poison Potion"}],"is_trial":false,"path_per_floor":["M","?","$","M","?","R","M","?","T","M","M","?","$","M","R","B",null,"M","$","?","?","M","R","?","?","T","R","?","M","M"],"character_chosen":"DEFECT","items_purchased":["Loop","Lantern","Fruit Juice"],"campfire_rested":3,"item_purchase_floors":[3,19,19],"current_hp_per_floor":[75,57,57,57,57,57,57,50,50,42,34,34,34,28,50,14,75,51,56,56,26,11,35,26,26,26,50,50,23,0],"gold":129,"neow_bonus":"THREE_ENEMY_KILL","is_prod":false,"is_daily":false,"chose_seed":false,"campfire_upgraded":1,"win_rate":0,"timestamp":1550277409,"path_taken":["M","?","$","M","?","R","M","?","T","M","M","?","$","M","R","BOSS","M","$","?","?","M","R","?","?","T","R","?","M","M"],"build_version":"2019-01-23","purchased_purges":1,"victory":false,"max_hp_per_floor":[75,75,75,75,75,75,75,75,75,75,75,75,75,75,75,75,75,75,80,80,80,80,80,80,80,80,80,80,80,80],"card_choices":[{"not_picked":["Go for the Eyes","Turbo"],"picked":"Barrage","floor":1},{"not_picked":["Barrage","Sweeping Beam"],"picked":"Thunder Strike","floor":4},{"not_picked":["Capacitor","Sweeping Beam"],"picked":"Conserve Battery","floor":7},{"not_picked":["Seek","Redo"],"picked":"FTL","floor":10},{"not_picked":["Reinforced Body","Hello World"],"picked":"Hologram","floor":11},{"not_picked":["Leap","Cold Snap"],"picked":"Barrage","floor":14},{"not_picked":["Buffer","Seek"],"picked":"Amplify","floor":16},{"not_picked":["Turbo","Stack+1"],"picked":"Barrage","floor":18},{"not_picked":["Steam Power","Hologram"],"picked":"White Noise","floor":22},{"not_picked":["Coolheaded+1","Aggregate"],"picked":"Redo","floor":29}],"player_experience":46363,"relics_obtained":[{"floor":9,"key":"The Courier"},{"floor":26,"key":"Bottled Lightning"}],"event_choices":[{"damage_healed":0,"gold_gain":0,"player_choice":"Take Damage","damage_taken":18,"relics_obtained":["Golden Idol"],"max_hp_gain":0,"max_hp_loss":0,"event_name":"Golden Idol","floor":2,"gold_loss":0},{"damage_healed":0,"gold_gain":0,"player_choice":"Ignored","damage_taken":0,"max_hp_gain":0,"max_hp_loss":0,"event_name":"Liars Game","floor":5,"gold_loss":0},{"damage_healed":0,"gold_gain":0,"player_choice":"Fled","damage_taken":7,"max_hp_gain":0,"max_hp_loss":0,"event_name":"Scrap Ooze","floor":8,"gold_loss":0},{"damage_healed":0,"gold_gain":0,"player_choice":"Ignored","damage_taken":0,"max_hp_gain":0,"max_hp_loss":0,"event_name":"Shining Light","floor":12,"gold_loss":0},{"cards_removed":["Strike_B"],"damage_healed":0,"gold_gain":0,"player_choice":"Elegance","damage_taken":0,"max_hp_gain":0,"max_hp_loss":0,"event_name":"Back to Basics","floor":20,"gold_loss":0},{"damage_healed":0,"gold_gain":0,"player_choice":"Fight","damage_taken":0,"max_hp_gain":0,"max_hp_loss":0,"event_name":"Colosseum","floor":21,"gold_loss":0},{"damage_healed":0,"gold_gain":0,"player_choice":"Fled From Nobs","damage_taken":0,"max_hp_gain":0,"max_hp_loss":0,"event_name":"Colosseum","floor":21,"gold_loss":0},{"damage_healed":0,"gold_gain":0,"player_choice":"Stopped","damage_taken":9,"max_hp_gain":0,"max_hp_loss":0,"event_name":"Cursed Tome","floor":24,"gold_loss":0},{"damage_healed":0,"gold_gain":0,"player_choice":"Ignored","damage_taken":0,"max_hp_gain":0,"max_hp_loss":0,"event_name":"Beggar","floor":25,"gold_loss":0},{"damage_healed":0,"gold_gain":0,"player_choice":"Ignored","damage_taken":0,"max_hp_gain":0,"max_hp_loss":0,"event_name":"Vampires","floor":28,"gold_loss":0}],"is_beta":false,"boss_relics":[{"not_picked":["Lizard Tail","Runic Pyramid"],"picked":"Snecko Eye"}],"items_purged_floors":[19],"is_endless":false,"potions_floor_spawned":[7,10,11,14,22,29],"killed_by":"Sentry and Sphere","ascension_level":0}