{"gold_per_floor":[115,133,133,133,152,178,178,188,188,188,37,55,101,101,101,205,205,221,221,149,149,165,165,200,200],"floor_reached":25,"playtime":1566,"items_purged":[],"score":219,"play_id":"da592756-6d9a-4af3-b7c9-7d592f09b4cc","local_time":"20181113080516","is_ascension_mode":false,"campfire_choices":[{"floor":7,"key":"REST"},{"data":"Blood for Blood","floor":10,"key":"SMITH"},{"floor":15,"key":"REST"},{"floor":23,"key":"REST"}],"neow_cost":"TEN_PERCENT_HP_LOSS","seed_source_timestamp":311768012785031,"circlet_count":0,"master_deck":["Strike_R","Strike_R","Strike_R","Strike_R","Strike_R","Defend_R","Defend_R","Defend_R","Defend_R","Bash","Deep Breath","Forethought","Wild Strike+1","Inflame","Corruption","Blood for Blood+1","Rampage","Headbutt+1","Spot Weakness","Evolve","Feel No Pain"],"special_seed":0,"relics":["Burning Blood","Juzu Bracelet","Gremlin Horn","Omamori","Regal Pillow","Runic Cube","WingedGreaves","Ornamental Fan"],"potions_floor_usage":[16,16,24],"damage_taken":[{"damage":5,"enemies":"2 Louse","floor":1,"turns":2},{"damage":2,"enemies":"Small Slimes","floor":2,"turns":4},{"damage":1,"enemies":"Jaw Worm","floor":5,"turns":3},{"damage":38,"enemies":"3 Sentries","floor":6,"turns":8},{"damage":5,"enemies":"Looter","floor":8,"turns":3},{"damage":11,"enemies":"Lots of Slimes","floor":12,"turns":4},{"damage":55,"enemies":"Hexaghost","floor":16,"turns":7},{"damage":15,"enemies":"3 Byrds","floor":18,"turns":4},{"damage":17,"enemies":"Shell Parasite","floor":22,"turns":4},{"damage":63,"enemies":"Slavers","floor":24,"turns":5},{"damage":21,"enemies":"Centurion and Healer","floor":25,"turns":3}],"seed_played":"2563701719698160717","potions_obtained":[{"floor":1,"key":"AttackPotion"},{"floor":2,"key":"Ancient Potion"},{"floor":8,"key":"Swift Potion"},{"floor":22,"key":"Explosive Potion"}],"is_trial":false,"path_per_floor":["M","M","?","?","M","E","R","M","T","R","$","M","T","?","R","B",null,"M","?","$","?","M","R","E","M"],"character_chosen":"IRONCLAD","items_purchased":["Omamori","Spot Weakness"],"campfire_rested":3,"item_purchase_floors":[11,20],"current_hp_per_floor":[72,72,72,72,72,40,61,62,62,62,62,57,57,57,72,23,72,63,63,63,63,52,72,15,0],"gold":200,"neow_bonus":"RANDOM_COLORLESS_2","is_prod":false,"is_daily":false,"chose_seed":false,"campfire_upgraded":1,"win_rate":0.0,"timestamp":1542085516,"path_taken":["M","M","?","?","M","E","R","M","T","R","$","M","?","?","R","BOSS","M","?","$","?","M","R","E","M"],"build_version":"2018-11-08","purchased_purges":0,"victory":false,"max_hp_per_floor":[72,72,72,72,72,72,72,72,72,72,72,72,72,72,72,72,72,72,72,72,72,72,72,72,72],"card_choices":[{"not_picked":["Thunderclap","Havoc"],"picked":"Wild Strike","floor":1},{"not_picked":["Cleave","Power Through"],"picked":"Inflame","floor":2},{"not_picked":["Carnage","Twin Strike","Iron Wave"],"picked":"SKIP","floor":5},{"not_picked":["Fire Breathing","Pummel"],"picked":"Corruption","floor":6},{"not_picked":["Whirlwind","Intimidate"],"picked":"Blood for Blood","floor":8},{"not_picked":["Entrench","Headbutt"],"picked":"Rampage","floor":12},{"not_picked":["Warcry","Rupture"],"picked":"Headbutt+1","floor":18},{"not_picked":["Armaments","Clash"],"picked":"Evolve","floor":22},{"not_picked":["Evolve","Fire Breathing+1"],"picked":"Feel No Pain","floor":24}],"player_experience":130129,"relics_obtained":[{"floor":6,"key":"Juzu Bracelet"},{"floor":9,"key":"Gremlin Horn"},{"floor":13,"key":"Regal Pillow"},{"floor":24,"key":"Ornamental Fan"}],"event_choices":[{"damage_healed":0,"gold_gain":0,"player_choice":"Grow","damage_taken":0,"max_hp_gain":0,"max_hp_loss":0,"event_name":"Living Wall","floor":3,"gold_loss":0,"cards_upgraded":["Wild Strike"]},{"damage_healed":0,"gold_gain":0,"player_choice":"Leave","damage_taken":0,"max_hp_gain":0,"max_hp_loss":0,"event_name":"The Cleric","floor":4,"gold_loss":0},{"damage_healed":0,"gold_gain":0,"player_choice":"Cursed","damage_taken":0,"max_hp_gain":0,"max_hp_loss":0,"event_name":"Wheel of Change","floor":14,"gold_loss":0,"cards_obtained":["Decay"]},{"damage_healed":0,"gold_gain":0,"player_choice":"Opened","damage_taken":0,"relics_obtained":["WingedGreaves"],"max_hp_gain":0,"max_hp_loss":0,"event_name":"The Mausoleum","floor":19,"gold_loss":0},{"damage_healed":0,"gold_gain":0,"player_choice":"Bought 0 Potions","damage_taken":0,"max_hp_gain":0,"max_hp_loss":0,"event_name":"The Woman in Blue","floor":21,"gold_loss":0}],"is_beta":false,"boss_relics":[{"not_picked":["Fusion Hammer","Ectoplasm"],"picked":"Runic Cube"}],"items_purged_floors":[],"is_endless":false,"potions_floor_spawned":[1,2,8,22],"killed_by":"Centurion and Healer","ascension_level":0}