{"gold_per_floor":[118,118,132,132,146,178,194,194],"floor_reached":8,"playtime":250,"items_purged":[],"score":58,"play_id":"57816667-9677-49b6-8963-c50a6a51f9df","local_time":"20190215183006","is_ascension_mode":false,"campfire_choices":[],"neow_cost":"NONE","seed_source_timestamp":360078263941,"circlet_count":0,"master_deck":["Strike_B","Strike_B","Strike_B","Strike_B","Defend_B","Defend_B","Defend_B","Zap","Dualcast","Genetic Algorithm+1","Gash","Redo","Leap","Stack"],"relics":["Cracked Core","NeowsBlessing","Bottled Lightning"],"potions_floor_usage":[6],"damage_taken":[{"damage":0,"enemies":"Small Slimes","floor":1,"turns":1},{"damage":0,"enemies":"Cultist","floor":3,"turns":1},{"damage":0,"enemies":"Jaw Worm","floor":5,"turns":1},{"damage":60,"enemies":"Gremlin Nob","floor":6,"turns":6},{"damage":9,"enemies":"Red Slaver","floor":7,"turns":3},{"damage":12,"enemies":"3 Louse","floor":8,"turns":2}],"seed_played":"4579266104052485528","potions_obtained":[{"floor":1,"key":"Regen Potion"}],"is_trial":false,"path_per_floor":["M","?","M","?","M","E","M","M"],"character_chosen":"DEFECT","items_purchased":[],"campfire_rested":0,"item_purchase_floors":[],"current_hp_per_floor":[75,75,75,75,75,20,11,0],"gold":194,"neow_bonus":"THREE_ENEMY_KILL","is_prod":false,"is_daily":false,"chose_seed":false,"campfire_upgraded":0,"win_rate":0,"timestamp":1550273406,"path_taken":["M","?","?","?","M","E","?","M"],"build_version":"2019-01-23","purchased_purges":0,"victory":false,"max_hp_per_floor":[75,75,75,75,75,75,75,75],"card_choices":[{"not_picked":["Conserve Battery","Redo"],"picked":"Genetic Algorithm","floor":1},{"not_picked":["Compile Driver","Stack"],"picked":"Gash","floor":3},{"not_picked":["Compile Driver","Chaos"],"picked":"Redo","floor":5},{"not_picked":["Compile Driver","Streamline"],"picked":"Leap","floor":6},{"not_picked":["Leap","Undo"],"picked":"Stack","floor":7}],"player_experience":43208,"relics_obtained":[{"floor":6,"key":"Bottled Lightning"}],"event_choices":[{"cards_removed":["Defend_B"],"damage_healed":0,"gold_gain":0,"player_choice":"Purged","damage_taken":0,"max_hp_gain":0,"max_hp_loss":0,"event_name":"Purifier","floor":2,"gold_loss":0},{"damage_healed":0,"gold_gain":0,"player_choice":"Forge","damage_taken":0,"max_hp_gain":0,"max_hp_loss":0,"event_name":"Accursed Blacksmith","floor":4,"gold_loss":0,"cards_upgraded":["Genetic Algorithm"]}],"is_beta":false,"boss_relics":[],"items_purged_floors":[],"is_endless":false,"potions_floor_spawned":[1],"killed_by":"3 Louse","ascension_level":0}