{"gold_per_floor":[109,59,59,59,69,101,115,143,168,194,194,204,204,204,204,334,334,350,350,201,201,201,240,260,260,260,260,310,310,350,366,366,485,485,506,520,67,80,7,32,32,51,51,27,27,66,66,89,89,89],"floor_reached":50,"playtime":6726,"items_purged":["Strike_B"],"score":647,"play_id":"0a50d8d0-a78f-4614-8eda-a8cf8d54ca57","local_time":"20190212234514","is_ascension_mode":true,"campfire_choices":[{"data":"Streamline","floor":11,"key":"SMITH"},{"floor":15,"key":"REST"},{"data":"Zap","floor":25,"key":"SMITH"},{"data":"Loop","floor":27,"key":"SMITH"},{"floor":29,"key":"REST"},{"data":"Echo Form","floor":32,"key":"SMITH"},{"data":"Seek","floor":41,"key":"SMITH"},{"floor":47,"key":"REST"},{"data":"Secret Technique","floor":49,"key":"SMITH"}],"neow_cost":"NONE","seed_source_timestamp":1399361701984588,"circlet_count":0,"master_deck":["Strike_B+1","Defend_B","Defend_B","Defend_B","Defend_B","Zap+1","Dualcast","FTL","Amplify","Rebound+1","Sunder","Streamline+1","Cold Snap","Machine Learning","Ball Lightning+1","Self Repair","Loop+1","RitualDagger+1","Leap+1","Beam Cell+1","Rebound+1","Echo Form+1","Seek+1","Fusion","Loop","Force Field","Secret Technique+1","Multi-Cast","Self Repair","Amplify","Hologram","PanicButton","Undo+1","Defragment"],"relics":["Cracked Core","NeowsBlessing","Matryoshka","Blood Vial","Shuriken","Bag of Preparation","Odd Mushroom","Molten Egg 2","DataDisk","Golden Idol","Sozu","Nloth\u0027s Gift","Whetstone","Bottled Tornado","Ornamental Fan","Lizard Tail","Centennial Puzzle","Juzu Bracelet","Gremlin Horn","The Courier"],"potions_floor_usage":[8,18,23],"damage_taken":[{"damage":0,"enemies":"Cultist","floor":1,"turns":1},{"damage":0,"enemies":"Jaw Worm","floor":5,"turns":1},{"damage":0,"enemies":"Lagavulin","floor":6,"turns":1},{"damage":0,"enemies":"2 Louse","floor":7,"turns":3},{"damage":30,"enemies":"3 Sentries","floor":8,"turns":8},{"damage":9,"enemies":"The Mushroom Lair","floor":10,"turns":3},{"damage":8,"enemies":"Blue Slaver","floor":12,"turns":3},{"damage":35,"enemies":"The Guardian","floor":16,"turns":8},{"damage":4,"enemies":"2 Thieves","floor":18,"turns":3},{"damage":35,"enemies":"Book of Stabbing","floor":23,"turns":4},{"damage":11,"enemies":"Shell Parasite","floor":24,"turns":4},{"damage":22,"enemies":"Slavers","floor":30,"turns":4},{"damage":5,"enemies":"3 Cultists","floor":31,"turns":4},{"damage":19,"enemies":"Collector","floor":33,"turns":7},{"damage":41,"enemies":"3 Darklings","floor":35,"turns":5},{"damage":0,"enemies":"3 Shapes","floor":36,"turns":3},{"damage":30,"enemies":"Maw","floor":38,"turns":7},{"damage":0,"enemies":"Sphere and 2 Shapes","floor":40,"turns":4},{"damage":16,"enemies":"Spire Growth","floor":42,"turns":4},{"damage":17,"enemies":"Nemesis","floor":46,"turns":3},{"damage":23,"enemies":"3 Darklings","floor":48,"turns":8},{"damage":70,"enemies":"Time Eater","floor":50,"turns":6}],"seed_played":"-7424475118578743815","potions_obtained":[{"floor":7,"key":"AttackPotion"},{"floor":8,"key":"FearPotion"},{"floor":10,"key":"GamblersBrew"}],"is_trial":false,"path_per_floor":["M","?","T","?","M","E","M","E","T","?","R","M","T","?","R","B",null,"M","?","$","?","?","E","M","R","T","R","?","R","E","M","R","B",null,"M","M","$","M","?","M","R","M","T","$","?","E","R","M","R","B"],"character_chosen":"DEFECT","items_purchased":["Loop","Loop","Force Field","Secret Technique","Centennial Puzzle","Hologram"],"campfire_rested":3,"item_purchase_floors":[20,37,37,37,37,44],"current_hp_per_floor":[75,75,75,68,68,68,70,42,52,45,45,39,39,39,62,29,79,75,75,75,69,69,43,48,48,48,48,48,71,65,62,62,52,79,38,40,40,19,19,21,21,14,14,14,14,39,62,62,62,0],"gold":89,"neow_bonus":"THREE_ENEMY_KILL","is_prod":false,"is_daily":false,"chose_seed":false,"campfire_upgraded":6,"win_rate":0,"timestamp":1550036714,"path_taken":["M","?","?","?","M","E","M","E","T","?","R","?","?","?","R","BOSS","M","?","$","?","?","E","?","R","T","R","?","R","E","M","R","BOSS","M","M","$","?","?","M","R","M","T","$","?","E","R","M","R","BOSS"],"build_version":"2019-01-23","purchased_purges":1,"victory":false,"max_hp_per_floor":[75,75,75,75,75,75,75,75,85,85,85,85,85,79,79,79,79,79,79,79,79,79,79,79,79,79,79,79,79,79,79,79,79,79,79,79,79,79,79,79,79,79,79,79,79,79,79,79,79,79],"card_choices":[{"not_picked":["Barrage","Compile Driver","Stack"],"picked":"SKIP","floor":1},{"not_picked":["Leap","Chill"],"picked":"FTL","floor":5},{"not_picked":["Hologram","Loop"],"picked":"Amplify","floor":6},{"not_picked":["Turbo","Leap"],"picked":"Rebound","floor":7},{"not_picked":["Turbo","FTL"],"picked":"Sunder","floor":8},{"not_picked":["Blizzard","Beam Cell"],"picked":"Streamline","floor":10},{"not_picked":["Compile Driver","Force Field"],"picked":"Cold Snap","floor":12},{"not_picked":["Rainbow","Multi-Cast"],"picked":"Machine Learning","floor":16},{"not_picked":["Turbo","Sweeping Beam+1"],"picked":"Ball Lightning+1","floor":18},{"not_picked":["Gash+1","Sweeping Beam+1"],"picked":"Leap+1","floor":23},{"not_picked":["Leap","Meteor Strike+1"],"picked":"Beam Cell+1","floor":24},{"not_picked":["Chill","Compile Driver+1"],"picked":"Rebound+1","floor":30},{"not_picked":["Barrage+1","Stack"],"picked":"Echo Form","floor":31},{"not_picked":["Fission","Reboot"],"picked":"Seek","floor":33},{"not_picked":["Redo+1","Compile Driver+1","Barrage+1"],"picked":"SKIP","floor":35},{"not_picked":["Hologram","Beam Cell+1"],"picked":"Fusion","floor":36},{"not_picked":["Gash+1","Coolheaded"],"picked":"Multi-Cast","floor":38},{"not_picked":["Leap+1","Redo"],"picked":"Self Repair","floor":40},{"not_picked":["Rebound+1","Redo"],"picked":"Amplify","floor":42},{"not_picked":["Bandage Up","Panacea"],"picked":"PanicButton","floor":45},{"not_picked":["All For One+1","Leap"],"picked":"Undo+1","floor":46},{"not_picked":["Undo+1","FTL+1"],"picked":"Defragment","floor":48}],"player_experience":475597,"relics_obtained":[{"floor":3,"key":"Matryoshka"},{"floor":6,"key":"Blood Vial"},{"floor":8,"key":"Shuriken"},{"floor":9,"key":"Pear"},{"floor":9,"key":"Bag of Preparation"},{"floor":10,"key":"Odd Mushroom"},{"floor":13,"key":"Molten Egg 2"},{"floor":13,"key":"DataDisk"},{"floor":23,"key":"Whetstone"},{"floor":26,"key":"Bottled Tornado"},{"floor":30,"key":"Ornamental Fan"},{"floor":43,"key":"Gremlin Horn"},{"floor":46,"key":"The Courier"}],"event_choices":[{"cards_removed":["Strike_B"],"damage_healed":0,"gold_gain":0,"player_choice":"Card Removal","damage_taken":0,"max_hp_gain":0,"max_hp_loss":0,"event_name":"The Cleric","floor":2,"gold_loss":50},{"cards_removed":["Strike_B"],"damage_healed":0,"gold_gain":0,"player_choice":"Card Removal","damage_taken":7,"max_hp_gain":0,"max_hp_loss":0,"event_name":"Golden Wing","floor":4,"gold_loss":0},{"damage_healed":0,"gold_gain":0,"player_choice":"Fought Mushrooms","damage_taken":0,"max_hp_gain":0,"max_hp_loss":0,"event_name":"Mushrooms","floor":10,"gold_loss":0},{"damage_healed":0,"gold_gain":0,"player_choice":"Lose Max HP","damage_taken":0,"relics_obtained":["Golden Idol"],"max_hp_gain":0,"max_hp_loss":6,"event_name":"Golden Idol","floor":14,"gold_loss":0},{"damage_healed":0,"gold_gain":0,"player_choice":"Read","damage_taken":0,"max_hp_gain":0,"max_hp_loss":0,"event_name":"The Library","floor":19,"gold_loss":0,"cards_obtained":["Self Repair"]},{"damage_healed":0,"gold_gain":0,"player_choice":"Joined the Cult","damage_taken":6,"max_hp_gain":0,"max_hp_loss":0,"event_name":"Nest","floor":21,"gold_loss":0,"cards_obtained":["RitualDagger"]},{"damage_healed":0,"gold_gain":0,"player_choice":"Traded Relic","damage_taken":0,"relics_obtained":["Nloth\u0027s Gift"],"max_hp_gain":0,"max_hp_loss":0,"event_name":"N\u0027loth","floor":22,"relics_lost":["Pear"],"gold_loss":0},{"damage_healed":0,"gold_gain":100,"player_choice":"Bet on Murderer","damage_taken":0,"max_hp_gain":0,"max_hp_loss":0,"event_name":"The Joust","floor":28,"gold_loss":50},{"damage_healed":0,"gold_gain":0,"player_choice":"Paid Gold","damage_taken":0,"relics_obtained":["Juzu Bracelet"],"max_hp_gain":0,"max_hp_loss":0,"event_name":"WeMeetAgain","floor":39,"gold_loss":73},{"damage_healed":0,"gold_gain":0,"player_choice":"Memory 1","damage_taken":0,"max_hp_gain":0,"max_hp_loss":0,"event_name":"SensoryStone","floor":45,"gold_loss":0}],"is_beta":false,"boss_relics":[{"not_picked":["Eternal Feather","Empty Cage"],"picked":"Sozu"},{"not_picked":["White Beast Statue","Astrolabe"],"picked":"Lizard Tail"}],"items_purged_floors":[20],"is_endless":false,"potions_floor_spawned":[7,8,10,24,30,35,38,42,46,48],"killed_by":"Time Eater","ascension_level":3}