{"gold_per_floor":[111,111,111,127,302,334,2,20,20,33,52,71,103,103,103,203,203,213,233,14,31,48,73,73,86,138,138,237,88,0,0,0,0],"floor_reached":33,"playtime":1867,"items_purged":["Doubt"],"score":327,"play_id":"9abfb1b5-7f72-451c-b9ea-281336d06ecc","local_time":"20180717022555","is_ascension_mode":false,"campfire_choices":[{"floor":15.0,"key":"REST"},{"floor":24,"key":"REST"},{"floor":27,"key":"REST"},{"floor":32,"key":"REST"}],"neow_cost":"NONE","seed_source_timestamp":811397858442883,"circlet_count":0,"master_deck":["Strike_B","Strike_B","Strike_B","Defend_B","Defend_B","Defend_B","Defend_B","Zap","Dualcast+1","Capacitor","Sweeping Beam","Heatsinks+1","Redo","Storm+1","Double Energy","Buffer+1","Rainbow","Rainbow","Ball Lightning","Cold Snap","Static Discharge+1","Streamline+1","White Noise","Sunder","Lockon"],"special_seed":0,"relics":["Cracked Core","NeowsBlessing","Frozen Egg 2","Cables","Vajra","Mercury Hourglass","Lizard Tail","Juzu Bracelet","Gambling Chip","Boot","Strawberry"],"potions_floor_usage":[23,23,33],"damage_taken":[{"damage":0.0,"enemies":"Cultist","floor":1.0,"turns":1.0},{"damage":0.0,"enemies":"2 Louse","floor":4.0,"turns":1.0},{"damage":0.0,"enemies":"3 Sentries","floor":6.0,"turns":1.0},{"damage":0.0,"enemies":"Small Slimes","floor":8.0,"turns":3.0},{"damage":10.0,"enemies":"Looter","floor":10.0,"turns":2.0},{"damage":14.0,"enemies":"Exordium Wildlife","floor":11.0,"turns":3.0},{"damage":0.0,"enemies":"Large Slime","floor":12.0,"turns":4.0},{"damage":0.0,"enemies":"Gremlin Nob","floor":13.0,"turns":4.0},{"damage":48.0,"enemies":"Hexaghost","floor":16.0,"turns":8.0},{"damage":13.0,"enemies":"2 Thieves","floor":18.0,"turns":3.0},{"damage":0.0,"enemies":"Spheric Guardian","floor":19.0,"turns":4.0},{"damage":35.0,"enemies":"Cultist and Chosen","floor":21.0,"turns":5.0},{"damage":16.0,"enemies":"Centurion and Healer","floor":22.0,"turns":5.0},{"damage":38,"enemies":"Slavers","floor":23,"turns":6},{"damage":21,"enemies":"Snake Plant","floor":25,"turns":2},{"damage":70,"enemies":"Automaton","floor":33,"turns":8}],"seed_played":"9099365054513502721","potions_obtained":[{"floor":6.0,"key":"Poison Potion"},{"floor":10.0,"key":"Block Potion"},{"floor":11.0,"key":"SkillPotion"},{"floor":19.0,"key":"GamblersBrew"},{"floor":21.0,"key":"SpeedPotion"},{"floor":25,"key":"LiquidBronze"}],"is_trial":false,"path_per_floor":["M","?","?","M","?","E","$","M","T","M","M","M","E","?","R","B",null,"M","M","$","M","M","E","R","M","T","R","?","$","?","$","R"],"character_chosen":"DEFECT","items_purchased":["Cables","Juzu Bracelet","Static Discharge+1","Strawberry"],"campfire_rested":4,"item_purchase_floors":[7,20,20,29],"current_hp_per_floor":[75,75,75,75,75,75,75,75,75,65,51,51,51,51,73,25,75,62,62,62,27,11,11,33,12,12,34,34,41,41,41,65,0],"gold":0,"neow_bonus":"THREE_ENEMY_KILL","is_prod":false,"is_daily":false,"chose_seed":false,"campfire_upgraded":0,"win_rate":0,"timestamp":1531783555,"path_taken":["M","?","?","M","?","E","$","M","T","M","?","M","E","?","R","BOSS","M","M","$","M","M","E","R","M","T","R","?","?","?","$","R","BOSS"],"build_version":"2018-07-12","purchased_purges":1,"victory":false,"max_hp_per_floor":[75,75,75,75,75,75,75,75,75,75,75,75,75,75,75,75,75,75,75,75,75,75,75,75,75,75,75,75,82,82,82,82,82],"card_choices":[{"not_picked":["Cold Snap","Undo"],"picked":"Capacitor","floor":1.0},{"not_picked":["Rebound","Compile Driver"],"picked":"Sweeping Beam","floor":4.0},{"not_picked":["Streamline","Aggregate"],"picked":"Heatsinks","floor":6.0},{"not_picked":["Gash","Streamline"],"picked":"Redo","floor":8.0},{"not_picked":["Machine Learning+1","Conserve Battery"],"picked":"Storm+1","floor":10.0},{"not_picked":["Ball Lightning","Conserve Battery"],"picked":"Double Energy","floor":11.0},{"not_picked":["Consume","Conserve Battery"],"picked":"Buffer+1","floor":12.0},{"not_picked":["Tempest","Creative AI+1"],"picked":"Rainbow","floor":13.0},{"not_picked":["Core Surge","Fission"],"picked":"Rainbow","floor":16.0},{"not_picked":["Heatsinks+1","Storm+1"],"picked":"Ball Lightning","floor":18.0},{"not_picked":["Stack","Force Field"],"picked":"Cold Snap","floor":19.0},{"not_picked":["Beam Cell","Compile Driver"],"picked":"Streamline+1","floor":21.0},{"not_picked":["Coolheaded","Melter+1"],"picked":"White Noise","floor":22.0},{"not_picked":["Turbo","Core Surge"],"picked":"Sunder","floor":23},{"not_picked":["Beam Cell","Go for the Eyes"],"picked":"Lockon","floor":25}],"player_experience":108831,"relics_obtained":[{"floor":6.0,"key":"Frozen Egg 2"},{"floor":9.0,"key":"Vajra"},{"floor":13.0,"key":"Mercury Hourglass"},{"floor":23,"key":"Gambling Chip"},{"floor":26,"key":"Boot"}],"event_choices":[{"event_name":"Bonfire Elementals","player_choice":"BASIC","floor":2.0,"damage_taken":0.0},{"event_name":"Living Wall","player_choice":"Grow","floor":3.0,"damage_taken":0.0},{"event_name":"Liars Game","player_choice":"agreed","floor":5.0,"damage_taken":0.0},{"event_name":"Scrap Ooze","player_choice":"unsuccessful","floor":14.0,"damage_taken":0.0},{"event_name":"Nest","player_choice":"Stole From Cult","floor":28,"damage_taken":0},{"event_name":"Masked Bandits","player_choice":"Paid Bandits 88 gold","floor":30,"damage_taken":0}],"boss_relics":[{"not_picked":["Empty Cage","Coffee Dripper"],"picked":"Lizard Tail"}],"items_purged_floors":[7],"is_endless":false,"potions_floor_spawned":[6,10,11,13,19,21,25],"killed_by":"Automaton","ascension_level":0}