{"gold_per_floor":[116,116,5,5,28,59,78,101,101,101,115,115,136,157,157,280,280,299,323,323,598,611,611,628,643,666,936,956,966,361,374,374,471,471,481,481,499,499,21,21,76,76,76,96,108,108,125,27,27,27],"floor_reached":50,"playtime":2477,"items_purged":["Injury","Stack"],"score":498,"play_id":"f4c89181-8354-4e7e-8a95-102a9829ddd1","local_time":"20190216142126","is_ascension_mode":false,"campfire_choices":[{"floor":12,"key":"RECALL"},{"floor":15,"key":"REST"},{"data":"Storm","floor":23,"key":"SMITH"},{"floor":32,"key":"REST"},{"floor":40,"key":"REST"},{"floor":42,"key":"REST"},{"floor":46,"key":"REST"},{"floor":49,"key":"REST"}],"neow_cost":"NONE","seed_source_timestamp":22948539842343,"circlet_count":0,"master_deck":["Zap+1","Dualcast+1","Coolheaded+1","BootSequence+1","Hyperbeam+1","Turbo+1","Self Repair+1","Conserve Battery+1","Melter+1","Capacitor+1","Thunder Strike+1","Sunder+1","All For One+1","BootSequence+1","Core Surge+1","Conserve Battery+1","Storm+1","White Noise+1","Doom and Gloom+1","Coolheaded+1","Barrage+1","Redo+1","Heatsinks+1","Ball Lightning+1","Chaos+1","Meteor Strike+1","Sweeping Beam+1","Barrage+1"],"relics":["Cracked Core","NeowsBlessing","Bloody Idol","Omamori","Pen Nib","Pandora\u0027s Box","Vajra","Blue Candle","Potion Belt","Runic Pyramid","Mark of the Bloom","Membership Card","Bird Faced Urn","Cables","Torii","Singing Bowl","Runic Capacitor"],"potions_floor_usage":[16,16,33,33,50,50],"damage_taken":[{"damage":0,"enemies":"Cultist","floor":1,"turns":1},{"damage":0,"enemies":"2 Louse","floor":5,"turns":1},{"damage":0,"enemies":"Gremlin Nob","floor":6,"turns":1},{"damage":1,"enemies":"Jaw Worm","floor":7,"turns":2},{"damage":0,"enemies":"3 Louse","floor":11,"turns":1},{"damage":0,"enemies":"2 Fungi Beasts","floor":13,"turns":1},{"damage":0,"enemies":"Red Slaver","floor":14,"turns":2},{"damage":54,"enemies":"The Guardian","floor":16,"turns":15},{"damage":18,"enemies":"2 Thieves","floor":18,"turns":4},{"damage":0,"enemies":"Chosen","floor":19,"turns":5},{"damage":19,"enemies":"Snake Plant","floor":22,"turns":4},{"damage":16,"enemies":"Centurion and Healer","floor":24,"turns":5},{"damage":10,"enemies":"Cultist and Chosen","floor":25,"turns":6},{"damage":8,"enemies":"3 Cultists","floor":28,"turns":3},{"damage":32,"enemies":"Snake Plant","floor":29,"turns":4},{"damage":20,"enemies":"Chosen and Byrds","floor":31,"turns":6},{"damage":5,"enemies":"Champ","floor":33,"turns":6},{"damage":6,"enemies":"Orb Walker","floor":35,"turns":4},{"damage":11,"enemies":"3 Shapes","floor":37,"turns":3},{"damage":28,"enemies":"2 Orb Walkers","floor":41,"turns":3},{"damage":6,"enemies":"Jaw Worm Horde","floor":44,"turns":4},{"damage":0,"enemies":"Transient","floor":45,"turns":5},{"damage":18,"enemies":"3 Darklings","floor":47,"turns":3},{"damage":14,"enemies":"Awakened One","floor":50,"turns":2}],"seed_played":"639976737340431586","potions_obtained":[{"floor":1,"key":"Swift Potion"},{"floor":5,"key":"Swift Potion"},{"floor":14,"key":"Regen Potion"},{"floor":22,"key":"PowerPotion"},{"floor":24,"key":"FearPotion"},{"floor":31,"key":"Dexterity Potion"},{"floor":33,"key":"SpeedPotion"},{"floor":35,"key":"Block Potion"},{"floor":37,"key":"SkillPotion"}],"is_trial":false,"path_per_floor":["M","?","$","?","M","E","M","T","T","?","M","R","M","M","R","B",null,"M","M","?","?","M","R","M","M","T","?","M","M","$","M","R","B",null,"M","?","M","?","$","R","?","R","T","M","M","R","M","$","R","B"],"character_chosen":"DEFECT","items_purchased":["BootSequence","Ball Lightning","Blue Candle","Potion Belt","FairyPotion","Membership Card","Bird Faced Urn","Cables","Runic Capacitor"],"campfire_rested":6,"item_purchase_floors":[3,30,30,30,30,39,39,39,48],"current_hp_per_floor":[75,75,75,75,75,75,75,75,75,60,60,60,60,60,75,28,75,57,64,64,69,62,62,58,60,65,52,49,29,29,21,43,64,75,75,75,64,64,64,64,36,36,36,30,30,30,12,12,12,0],"gold":27,"neow_bonus":"THREE_ENEMY_KILL","is_prod":false,"is_daily":false,"chose_seed":false,"campfire_upgraded":1,"win_rate":0,"timestamp":1550316086,"path_taken":["M","?","$","?","M","E","M","?","T","?","M","R","M","M","R","BOSS","M","M","?","?","?","R","M","M","T","?","M","?","$","M","R","BOSS","M","?","M","?","$","R","?","R","T","M","M","R","M","$","R","BOSS"],"build_version":"2019-01-23","purchased_purges":2,"victory":false,"max_hp_per_floor":[75,75,75,75,75,75,75,75,75,75,75,75,75,75,75,75,75,75,75,75,75,75,75,75,75,75,75,75,75,75,75,75,75,75,75,75,75,75,75,75,75,75,75,77,79,79,81,81,81,81],"card_choices":[{"not_picked":["Aggregate","Steam"],"picked":"Coolheaded","floor":1},{"not_picked":["Stack","Go for the Eyes"],"picked":"Turbo","floor":5},{"not_picked":["Defragment","Rainbow"],"picked":"Self Repair","floor":6},{"not_picked":["Rebound","Glacier"],"picked":"Conserve Battery","floor":7},{"not_picked":["Undo","Scrape"],"picked":"Melter","floor":11},{"not_picked":["Rebound","Glacier"],"picked":"Capacitor","floor":13},{"not_picked":["BootSequence","Cold Snap","Compile Driver"],"picked":"SKIP","floor":14},{"not_picked":["Fission","All For One"],"picked":"Thunder Strike","floor":16},{"not_picked":["Sweeping Beam","Steam","Aggregate"],"picked":"SKIP","floor":18},{"not_picked":["Conserve Battery+1","Sunder"],"picked":"White Noise","floor":19},{"not_picked":["Recycle","Go for the Eyes"],"picked":"Doom and Gloom","floor":22},{"not_picked":["BootSequence","Streamline"],"picked":"Coolheaded+1","floor":24},{"not_picked":["Lockon","Coolheaded"],"picked":"Barrage","floor":25},{"not_picked":["Force Field","Go for the Eyes"],"picked":"Redo+1","floor":28},{"not_picked":["Reprogram","Capacitor+1"],"picked":"Heatsinks+1","floor":29},{"not_picked":["Storm","Compile Driver+1"],"picked":"Chaos","floor":31},{"not_picked":["Machine Learning","Biased Cognition"],"picked":"Meteor Strike","floor":33},{"not_picked":["Stack+1","Conserve Battery"],"picked":"Sweeping Beam+1","floor":35},{"not_picked":["Hello World","Streamline","Go for the Eyes+1"],"picked":"SKIP","floor":37},{"not_picked":["Beam Cell+1","Coolheaded+1"],"picked":"Barrage+1","floor":41},{"not_picked":["Hologram+1","Melter+1","Gash+1"],"picked":"Singing Bowl","floor":44},{"not_picked":["Hologram+1","All For One","Storm"],"picked":"Singing Bowl","floor":45},{"not_picked":["Heatsinks","Turbo","Hologram"],"picked":"Singing Bowl","floor":47}],"player_experience":405026,"relics_obtained":[{"floor":6,"key":"Omamori"},{"floor":9,"key":"Pen Nib"},{"floor":26,"key":"Vajra"},{"floor":41,"key":"Torii"},{"floor":43,"key":"Singing Bowl"}],"event_choices":[{"damage_healed":0,"gold_gain":0,"player_choice":"Take Wound","damage_taken":0,"relics_obtained":["Golden Idol"],"max_hp_gain":0,"max_hp_loss":0,"event_name":"Golden Idol","floor":2,"gold_loss":0,"cards_obtained":["Injury"]},{"damage_healed":0,"gold_gain":0,"cards_transformed":["Strike_B"],"player_choice":"Change","damage_taken":0,"max_hp_gain":0,"max_hp_loss":0,"event_name":"Living Wall","floor":4,"gold_loss":0,"cards_obtained":["Hyperbeam"]},{"damage_healed":0,"gold_gain":0,"player_choice":"Entered Light","damage_taken":15,"max_hp_gain":0,"max_hp_loss":0,"event_name":"Shining Light","floor":10,"gold_loss":0,"cards_upgraded":["Defend_B","Hyperbeam"]},{"damage_healed":0,"gold_gain":0,"player_choice":"Gave Idol","damage_taken":0,"relics_obtained":["Bloody Idol"],"max_hp_gain":0,"max_hp_loss":0,"event_name":"Forgotten Altar","floor":20,"relics_lost":["Golden Idol"],"gold_loss":0},{"damage_healed":0,"gold_gain":275,"player_choice":"Desecrate","damage_taken":0,"max_hp_gain":0,"max_hp_loss":0,"event_name":"Golden Shrine","floor":21,"gold_loss":0,"cards_obtained":["Regret"]},{"damage_healed":0,"gold_gain":270,"player_choice":"GOLD GOLD GOLD ","damage_taken":28,"max_hp_gain":0,"max_hp_loss":0,"event_name":"Knowing Skull","floor":27,"potions_obtained":[],"gold_loss":0,"cards_obtained":[]},{"damage_healed":0,"gold_gain":0,"player_choice":"Upgrade","damage_taken":0,"relics_obtained":["Mark of the Bloom"],"max_hp_gain":0,"max_hp_loss":0,"event_name":"MindBloom","floor":36,"gold_loss":0,"cards_upgraded":["Zap","Dualcast","Coolheaded","BootSequence","Turbo","Self Repair","Conserve Battery","Melter","Capacitor","Thunder Strike","Sunder","All For One","BootSequence","Core Surge","Conserve Battery","White Noise","Doom and Gloom","Barrage","Ball Lightning","Chaos","Meteor Strike"]},{"damage_healed":0,"gold_gain":0,"player_choice":"Ignored","damage_taken":0,"max_hp_gain":0,"max_hp_loss":0,"event_name":"Tomb of Lord Red Mask","floor":38,"gold_loss":0},{"damage_healed":0,"gold_gain":0,"player_choice":"Fight","damage_taken":0,"max_hp_gain":0,"max_hp_loss":0,"event_name":"Mysterious Sphere","floor":41,"gold_loss":0}],"is_beta":false,"boss_relics":[{"not_picked":["Velvet Choker","Fusion Hammer"],"picked":"Pandora\u0027s Box"},{"not_picked":["Orrery","Calling Bell"],"picked":"Runic Pyramid"}],"items_purged_floors":[3,30],"is_endless":false,"potions_floor_spawned":[1,5,14,22,24,29,31,33,35,37],"killed_by":"Awakened One","ascension_level":0}