{"gold_per_floor":[109,284,297,109,59,88,151,151,151,167,6,6,20,50,50,124,124,141,141,152,77,77,103,138,203,203,234,334,361,361,411,411,482,482,499,81,130,130,150,150,160,160,211,245,245,51,51,70,70,70],"floor_reached":51,"playtime":4991,"items_purged":["Doubt","Strike_B"],"score":1630,"play_id":"edea5ce7-9319-48b1-8cd0-ee7d374b490a","local_time":"20190216181712","is_ascension_mode":true,"campfire_choices":[{"floor":12,"key":"REST"},{"data":"Enlightenment","floor":15,"key":"SMITH"},{"floor":30,"key":"DIG"},{"floor":32,"key":"REST"},{"floor":40,"key":"DIG"},{"floor":42,"key":"DIG"},{"floor":49,"key":"DIG"}],"neow_cost":"NONE","seed_source_timestamp":104194489699063,"circlet_count":0,"master_deck":["AscendersBane","Defend_B+1","Defend_B","Defend_B","Zap+1","Dualcast","Conserve Battery","White Noise+1","Glacier","Capacitor","Meteor Strike","Heatsinks","Glacier","Storm","Enlightenment+1","Skim","Hologram","Rainbow","Self Repair","White Noise","BootSequence","Sweeping Beam","White Noise","Storm","Capacitor","Consume","Steam Power+1","Undo","Creative AI","Coolheaded+1","Apotheosis+1"],"relics":["Cracked Core","Mummified Hand","PreservedInsect","WingedGreaves","Symbiotic Virus","Orrery","Boot","Torii","Tiny Chest","Ornamental Fan","Juzu Bracelet","Shovel","Molten Egg 2","Mercury Hourglass","Toxic Egg 2","Sozu","Anchor","FossilizedHelix","Frozen Egg 2","Omamori","War Paint","Meat on the Bone","Happy Flower","Toolbox","Bag of Preparation"],"potions_floor_usage":[13,16,16,24,29,29,37],"damage_taken":[{"damage":3,"enemies":"Small Slimes","floor":1,"turns":3},{"damage":0,"enemies":"2 Louse","floor":3,"turns":2},{"damage":12,"enemies":"Lagavulin","floor":6,"turns":9},{"damage":14,"enemies":"Lagavulin Event","floor":7,"turns":8},{"damage":0,"enemies":"Jaw Worm","floor":10,"turns":4},{"damage":0,"enemies":"2 Fungi Beasts","floor":13,"turns":2},{"damage":0,"enemies":"Gremlin Nob","floor":14,"turns":3},{"damage":0,"enemies":"Slime Boss","floor":16,"turns":8},{"damage":1,"enemies":"Chosen","floor":18,"turns":4},{"damage":1,"enemies":"3 Byrds","floor":20,"turns":4},{"damage":0,"enemies":"Book of Stabbing","floor":23,"turns":6},{"damage":2,"enemies":"Gremlin Leader","floor":24,"turns":3},{"damage":21,"enemies":"Slavers","floor":25,"turns":5},{"damage":1,"enemies":"Book of Stabbing","floor":27,"turns":3},{"damage":16,"enemies":"Colosseum Slavers","floor":28,"turns":4},{"damage":22,"enemies":"Colosseum Nobs","floor":28,"turns":3},{"damage":12,"enemies":"Gremlin Leader","floor":29,"turns":7},{"damage":0,"enemies":"Champ","floor":33,"turns":7},{"damage":20,"enemies":"3 Shapes","floor":35,"turns":4},{"damage":2,"enemies":"2 Orb Walkers","floor":37,"turns":4},{"damage":0,"enemies":"Orb Walker","floor":39,"turns":3},{"damage":0,"enemies":"Sphere and 2 Shapes","floor":41,"turns":3},{"damage":9,"enemies":"Reptomancer","floor":44,"turns":4},{"damage":0,"enemies":"Transient","floor":48,"turns":5},{"damage":46,"enemies":"Time Eater","floor":50,"turns":5}],"seed_played":"-6236341016640099290","potions_obtained":[{"floor":6,"key":"Explosive Potion"},{"floor":10,"key":"Block Potion"},{"floor":13,"key":"Swift Potion"},{"floor":16,"key":"SkillPotion"},{"floor":20,"key":"SteroidPotion"},{"floor":25,"key":"SpeedPotion"},{"floor":28,"key":"Energy Potion"},{"floor":33,"key":"Weak Potion"}],"is_trial":false,"path_per_floor":["M","?","M","$","?","E","?","?","T","M","$","R","M","E","R","B",null,"M","?","M","?","$","E","E","E","T","E","?","E","R","?","R","B",null,"M","$","?","?","M","R","M","R","T","E","T","$","?","M","R","B",null],"character_chosen":"DEFECT","items_purchased":["Glacier","Capacitor","Storm","Enlightenment","Apotheosis+1","Anchor","Toolbox"],"campfire_rested":2,"item_purchase_floors":[4,4,11,11,36,36,46],"current_hp_per_floor":[61,61,61,61,61,49,35,21,21,21,21,42,42,42,42,42,64,70,70,71,71,71,71,71,57,57,63,39,34,34,34,55,62,69,49,49,54,54,68,68,71,71,71,69,69,69,67,67,67,43],"gold":70,"neow_bonus":"REMOVE_CARD","is_prod":false,"is_daily":false,"chose_seed":false,"campfire_upgraded":1,"win_rate":0,"timestamp":1550362632,"path_taken":["M","?","M","$","?","E","?","?","T","M","$","R","?","E","R","BOSS","M","?","M","?","$","E","E","E","T","E","?","E","R","?","R","BOSS","M","?","?","?","M","R","M","R","T","E","?","?","?","M","R","BOSS"],"build_version":"2019-01-23","purchased_purges":2,"victory":true,"max_hp_per_floor":[71,71,71,71,71,71,71,71,71,71,71,71,71,71,71,71,71,71,71,71,71,71,71,71,71,71,71,71,71,71,71,71,71,71,71,71,71,71,71,71,71,71,71,71,71,71,67,67,67,67],"card_choices":[{"not_picked":["Scrape","Hologram"],"picked":"Conserve Battery","floor":1},{"not_picked":["Redo","Stack"],"picked":"White Noise","floor":3},{"not_picked":["Reprogram","Hologram"],"picked":"Meteor Strike","floor":6},{"not_picked":["Loop","Gash"],"picked":"Heatsinks","floor":7},{"not_picked":["Rebound","Beam Cell"],"picked":"Glacier","floor":10},{"not_picked":["Gash","Redo"],"picked":"Skim","floor":13},{"not_picked":["Aggregate","Stack"],"picked":"Hologram","floor":14},{"not_picked":["Amplify","All For One"],"picked":"Rainbow","floor":16},{"not_picked":["Streamline","Turbo"],"picked":"Self Repair","floor":17},{"not_picked":["Auto Shields","Chill"],"picked":"White Noise","floor":17},{"not_picked":["Leap","Redo"],"picked":"BootSequence","floor":17},{"not_picked":["Steam","Leap"],"picked":"Sweeping Beam","floor":17},{"not_picked":["Beam Cell","Fusion"],"picked":"White Noise","floor":17},{"not_picked":["Melter","Streamline"],"picked":"Storm","floor":18},{"not_picked":["Scrape","Stack"],"picked":"Capacitor","floor":20},{"not_picked":["Stack+1","Auto Shields","Hologram"],"picked":"SKIP","floor":23},{"not_picked":["Compile Driver","Leap"],"picked":"Consume","floor":24},{"not_picked":["Coolheaded","Scrape"],"picked":"Steam Power","floor":25},{"not_picked":["Hologram","Consume","Scrape"],"picked":"SKIP","floor":27},{"not_picked":["Redo","Auto Shields"],"picked":"Undo","floor":28},{"not_picked":["Rip and Tear+1","Meteor Strike+1","Self Repair"],"picked":"SKIP","floor":29},{"not_picked":["Amplify+1","Fission+1"],"picked":"Creative AI","floor":33},{"not_picked":["White Noise+1","Heatsinks"],"picked":"Coolheaded+1","floor":35},{"not_picked":["Compile Driver+1","Hologram+1","Doom and Gloom+1"],"picked":"SKIP","floor":39},{"not_picked":["Compile Driver+1","Hologram+1","Doom and Gloom+1"],"picked":"SKIP","floor":39},{"not_picked":["Leap+1","Consume+1","Sweeping Beam+1"],"picked":"SKIP","floor":41},{"not_picked":["Leap+1","Chill+1","Heatsinks+1"],"picked":"SKIP","floor":44},{"not_picked":["Self Repair+1","Sunder+1","Thunder Strike+1"],"picked":"SKIP","floor":48}],"player_experience":376933,"relics_obtained":[{"floor":6,"key":"Mummified Hand"},{"floor":7,"key":"PreservedInsect"},{"floor":9,"key":"WingedGreaves"},{"floor":14,"key":"Symbiotic Virus"},{"floor":23,"key":"Boot"},{"floor":24,"key":"Torii"},{"floor":25,"key":"Tiny Chest"},{"floor":26,"key":"Ornamental Fan"},{"floor":27,"key":"Juzu Bracelet"},{"floor":28,"key":"Shovel"},{"floor":28,"key":"Molten Egg 2"},{"floor":29,"key":"Mercury Hourglass"},{"floor":30,"key":"Toxic Egg 2"},{"floor":37,"key":"FossilizedHelix"},{"floor":40,"key":"Frozen Egg 2"},{"floor":42,"key":"Omamori"},{"floor":43,"key":"War Paint"},{"floor":44,"key":"Meat on the Bone"},{"floor":45,"key":"Happy Flower"},{"floor":49,"key":"Bag of Preparation"}],"event_choices":[{"damage_healed":0,"gold_gain":175,"player_choice":"AGREE","damage_taken":0,"max_hp_gain":0,"max_hp_loss":0,"event_name":"Liars Game","floor":2,"gold_loss":0,"cards_obtained":["Doubt"]},{"cards_removed":["Defend_B"],"damage_healed":0,"gold_gain":0,"player_choice":"Card Removal","damage_taken":0,"max_hp_gain":0,"max_hp_loss":0,"event_name":"The Cleric","floor":5,"gold_loss":50},{"damage_healed":0,"gold_gain":0,"player_choice":"Searched \u00271\u0027 times","damage_taken":0,"max_hp_gain":0,"max_hp_loss":0,"event_name":"Dead Adventurer","floor":7,"gold_loss":0},{"damage_healed":0,"gold_gain":0,"player_choice":"Entered Light","damage_taken":14,"max_hp_gain":0,"max_hp_loss":0,"event_name":"Shining Light","floor":8,"gold_loss":0,"cards_upgraded":["Zap","White Noise"]},{"cards_removed":["Strike_B"],"damage_healed":0,"gold_gain":0,"player_choice":"Elegance","damage_taken":0,"max_hp_gain":0,"max_hp_loss":0,"event_name":"Back to Basics","floor":19,"gold_loss":0},{"cards_removed":["Strike_B"],"damage_healed":0,"gold_gain":0,"player_choice":"Gave Gold","damage_taken":0,"max_hp_gain":0,"max_hp_loss":0,"event_name":"Beggar","floor":21,"gold_loss":75},{"damage_healed":0,"gold_gain":0,"player_choice":"Fight","damage_taken":0,"max_hp_gain":0,"max_hp_loss":0,"event_name":"Colosseum","floor":28,"gold_loss":0},{"damage_healed":0,"gold_gain":0,"player_choice":"Fought Nobs","damage_taken":0,"max_hp_gain":0,"max_hp_loss":0,"event_name":"Colosseum","floor":28,"gold_loss":0},{"damage_healed":0,"gold_gain":100,"player_choice":"Bet on Murderer","damage_taken":0,"max_hp_gain":0,"max_hp_loss":0,"event_name":"The Joust","floor":31,"gold_loss":50},{"damage_healed":0,"gold_gain":0,"player_choice":"Fight","damage_taken":0,"max_hp_gain":0,"max_hp_loss":0,"event_name":"Mysterious Sphere","floor":37,"gold_loss":0},{"damage_healed":0,"gold_gain":0,"player_choice":"Memory 1","damage_taken":0,"max_hp_gain":0,"max_hp_loss":0,"event_name":"SensoryStone","floor":38,"gold_loss":0},{"damage_healed":0,"gold_gain":0,"player_choice":"Max HP","damage_taken":0,"max_hp_gain":0,"max_hp_loss":4,"event_name":"Winding Halls","floor":47,"gold_loss":0}],"is_beta":false,"boss_relics":[{"not_picked":["Lizard Tail","Fusion Hammer"],"picked":"Orrery"},{"not_picked":["Eternal Feather","White Beast Statue"],"picked":"Sozu"}],"items_purged_floors":[4,36],"is_endless":false,"potions_floor_spawned":[6,10,13,16,20,25,28,33,37,41,48],"ascension_level":14}