{"gold_per_floor":[113,124,134,150,163,163,338,338,386,386,406,435,84,104,104,201,201,214,234,263,278,154,154,167,167,167,167,177,10,39,39,39,136,136,152,163,163,176,186,186,212,231,231,241,253,253,253,253,253,253],"floor_reached":50,"playtime":4639,"items_purged":[],"score":698,"play_id":"0cd24a44-1c45-42ef-aef7-99493621e059","local_time":"20180715011551","is_ascension_mode":false,"campfire_choices":[{"data":"Body Slam","floor":6.0,"key":"SMITH"},{"data":"Rage","floor":8.0,"key":"SMITH"},{"data":"Iron Wave","floor":10.0,"key":"SMITH"},{"data":"Bash","floor":15.0,"key":"SMITH"},{"floor":23.0,"key":"REST"},{"data":"Heavy Blade","floor":25.0,"key":"SMITH"},{"floor":27.0,"key":"REST"},{"data":"Inflame","floor":32.0,"key":"SMITH"},{"floor":40,"key":"REST"},{"floor":46,"key":"REST"},{"data":"Barricade","floor":49,"key":"SMITH"}],"neow_cost":"NONE","seed_source_timestamp":631561899997146,"circlet_count":0,"master_deck":["Strike_R","Strike_R","Strike_R","Strike_R+1","Strike_R","Defend_R","Defend_R","Defend_R","Bash+1","Body Slam+1","Iron Wave+1","Pommel Strike","Rage+1","Iron Wave+1","Doubt","Second Wind","Entrench+1","Shrug It Off+1","Limit Break+1","Flame Barrier+1","Clash+1","Inflame+1","Heavy Blade+1","Rage+1","Disarm+1","Armaments+1","Body Slam","Barricade+1","Flame Barrier+1","True Grit+1","True Grit+1","Rage+1","Entrench+1"],"special_seed":0,"relics":["Burning Blood","Centennial Puzzle","Whetstone","Toxic Egg 2","Anchor","Membership Card","Sozu","Red Mask","Orichalcum","Torii","Red Skull","Ancient Tea Set","Black Star","Champion Belt","Strawberry","Lantern","Dodecahedron"],"potions_floor_usage":[],"damage_taken":[{"damage":5.0,"enemies":"Cultist","floor":1.0,"turns":4.0},{"damage":8.0,"enemies":"Jaw Worm","floor":2.0,"turns":3.0},{"damage":2.0,"enemies":"Small Slimes","floor":3.0,"turns":4.0},{"damage":6.0,"enemies":"Blue Slaver","floor":4.0,"turns":5.0},{"damage":4.0,"enemies":"2 Fungi Beasts","floor":5.0,"turns":4.0},{"damage":0.0,"enemies":"Large Slime","floor":11.0,"turns":6.0},{"damage":14.0,"enemies":"Gremlin Nob","floor":12.0,"turns":5.0},{"damage":3.0,"enemies":"Red Slaver","floor":14.0,"turns":3.0},{"damage":22.0,"enemies":"Slime Boss","floor":16.0,"turns":12.0},{"damage":2.0,"enemies":"Spheric Guardian","floor":18.0,"turns":5.0},{"damage":0.0,"enemies":"Chosen","floor":19.0,"turns":3.0},{"damage":30.0,"floor":20.0,"turns":6.0},{"damage":15.0,"enemies":"Sentry and Sphere","floor":21.0,"turns":5.0},{"damage":18.0,"enemies":"Snake Plant","floor":24.0,"turns":4.0},{"damage":19.0,"enemies":"3 Cultists","floor":28.0,"turns":7.0},{"damage":6.0,"enemies":"Book of Stabbing","floor":30.0,"turns":6.0},{"damage":30.0,"enemies":"Collector","floor":33.0,"turns":5.0},{"damage":1.0,"enemies":"3 Shapes","floor":35.0,"turns":9.0},{"damage":26.0,"enemies":"Flame Bruiser 1 Orb","floor":36.0,"turns":8.0},{"damage":0.0,"floor":37.0,"turns":8.0},{"damage":8,"enemies":"4 Shapes","floor":38,"turns":10},{"damage":1,"enemies":"Transient","floor":39,"turns":5},{"damage":59,"enemies":"2 Orb Walkers","floor":41,"turns":8},{"damage":0,"enemies":"3 Darklings","floor":42,"turns":5},{"damage":8,"enemies":"4 Shapes","floor":44,"turns":11},{"damage":0,"enemies":"Transient","floor":45,"turns":5},{"damage":70,"enemies":"Donu and Deca","floor":50,"turns":9}],"seed_played":"1417376553642871670","potions_obtained":[{"floor":1.0,"key":"Regen Potion"},{"floor":4.0,"key":"Swift Potion"},{"floor":12.0,"key":"SteroidPotion"},{"floor":14.0,"key":"EssenceOfSteel"},{"floor":16.0,"key":"AttackPotion"}],"is_trial":false,"path_per_floor":["M","M","M","M","M","R","?","R","T","R","M","E","$","M","R","B",null,"M","M","?","M","$","R","M","R","T","R","M","$","E","$","R","B",null,"M","M","?","M","M","R","E","M","T","M","M","R","?","?","R"],"character_chosen":"IRONCLAD","items_purchased":["Anchor","Membership Card","Orichalcum","Red Skull","Armaments+1"],"campfire_rested":4,"item_purchase_floors":[13,13,22,29,29],"current_hp_per_floor":[80,78,80,80,80,80,80,80,80,80,80,72,72,75,75,59,80,80,80,56,47,47,71,59,59,59,80,67,67,67,67,67,43,80,80,60,66,64,69,80,34,40,40,38,44,70,70,70,70,0],"gold":253,"neow_bonus":"RANDOM_COMMON_RELIC","is_prod":false,"is_daily":false,"chose_seed":false,"campfire_upgraded":7,"win_rate":0,"timestamp":1531606551,"path_taken":["M","M","M","M","?","R","?","R","T","R","M","E","$","M","R","BOSS","M","M","?","M","$","R","M","R","T","R","M","?","E","$","R","BOSS","M","M","?","M","M","R","E","M","T","M","?","R","?","?","R","BOSS"],"build_version":"2018-07-12","purchased_purges":0,"victory":false,"max_hp_per_floor":[80,80,80,80,80,80,80,80,80,80,80,80,80,80,80,80,80,80,80,80,80,80,80,80,80,80,80,80,80,80,80,80,80,80,80,80,80,80,80,80,87,87,87,87,87,87,87,87,87,87],"card_choices":[{"not_picked":["Reckless Charge","True Grit"],"picked":"Body Slam","floor":1.0},{"not_picked":["Thunderclap","Warcry"],"picked":"Iron Wave","floor":2.0},{"not_picked":["Clash","Twin Strike"],"picked":"Pommel Strike","floor":3.0},{"not_picked":["Flex","Double Tap"],"picked":"Rage","floor":4.0},{"not_picked":["Thunderclap","Rage"],"picked":"Iron Wave","floor":5.0},{"not_picked":["Anger","Pommel Strike"],"picked":"Second Wind","floor":11.0},{"not_picked":["Inflame","Juggernaut"],"picked":"Entrench","floor":12.0},{"not_picked":["Flex+1","Iron Wave"],"picked":"Shrug It Off+1","floor":14.0},{"not_picked":["Brutality","Feed"],"picked":"Limit Break+1","floor":16.0},{"not_picked":["Sever Soul+1","Anger"],"picked":"Flame Barrier+1","floor":18.0},{"not_picked":["Pommel Strike","Perfected Strike"],"picked":"Clash+1","floor":19.0},{"not_picked":["Anger","Perfected Strike+1"],"picked":"Inflame","floor":20.0},{"not_picked":["Iron Wave","Pommel Strike"],"picked":"Heavy Blade","floor":21.0},{"not_picked":["Heavy Blade","Thunderclap+1"],"picked":"Rage+1","floor":24.0},{"not_picked":["Infernal Blade+1","Anger"],"picked":"Disarm+1","floor":28.0},{"not_picked":["Warcry+1","Berserk"],"picked":"Body Slam","floor":30.0},{"not_picked":["Feed","Impervious+1"],"picked":"Barricade","floor":33.0},{"not_picked":["Metallicize+1","Cleave"],"picked":"Flame Barrier+1","floor":35.0},{"not_picked":["Warcry+1","Clash"],"picked":"True Grit+1","floor":36.0},{"not_picked":["Anger+1","Clash"],"picked":"True Grit+1","floor":37.0},{"not_picked":["Dual Wield+1","Perfected Strike+1"],"picked":"Rage+1","floor":38},{"not_picked":["Sever Soul","Twin Strike+1","Pommel Strike+1"],"picked":"SKIP","floor":39},{"not_picked":["Combust+1","Flex+1"],"picked":"Entrench+1","floor":41},{"not_picked":["Twin Strike","True Grit+1","Thunderclap"],"picked":"SKIP","floor":42},{"not_picked":["Iron Wave","Burning Pact+1","Whirlwind+1"],"picked":"SKIP","floor":44},{"not_picked":["Feed","Headbutt+1","True Grit+1"],"picked":"SKIP","floor":45}],"player_experience":18093,"relics_obtained":[{"floor":9.0,"key":"Whetstone"},{"floor":12.0,"key":"Toxic Egg 2"},{"floor":20.0,"key":"Red Mask"},{"floor":26.0,"key":"Torii"},{"floor":30.0,"key":"Ancient Tea Set"},{"floor":37.0,"key":"Champion Belt"},{"floor":41,"key":"Strawberry"},{"floor":41,"key":"Lantern"},{"floor":43,"key":"Dodecahedron"}],"event_choices":[{"event_name":"Liars Game","player_choice":"agreed","floor":7.0,"damage_taken":0.0},{"event_name":"Masked Bandits","player_choice":"Fought over 234 gold","floor":20.0,"damage_taken":0.0},{"event_name":"MindBloom","player_choice":"Fight","floor":37.0,"damage_taken":0.0},{"event_name":"The Lab","player_choice":"Got Potions","floor":47,"damage_taken":0},{"event_name":"Falling","player_choice":"Removed Skill","floor":48,"damage_taken":0}],"boss_relics":[{"not_picked":["Coffee Dripper","Snecko Eye"],"picked":"Sozu"},{"not_picked":["Astrolabe","Empty Cage"],"picked":"Black Star"}],"items_purged_floors":[],"is_endless":false,"potions_floor_spawned":[1,4,12,14,16,18,20,24,36,39,41,44],"killed_by":"Donu and Deca","ascension_level":0}