{"gold_per_floor":[118,118,133,154,168,168,206,206,278,314,264,189,189,189,189,189],"floor_reached":16,"playtime":1086,"items_purged":["Strike_G"],"score":140,"play_id":"064b039f-aa55-4ba2-8cbb-6ef6e1e0212b","local_time":"20180821235914","is_ascension_mode":true,"campfire_choices":[{"floor":6,"key":"REST"},{"data":"Deadly Poison","floor":8,"key":"SMITH"},{"floor":13,"key":"REST"},{"floor":15,"key":"REST"}],"neow_cost":"NONE","seed_source_timestamp":501980866000645,"circlet_count":0,"master_deck":["Defend_G","Defend_G","Defend_G","Defend_G","Defend_G","Strike_G","Strike_G","Strike_G","Survivor","Neutralize","Blur","Deadly Poison+1","Dodge and Roll","Dodge and Roll","Wraith Form v2+1"],"relics":["Ring of the Snake","NeowsBlessing","Golden Idol","Thread and Needle","Frozen Egg 2","Juzu Bracelet"],"potions_floor_usage":[7,10],"damage_taken":[{"damage":0,"enemies":"2 Louse","floor":1,"turns":1},{"damage":0,"enemies":"Cultist","floor":3,"turns":1},{"damage":0,"enemies":"Small Slimes","floor":4,"turns":1},{"damage":10,"enemies":"Exordium Wildlife","floor":5,"turns":8},{"damage":7,"enemies":"3 Sentries","floor":7,"turns":14},{"damage":31,"enemies":"Gremlin Nob","floor":10,"turns":6},{"damage":62,"enemies":"Hexaghost","floor":16,"turns":15}],"seed_played":"3804788129572526955","potions_obtained":[{"floor":5,"key":"Fire Potion"},{"floor":7,"key":"SpeedPotion"}],"is_trial":false,"path_per_floor":["M","?","M","M","M","R","E","R","T","E","?","$","R","?","R"],"character_chosen":"THE_SILENT","items_purchased":[],"campfire_rested":3,"item_purchase_floors":[],"current_hp_per_floor":[63,46,46,46,36,57,50,50,50,19,19,19,40,40,61,0],"gold":189,"neow_bonus":"THREE_ENEMY_KILL","is_prod":false,"is_daily":false,"chose_seed":false,"campfire_upgraded":1,"win_rate":0,"timestamp":1534913954,"path_taken":["M","?","M","?","M","R","E","R","T","E","?","?","R","?","R","BOSS"],"build_version":"2018-08-16","purchased_purges":1,"victory":false,"max_hp_per_floor":[70,70,70,70,70,70,70,70,70,70,70,70,70,70,70,70],"card_choices":[{"not_picked":["Bane","Outmaneuver"],"picked":"Blur","floor":1},{"not_picked":["PiercingWail","Distraction"],"picked":"Deadly Poison","floor":3},{"not_picked":["Underhanded Strike","Quick Slash"],"picked":"Dodge and Roll","floor":4},{"not_picked":["Riddle With Holes","Cloak And Dagger"],"picked":"Dodge and Roll","floor":5},{"not_picked":["Bane","Dagger Throw","Blade Dance"],"picked":"SKIP","floor":7},{"not_picked":["Burst","Skewer"],"picked":"Wraith Form v2+1","floor":10}],"player_experience":335279,"relics_obtained":[{"floor":7,"key":"Thread and Needle"},{"floor":9,"key":"Frozen Egg 2"},{"floor":10,"key":"Juzu Bracelet"}],"event_choices":[{"event_name":"Golden Idol","player_choice":"Take Damage","floor":2,"damage_taken":0},{"event_name":"The Cleric","player_choice":"Card Removal","floor":11,"damage_taken":0},{"event_name":"Scrap Ooze","player_choice":"unsuccessful","floor":14,"damage_taken":0}],"is_beta":false,"boss_relics":[],"items_purged_floors":[12],"is_endless":false,"potions_floor_spawned":[5,7],"killed_by":"Hexaghost","ascension_level":6}