{"gold_per_floor":[112,127,146,2,15,41,7,7,77,27,27,27,41,62,62,182,182,201,201,201,101,120,120,120],"floor_reached":24,"playtime":2108,"items_purged":["Strike_B","Strike_B"],"score":225,"play_id":"cd26d239-2a86-412f-a28c-1fc2949c079d","local_time":"20181209180340","is_ascension_mode":true,"campfire_choices":[{"floor":11,"key":"REST"},{"floor":15,"key":"REST"},{"data":"White Noise","floor":23,"key":"SMITH"}],"neow_cost":"NONE","seed_source_timestamp":239857202380007,"circlet_count":0,"master_deck":["Strike_B","Defend_B","Defend_B","Defend_B","Defend_B","Zap","Dualcast","Beam Cell","Streamline","Reprogram","Creative AI+1","White Noise+1","Reprogram","Redo","Core Surge","Echo Form","Leap+1"],"relics":["Eternal Feather","FossilizedHelix","Golden Idol","Letter Opener","Busted Crown"],"potions_floor_usage":[],"damage_taken":[{"damage":6,"enemies":"Cultist","floor":1,"turns":3},{"damage":3,"enemies":"2 Louse","floor":2,"turns":3},{"damage":0,"enemies":"Small Slimes","floor":3,"turns":2},{"damage":17,"enemies":"Blue Slaver","floor":5,"turns":6},{"damage":30,"enemies":"Gremlin Nob","floor":6,"turns":4},{"damage":11,"enemies":"3 Louse","floor":13,"turns":4},{"damage":4,"enemies":"Red Slaver","floor":14,"turns":3},{"damage":30,"enemies":"Slime Boss","floor":16,"turns":9},{"damage":23,"enemies":"Shell Parasite","floor":18,"turns":5},{"damage":24,"enemies":"Spheric Guardian","floor":22,"turns":5},{"damage":41,"enemies":"Cultist and Chosen","floor":24,"turns":6}],"seed_played":"-3183884754214224844","potions_obtained":[{"floor":5,"key":"SpeedPotion"},{"floor":6,"key":"LiquidBronze"},{"floor":13,"key":"Ancient Potion"},{"floor":16,"key":"FocusPotion"}],"is_trial":false,"path_per_floor":["M","M","M","$","M","E","$","?","T","?","R","?","M","M","R","B",null,"M","?","?","$","M","R","M"],"character_chosen":"DEFECT","items_purchased":["Creative AI","Reprogram"],"campfire_rested":2,"item_purchase_floors":[4,7],"current_hp_per_floor":[69,66,66,66,49,19,19,19,19,19,45,45,34,30,59,29,69,46,46,46,46,22,31,0],"gold":120,"neow_bonus":"BOSS_RELIC","is_prod":false,"is_daily":false,"chose_seed":false,"campfire_upgraded":1,"win_rate":0,"timestamp":1544400220,"path_taken":["M","?","M","$","M","E","$","?","T","?","R","?","?","M","R","BOSS","M","?","?","$","M","R","M"],"build_version":"2018-12-06","purchased_purges":2,"victory":false,"max_hp_per_floor":[75,75,75,75,75,75,75,69,69,69,69,69,69,69,69,69,69,69,69,69,69,69,69,69],"card_choices":[{"not_picked":["Streamline","Steam"],"picked":"Beam Cell","floor":1},{"not_picked":["Steam","Stack"],"picked":"Streamline","floor":2},{"not_picked":["Scrape","Steam"],"picked":"Reprogram","floor":3},{"not_picked":["Lockon","Turbo","Cold Snap"],"picked":"SKIP","floor":5},{"not_picked":["Genetic Algorithm","Turbo"],"picked":"White Noise","floor":6},{"not_picked":["Ball Lightning","Sweeping Beam"],"picked":"Redo","floor":13},{"not_picked":["Turbo","Hello World"],"picked":"Core Surge","floor":14},{"not_picked":["Rainbow","Hyperbeam"],"picked":"Echo Form","floor":16},{"not_picked":["Conserve Battery"],"picked":"SKIP","floor":18},{"not_picked":[],"picked":"Leap+1","floor":22}],"player_experience":445782,"relics_obtained":[{"floor":6,"key":"FossilizedHelix"},{"floor":9,"key":"Letter Opener"}],"event_choices":[{"damage_healed":0,"gold_gain":0,"player_choice":"Lose Max HP","damage_taken":0,"relics_obtained":["Golden Idol"],"max_hp_gain":0,"max_hp_loss":6,"event_name":"Golden Idol","floor":8,"gold_loss":0},{"cards_removed":["Strike_B"],"damage_healed":0,"gold_gain":0,"player_choice":"Card Removal","damage_taken":0,"max_hp_gain":0,"max_hp_loss":0,"event_name":"The Cleric","floor":10,"gold_loss":50},{"damage_healed":0,"gold_gain":0,"player_choice":"Upgraded","damage_taken":0,"max_hp_gain":0,"max_hp_loss":0,"event_name":"Upgrade Shrine","floor":12,"gold_loss":0,"cards_upgraded":["Creative AI"]},{"damage_healed":0,"gold_gain":0,"player_choice":"Ignored","damage_taken":0,"max_hp_gain":0,"max_hp_loss":0,"event_name":"Cursed Tome","floor":19,"gold_loss":0},{"damage_healed":0,"gold_gain":0,"player_choice":"Got Potions","damage_taken":0,"max_hp_gain":0,"max_hp_loss":0,"event_name":"Lab","floor":20,"gold_loss":0}],"is_beta":false,"boss_relics":[{"not_picked":["Snecko Eye","Pandora\u0027s Box"],"picked":"Busted Crown"}],"items_purged_floors":[4,21],"is_endless":false,"potions_floor_spawned":[5,6,13,16],"killed_by":"Cultist and Chosen","ascension_level":3}