{"gold_per_floor":[111,128,144,144,159,159,172,172,197,216,249,249,249,273,273,364,364,387,412,412],"floor_reached":20,"playtime":879,"items_purged":[],"score":352,"play_id":"521c8b8b-1994-4426-869b-b12bfc99a399","local_time":"20190209092021","is_ascension_mode":true,"campfire_choices":[{"data":"Neutralize","floor":6.0,"key":"SMITH"},{"floor":15.0,"key":"REST"}],"neow_cost":"NONE","seed_source_timestamp":110303948021000,"circlet_count":0,"master_deck":["AscendersBane","Defend_G","Defend_G","Defend_G","Defend_G","Defend_G","Strike_G","Strike_G","Strike_G","Strike_G","Strike_G","Survivor","Neutralize+1","Blade Dance","Dodge and Roll","Poisoned Stab","Catalyst","Tools of the Trade","Bouncing Flask","Dash","Wraith Form v2","Writhe","Normality","Decay"],"special_seed":0,"relics":["Ring of the Snake","Golden Idol","Regal Pillow","Boot","Pocketwatch","Calling Bell","Bag of Preparation","Frozen Egg 2","Ginger","Potion Belt"],"potions_floor_usage":[18,20],"damage_taken":[{"damage":0.0,"enemies":"Jaw Worm","floor":1.0,"turns":6.0},{"damage":4.0,"enemies":"Cultist","floor":2.0,"turns":4.0},{"damage":3.0,"enemies":"2 Louse","floor":3.0,"turns":4.0},{"damage":4.0,"enemies":"Blue Slaver","floor":5.0,"turns":6.0},{"damage":5.0,"enemies":"Red Slaver","floor":7.0,"turns":8.0},{"damage":30.0,"enemies":"Lots of Slimes","floor":10.0,"turns":7.0},{"damage":27.0,"enemies":"Lagavulin","floor":11.0,"turns":5.0},{"damage":0.0,"enemies":"Blue Slaver","floor":14.0,"turns":4.0},{"damage":14.0,"enemies":"Hexaghost","floor":16.0,"turns":8.0},{"damage":25,"enemies":"Shell Parasite","floor":18,"turns":7},{"damage":23,"enemies":"Chosen","floor":20,"turns":5}],"seed_played":"6512246731201839063","potions_obtained":[{"floor":0.0,"key":"Swift Potion"},{"floor":0.0,"key":"Block Potion"},{"floor":3.0,"key":"AttackPotion"},{"floor":4.0,"key":"Regen Potion"},{"floor":10.0,"key":"GamblersBrew"},{"floor":11.0,"key":"Dexterity Potion"},{"floor":16.0,"key":"Swift Potion"}],"is_trial":false,"path_per_floor":["M","M","M","?","M","R","M","?","T","M","E","?","T","M","R","B",null,"M","T","M"],"character_chosen":"THE_SILENT","items_purchased":[],"campfire_rested":1,"item_purchase_floors":[],"current_hp_per_floor":[59,55,52,52,63,63,58,58,58,28,1,1,1,1,34,20,50,25,25,2],"gold":412,"neow_bonus":"THREE_SMALL_POTIONS","is_prod":false,"is_daily":false,"chose_seed":false,"campfire_upgraded":1,"win_rate":0,"timestamp":1549722021,"path_taken":["M","M","M","?","?","R","M","?","T","M","E","?","?","M","R","BOSS","M","?","M"],"build_version":"2019-02-06","purchased_purges":0,"victory":false,"max_hp_per_floor":[66,66,66,66,66,66,66,60,60,60,60,60,60,60,60,60,60,60,60,60],"card_choices":[{"not_picked":["Quick Slash","Flying Knee"],"picked":"Blade Dance","floor":1.0},{"not_picked":["Skewer","Reflex"],"picked":"Dodge and Roll","floor":2.0},{"not_picked":["Eviscerate","Heel Hook"],"picked":"Poisoned Stab","floor":3.0},{"not_picked":["Dagger Spray","Bane"],"picked":"Catalyst","floor":5.0},{"not_picked":["Blade Dance","Dodge and Roll"],"picked":"Tools of the Trade","floor":7.0},{"not_picked":["Dodge and Roll","Heel Hook"],"picked":"Bouncing Flask","floor":10.0},{"not_picked":["Flechettes","Choke","Poisoned Stab"],"picked":"SKIP","floor":11.0},{"not_picked":["Underhanded Strike","Poisoned Stab"],"picked":"Dash","floor":14.0},{"not_picked":["Glass Knife","Envenom"],"picked":"Wraith Form v2","floor":16.0},{"not_picked":["Choke","Outmaneuver","Heel Hook"],"picked":"SKIP","floor":18}],"player_experience":1896988,"relics_obtained":[{"floor":9.0,"key":"Regal Pillow"},{"floor":11.0,"key":"Boot"},{"floor":13.0,"key":"Pocketwatch"},{"floor":17.0,"key":"Bag of Preparation"},{"floor":17.0,"key":"Frozen Egg 2"},{"floor":17.0,"key":"Ginger"},{"floor":19,"key":"Potion Belt"}],"event_choices":[{"damage_healed":0.0,"max_hp_gain":0.0,"max_hp_loss":0.0,"gold_gain":0.0,"event_name":"Lab","player_choice":"Got Potions","floor":4.0,"gold_loss":0.0,"damage_taken":0.0},{"damage_healed":0.0,"max_hp_gain":0.0,"max_hp_loss":6.0,"gold_gain":0.0,"event_name":"Golden Idol","player_choice":"Lose Max HP","floor":8.0,"gold_loss":0.0,"damage_taken":0.0,"relics_obtained":["Golden Idol"]},{"damage_healed":0.0,"max_hp_gain":0.0,"max_hp_loss":0.0,"gold_gain":0.0,"event_name":"Golden Wing","player_choice":"Ignored","floor":12.0,"gold_loss":0.0,"damage_taken":0.0}],"is_beta":true,"boss_relics":[{"not_picked":["Ectoplasm","Ring of the Serpent"],"picked":"Calling Bell"}],"items_purged_floors":[],"is_endless":false,"potions_floor_spawned":[3,10,11,16],"killed_by":"Chosen","ascension_level":20}