{"gold_per_floor":[115,115,115,115,136,171,171,11,35,35,135,135,148,192,192,313,313,331,871,203,203,628,628,553,553,553,597,174,174,189,230,230,360,360,379,229,250,375,7,50,50,90,115,153,153,153,153,226,226,226],"floor_reached":51,"playtime":2079,"items_purged":["Strike_B","Strike_B","Strike_B","Defend_B","Defend_B"],"score":987,"play_id":"792f7894-b343-45fb-9bb8-9af99ecfcb50","local_time":"20181217235530","is_ascension_mode":true,"campfire_choices":[{"data":"Sweeping Beam","floor":7.0,"key":"SMITH"},{"data":"Conserve Battery","floor":10.0,"key":"SMITH"},{"data":"Impatience","floor":12.0,"key":"SMITH"},{"data":"White Noise","floor":15.0,"key":"SMITH"},{"floor":23,"key":"REST"},{"data":"Coolheaded","floor":25,"key":"SMITH"},{"data":"Leap","floor":29,"key":"SMITH"},{"data":"Zap","floor":32,"key":"SMITH"},{"data":"Seek","floor":41,"key":"SMITH"},{"data":"Gash","floor":46,"key":"SMITH"},{"data":"Deep Breath","floor":49,"key":"SMITH"}],"neow_cost":"NONE","seed_source_timestamp":237658304743,"circlet_count":0,"master_deck":["Zap+1","Conserve Battery+1","Sweeping Beam+1","Gash","Impatience+1","Gash+1","White Noise+1","Echo Form","Coolheaded+1","Leap+1","Self Repair","Seek+1","Gash+1","Deep Breath+1","Finesse"],"special_seed":0,"relics":["Cracked Core","NeowsBlessing","Dream Catcher","Golden Idol","WingedGreaves","Centennial Puzzle","Incense Burner","Busted Crown","Gremlin Horn","Question Card","Old Coin","Ornamental Fan","Pantograph","Regal Pillow","Thread and Needle","Gambling Chip","Empty Cage","FossilizedHelix","TheAbacus","Pear","Bronze Scales","Oddly Smooth Stone","War Paint","Mercury Hourglass"],"potions_floor_usage":[22,22,22,50,50],"damage_taken":[{"damage":0.0,"enemies":"Small Slimes","floor":1.0,"turns":1.0},{"damage":0.0,"enemies":"2 Louse","floor":5.0,"turns":1.0},{"damage":0.0,"enemies":"Lagavulin","floor":6.0,"turns":1.0},{"damage":0.0,"enemies":"Cultist","floor":13.0,"turns":3.0},{"damage":3.0,"enemies":"3 Sentries","floor":14.0,"turns":5.0},{"damage":24.0,"enemies":"The Guardian","floor":16.0,"turns":8.0},{"damage":0.0,"enemies":"Chosen","floor":18.0,"turns":4.0},{"damage":8,"enemies":"Colosseum Slavers","floor":22,"turns":3},{"damage":6,"enemies":"Colosseum Nobs","floor":22,"turns":3},{"damage":2,"enemies":"Gremlin Leader","floor":27,"turns":5},{"damage":0,"enemies":"Spheric Guardian","floor":30,"turns":4},{"damage":3,"enemies":"Book of Stabbing","floor":31,"turns":6},{"damage":10,"enemies":"Automaton","floor":33,"turns":9},{"damage":3,"enemies":"3 Shapes","floor":35,"turns":3},{"damage":9,"enemies":"Orb Walker","floor":37,"turns":3},{"damage":1,"enemies":"Mind Bloom Boss Battle","floor":38,"turns":4},{"damage":0,"enemies":"Reptomancer","floor":40,"turns":3},{"damage":0,"enemies":"Giant Head","floor":42,"turns":5},{"damage":0,"enemies":"Nemesis","floor":44,"turns":5},{"damage":0,"enemies":"Donu and Deca","floor":50,"turns":4}],"seed_played":"2727784875527935204","potions_obtained":[{"floor":5.0,"key":"EssenceOfSteel"},{"floor":6.0,"key":"FearPotion"},{"floor":16.0,"key":"Poison Potion"},{"floor":18.0,"key":"Block Potion"},{"floor":22,"key":"Poison Potion"},{"floor":37,"key":"Regen Potion"},{"floor":40,"key":"Ancient Potion"},{"floor":44,"key":"FocusPotion"}],"is_trial":false,"path_per_floor":["M","?","?","?","M","E","R","$","T","R","?","R","M","E","R","B",null,"M","?","$","?","?","R","?","R","T","E","$","R","M","E","R","B",null,"M","$","M","?","$","E","R","E","T","E","?","R","?","T","R","B",null],"character_chosen":"DEFECT","items_purchased":["Impatience","Gremlin Horn","Question Card","Coolheaded","Thread and Needle","TheAbacus"],"campfire_rested":1,"item_purchase_floors":[8,20,20,20,28,39],"current_hp_per_floor":[75,68,65,47,47,47,47,47,47,47,47,47,47,44,44,20,75,75,26,26,26,12,34,34,34,34,32,32,32,46,57,57,72,75,75,75,75,75,75,85,85,85,85,85,81,81,71,71,71,81],"gold":226,"neow_bonus":"THREE_ENEMY_KILL","is_prod":false,"is_daily":false,"chose_seed":false,"campfire_upgraded":10,"win_rate":1,"timestamp":1545101730,"path_taken":["M","?","?","?","M","E","R","$","T","R","?","R","M","E","R","BOSS","M","?","?","?","?","R","?","R","T","E","$","R","M","E","R","BOSS","M","$","M","?","$","E","R","E","T","E","?","R","?","?","R","BOSS"],"build_version":"2018-11-15","purchased_purges":5,"victory":true,"max_hp_per_floor":[75,75,75,75,75,75,75,75,75,75,75,75,75,75,75,75,75,75,75,75,75,75,75,75,75,75,75,75,75,75,75,75,75,75,75,75,75,75,75,85,85,85,85,85,81,81,81,81,81,81],"card_choices":[{"not_picked":["Coolheaded","Go for the Eyes"],"picked":"Conserve Battery","floor":1.0},{"not_picked":["Beam Cell","Skim"],"picked":"Sweeping Beam","floor":5.0},{"not_picked":["Static Discharge","Sweeping Beam"],"picked":"Gash","floor":6.0},{"not_picked":["Genetic Algorithm","Stack"],"picked":"Gash","floor":13.0},{"not_picked":["Hologram","Coolheaded"],"picked":"White Noise","floor":14.0},{"not_picked":["Biased Cognition","Amplify"],"picked":"Echo Form","floor":16.0},{"not_picked":["Heatsinks"],"picked":"SKIP","floor":18.0},{"not_picked":["Undo"],"picked":"Leap","floor":22},{"not_picked":["Auto Shields"],"picked":"Self Repair","floor":27},{"not_picked":["Go for the Eyes+1","Melter"],"picked":"SKIP","floor":30},{"not_picked":["Chaos","Streamline"],"picked":"SKIP","floor":31},{"not_picked":["Biased Cognition"],"picked":"Seek","floor":33},{"not_picked":["Cold Snap","Consume"],"picked":"SKIP","floor":35},{"not_picked":["Cold Snap+1","Hello World"],"picked":"SKIP","floor":37},{"not_picked":["Compile Driver"],"picked":"Gash+1","floor":38},{"not_picked":["Double Energy+1","All For One"],"picked":"SKIP","floor":40},{"not_picked":["Self Repair","Static Discharge"],"picked":"SKIP","floor":42},{"not_picked":["Barrage+1","Go for the Eyes+1"],"picked":"SKIP","floor":44},{"not_picked":["Barrage+1","Go for the Eyes+1"],"picked":"SKIP","floor":44},{"not_picked":["Mind Blast"],"picked":"Deep Breath","floor":47},{"not_picked":["Panacea"],"picked":"Finesse","floor":47}],"player_experience":7909,"relics_obtained":[{"floor":6.0,"key":"WingedGreaves"},{"floor":9.0,"key":"Centennial Puzzle"},{"floor":14.0,"key":"Incense Burner"},{"floor":22,"key":"Old Coin"},{"floor":22,"key":"Ornamental Fan"},{"floor":26,"key":"Pantograph"},{"floor":27,"key":"Regal Pillow"},{"floor":31,"key":"Gambling Chip"},{"floor":38,"key":"FossilizedHelix"},{"floor":40,"key":"Pear"},{"floor":42,"key":"Bronze Scales"},{"floor":43,"key":"Oddly Smooth Stone"},{"floor":44,"key":"War Paint"},{"floor":48,"key":"Mercury Hourglass"}],"event_choices":[{"cards_removed":["Defend_B"],"damage_healed":0.0,"max_hp_gain":0.0,"max_hp_loss":0.0,"gold_gain":0.0,"event_name":"Golden Wing","player_choice":"Card Removal","floor":2.0,"gold_loss":0.0,"damage_taken":7.0},{"damage_healed":0.0,"max_hp_gain":0.0,"max_hp_loss":0.0,"gold_gain":0.0,"event_name":"Scrap Ooze","player_choice":"Success","floor":3.0,"gold_loss":0.0,"damage_taken":3.0,"relics_obtained":["Dream Catcher"]},{"damage_healed":0.0,"max_hp_gain":0.0,"max_hp_loss":0.0,"gold_gain":0.0,"event_name":"Golden Idol","player_choice":"Take Damage","floor":4.0,"gold_loss":0.0,"damage_taken":18.0,"relics_obtained":["Golden Idol"]},{"damage_healed":0.0,"max_hp_gain":0.0,"max_hp_loss":0.0,"gold_gain":100.0,"event_name":"Golden Shrine","player_choice":"Pray","floor":11.0,"gold_loss":0.0,"damage_taken":0.0},{"damage_healed":0.0,"max_hp_gain":0.0,"max_hp_loss":0.0,"gold_gain":540.0,"event_name":"Knowing Skull","player_choice":"GOLD GOLD GOLD GOLD GOLD GOLD ","floor":19.0,"potions_obtained":[],"gold_loss":0.0,"damage_taken":49.0,"cards_obtained":[]},{"damage_healed":0,"gold_gain":0,"player_choice":"Ignored","damage_taken":0,"max_hp_gain":0,"max_hp_loss":0,"event_name":"The Mausoleum","floor":21,"gold_loss":0},{"damage_healed":0,"gold_gain":0,"player_choice":"Fight","damage_taken":0,"max_hp_gain":0,"max_hp_loss":0,"event_name":"Colosseum","floor":22,"gold_loss":0},{"damage_healed":0,"gold_gain":0,"player_choice":"Fought Nobs","damage_taken":0,"max_hp_gain":0,"max_hp_loss":0,"event_name":"Colosseum","floor":22,"gold_loss":0},{"cards_removed":["Strike_B"],"damage_healed":0,"gold_gain":0,"player_choice":"Gave Gold","damage_taken":0,"max_hp_gain":0,"max_hp_loss":0,"event_name":"Beggar","floor":24,"gold_loss":75},{"damage_healed":0,"gold_gain":0,"player_choice":"Fight","damage_taken":0,"max_hp_gain":0,"max_hp_loss":0,"event_name":"MindBloom","floor":38,"gold_loss":0},{"damage_healed":0,"gold_gain":0,"player_choice":"Max HP","damage_taken":0,"max_hp_gain":0,"max_hp_loss":4,"event_name":"Winding Halls","floor":45,"gold_loss":0},{"damage_healed":0,"gold_gain":0,"player_choice":"Memory 3","damage_taken":10,"max_hp_gain":0,"max_hp_loss":0,"event_name":"SensoryStone","floor":47,"gold_loss":0}],"is_beta":false,"boss_relics":[{"not_picked":["Calling Bell","Ectoplasm"],"picked":"Busted Crown"},{"not_picked":["Tiny House","Black Star"],"picked":"Empty Cage"}],"items_purged_floors":[8,20,28,36,39],"is_endless":false,"potions_floor_spawned":[5,6,16,18,22,37,40,44],"ascension_level":1}