{"path_per_floor":["M","?","?","M","$","E","M","R","T","?","M","$","R","M","R","B",null,"M","M","?","M","T","R","M","?","T"],"character_chosen":"THE_SILENT","items_purchased":[],"gold_per_floor":[116,116,116,126,51,83,93,93,93,93,114,14,14,35,35,165,165,180,204,204,224,224,224,240,185,230,230],"floor_reached":27,"campfire_rested":1,"playtime":2122,"item_purchase_floors":[],"current_hp_per_floor":[70,70,70,70,70,70,69,69,69,52,52,52,52,52,52,47,70,70,54,54,32,32,53,21,21,28,0],"items_purged":["Strike_G","Strike_G"],"gold":230,"score":238,"play_id":"6bd05639-442a-402d-8fbb-c2cbb6b49674","local_time":"20180609225650","is_prod":false,"is_daily":false,"chose_seed":false,"is_ascension_mode":false,"campfire_upgraded":3,"win_rate":0.0,"timestamp":1528603010,"campfire_choices":[{"data":"Poisoned Stab","floor":8,"key":"SMITH"},{"data":"Tools of the Trade","floor":13,"key":"SMITH"},{"data":"Deadly Poison","floor":15,"key":"SMITH"},{"floor":23,"key":"REST"}],"path_taken":["M","?","?","M","$","E","M","R","T","?","?","$","R","?","R","BOSS","M","M","?","?","?","R","M","?","T","M"],"build_version":"2018-06-07v3","seed_source_timestamp":556206950784000,"purchased_purges":2,"victory":false,"master_deck":["Defend_G","Defend_G","Defend_G","Defend_G","Defend_G","Strike_G+1","Strike_G","Survivor","Neutralize","PiercingWail","Poisoned Stab+1","Bullet Time","Deadly Poison+1","Tools of the Trade+1","Outmaneuver+1","Storm of Steel+1","RitualDagger+1","Storm of Steel+1","Cloak And Dagger+1"],"max_hp_per_floor":[70,70,70,70,70,70,70,70,70,70,70,70,70,70,70,70,70,70,70,70,70,70,70,70,70,77,77],"relics":["Ring of the Snake","NeowsBlessing","Matryoshka","Oddly Smooth Stone","Toxic Egg 2","Golden Idol","Runic Pyramid","Blue Candle","Whetstone","Tiny Chest","Strawberry"],"card_choices":[{"not_picked":["Cloak And Dagger","Dagger Spray"],"picked":"PiercingWail","floor":1},{"not_picked":["Underhanded Strike","Acrobatics"],"picked":"Poisoned Stab","floor":4},{"not_picked":["Heel Hook","Cloak And Dagger"],"picked":"Bullet Time","floor":6},{"not_picked":["Underhanded Strike","Outmaneuver"],"picked":"Deadly Poison","floor":7},{"not_picked":["Terror+1","Flying Knee"],"picked":"Tools of the Trade","floor":11},{"not_picked":["Underhanded Strike","Quick Slash"],"picked":"Outmaneuver+1","floor":14},{"not_picked":["Venomology+1","Phantasmal Killer+1"],"picked":"Storm of Steel+1","floor":16},{"not_picked":["Dagger Spray","Finisher+1","Eviscerate+1"],"picked":"SKIP","floor":18},{"not_picked":["Deflect+1","Slice","Reflex+1"],"picked":"SKIP","floor":19},{"not_picked":["Dagger Spray","Underhanded Strike+1"],"picked":"Storm of Steel+1","floor":21},{"not_picked":["Burst+1","Quick Slash"],"picked":"Cloak And Dagger+1","floor":24}],"player_experience":142419,"potions_floor_usage":[16,16,16,19],"damage_taken":[{"damage":0,"enemies":"Cultist","floor":1,"turns":1},{"damage":0,"enemies":"Small Slimes","floor":4,"turns":1},{"damage":0,"enemies":"Lagavulin","floor":6,"turns":1},{"damage":1,"enemies":"2 Louse","floor":7,"turns":4},{"damage":0,"enemies":"Large Slime","floor":11,"turns":7},{"damage":0,"enemies":"Looter","floor":14,"turns":4},{"damage":5,"enemies":"The Guardian","floor":16,"turns":12},{"damage":0,"enemies":"Spheric Guardian","floor":18,"turns":5},{"damage":16,"enemies":"2 Thieves","floor":19,"turns":4},{"damage":22,"enemies":"Chosen and Byrds","floor":21,"turns":7},{"damage":32,"enemies":"Slaver and Parasite","floor":24,"turns":8},{"damage":61,"enemies":"Cultist and Chosen","floor":27,"turns":7}],"relics_obtained":[{"floor":6,"key":"Matryoshka"},{"floor":9,"key":"Oddly Smooth Stone"},{"floor":9,"key":"Toxic Egg 2"},{"floor":22,"key":"Blue Candle"},{"floor":22,"key":"Whetstone"},{"floor":26,"key":"Strawberry"}],"event_choices":[{"event_name":"Wheel of Change","player_choice":"Full Heal","floor":2,"damage_taken":0},{"event_name":"Living Wall","player_choice":"Forget","floor":3,"damage_taken":0},{"event_name":"Golden Idol","player_choice":"Take Damage","floor":10,"damage_taken":0},{"event_name":"Nest","player_choice":"Joined the Cult","floor":20,"damage_taken":0},{"event_name":"Addict","player_choice":"Obtained Relic","floor":25,"damage_taken":0}],"boss_relics":[{"not_picked":["Black Star","White Beast Statue"],"picked":"Runic Pyramid"}],"items_purged_floors":[5,12],"potions_floor_spawned":[4,6,7,11,16],"seed_played":"-8054119397139057895","killed_by":"Cultist and Chosen","ascension_level":0,"potions_obtained":[{"floor":4,"key":"SkillPotion"},{"floor":6,"key":"Dexterity Potion"},{"floor":7,"key":"SkillPotion"},{"floor":11,"key":"AttackPotion"},{"floor":16,"key":"Explosive Potion"}],"is_trial":false}