{"gold_per_floor":[117,132,132,132,145,145,162,162,162,162,182,200,375,77,77,177,177,193,193,93,108,108,108,120,120,194,211,227,227,237,237,237,338,338,350,350],"floor_reached":36,"playtime":2245,"items_purged":["Doubt","Zap"],"score":469,"play_id":"c19d5615-ba55-46e6-96be-89e713dcc648","local_time":"20180712225240","is_ascension_mode":true,"campfire_choices":[{"data":"Darkness","floor":6,"key":"SMITH"},{"data":"Consume","floor":8,"key":"SMITH"},{"data":"Dualcast","floor":10,"key":"SMITH"},{"data":"Loop","floor":15,"key":"SMITH"},{"floor":23,"key":"REST"},{"floor":25,"key":"REST"},{"floor":29,"key":"REST"},{"floor":32,"key":"REST"}],"neow_cost":"NONE","seed_source_timestamp":97519942990312,"circlet_count":0,"master_deck":["Defend_B","Defend_B","Defend_B","Defend_B","Dualcast+1","Darkness+1","Consume+1","Loop+1","Biased Cognition","Defragment+1","Undo+1","Force Field","Multi-Cast","Self Repair"],"relics":["Empty Cage","Question Card","DataDisk","Lizard Tail","Ornamental Fan","Eternal Feather"],"potions_floor_usage":[11,18,28,31,31,31],"damage_taken":[{"damage":1,"enemies":"Cultist","floor":1,"turns":4},{"damage":5,"enemies":"2 Louse","floor":2,"turns":2},{"damage":3,"enemies":"Jaw Worm","floor":5,"turns":4},{"damage":0,"enemies":"Exordium Thugs","floor":7,"turns":4},{"damage":6,"enemies":"Large Slime","floor":11,"turns":4},{"damage":10,"enemies":"Exordium Wildlife","floor":12,"turns":4},{"damage":31,"enemies":"Hexaghost","floor":16,"turns":5},{"damage":35,"enemies":"2 Thieves","floor":18,"turns":4},{"damage":7,"enemies":"Chosen","floor":21,"turns":3},{"damage":27,"enemies":"Snecko","floor":24,"turns":4},{"damage":26,"enemies":"Cultist and Chosen","floor":27,"turns":6},{"damage":37,"enemies":"Centurion and Healer","floor":28,"turns":6},{"damage":32,"enemies":"Snake Plant","floor":30,"turns":5},{"damage":0,"enemies":"Gremlin Leader","floor":31,"turns":1},{"damage":10,"enemies":"Champ","floor":33,"turns":8},{"damage":27,"enemies":"3 Shapes","floor":35,"turns":5},{"damage":50,"enemies":"Flame Bruiser 1 Orb","floor":36,"turns":3}],"seed_played":"3598058563054045570","potions_obtained":[{"floor":5,"key":"Regen Potion"},{"floor":11,"key":"SkillPotion"},{"floor":12,"key":"SmokeBomb"},{"floor":16,"key":"EssenceOfSteel"},{"floor":24,"key":"Poison Potion"},{"floor":28,"key":"PowerPotion"},{"floor":35,"key":"Poison Potion"}],"is_trial":false,"path_per_floor":["M","M","?","?","M","R","M","R","T","R","M","M","?","$","R","B",null,"M","?","$","M","?","R","M","R","T","M","M","R","M","E","R","B",null,"M"],"character_chosen":"DEFECT","items_purchased":["Loop","DataDisk"],"campfire_rested":4,"item_purchase_floors":[14,14],"current_hp_per_floor":[74,69,62,62,59,59,59,59,59,59,62,52,52,52,52,21,75,40,40,40,33,33,55,28,50,50,24,26,48,16,16,38,28,75,48,0],"gold":350,"neow_bonus":"BOSS_RELIC","is_prod":false,"is_daily":false,"chose_seed":false,"campfire_upgraded":4,"win_rate":0,"timestamp":1531453960,"path_taken":["M","M","?","?","?","R","M","R","T","R","M","M","?","$","R","BOSS","M","?","$","?","?","R","M","R","T","?","M","R","?","E","R","BOSS","M","M"],"build_version":"2018-07-12","purchased_purges":2,"victory":false,"max_hp_per_floor":[75,75,75,75,75,75,75,75,75,75,75,75,75,75,75,75,75,75,75,75,75,75,75,75,75,75,75,75,75,75,75,75,75,75,75,75],"card_choices":[{"not_picked":["Hologram","Turbo"],"picked":"Darkness","floor":1},{"not_picked":["Beam Cell","Gash"],"picked":"Consume","floor":2},{"not_picked":["All For One","Storm","Conserve Battery"],"picked":"SKIP","floor":5},{"not_picked":["Gash","Go for the Eyes","Genetic Algorithm"],"picked":"SKIP","floor":7},{"not_picked":["Go for the Eyes","Coolheaded","Tempest","Stack"],"picked":"SKIP","floor":11},{"not_picked":["Hologram","Coolheaded","Skim","Double Energy"],"picked":"SKIP","floor":12},{"not_picked":["Buffer","Fission","All For One"],"picked":"Biased Cognition","floor":16},{"not_picked":["Leap","Turbo","Go for the Eyes"],"picked":"Defragment+1","floor":18},{"not_picked":["Chaos","Barrage","Darkness","Hologram"],"picked":"SKIP","floor":21},{"not_picked":["FTL+1","Darkness","Stack+1","Sweeping Beam"],"picked":"SKIP","floor":24},{"not_picked":["Conserve Battery","Sweeping Beam+1","Chill","Streamline+1"],"picked":"SKIP","floor":27},{"not_picked":["Leap+1","Aggregate","White Noise"],"picked":"Undo+1","floor":28},{"not_picked":["Skim","Barrage+1","Recycle"],"picked":"Force Field","floor":30},{"not_picked":["Core Surge","Buffer","Hyperbeam"],"picked":"Multi-Cast","floor":33},{"not_picked":["Undo","Chill+1","Ball Lightning"],"picked":"Self Repair","floor":35}],"player_experience":287194,"relics_obtained":[{"floor":9,"key":"Question Card"},{"floor":26,"key":"Ornamental Fan"}],"event_choices":[{"event_name":"Golden Wing","player_choice":"Card Removal","floor":3,"damage_taken":0},{"event_name":"Living Wall","player_choice":"Forget","floor":4,"damage_taken":0},{"event_name":"Liars Game","player_choice":"agreed","floor":13,"damage_taken":0},{"event_name":"Drug Dealer","player_choice":"Ignored","floor":19,"damage_taken":0},{"event_name":"Cursed Tome","player_choice":"Ignored","floor":22,"damage_taken":0}],"boss_relics":[{"not_picked":["Ectoplasm","Philosopher\u0027s Stone"],"picked":"Lizard Tail"},{"not_picked":["Cursed Key","Pandora\u0027s Box"],"picked":"Eternal Feather"}],"items_purged_floors":[14,20],"is_endless":false,"potions_floor_spawned":[5,11,12,16,24,28,30,35],"killed_by":"Flame Bruiser 1 Orb","ascension_level":2}