{"gold_per_floor":[109,119,44,64,79,110,110,143,143,143,163,238,55,75,75,180,180,192,192,192,192,94,94,126,126,199,299,299,314,329,329],"floor_reached":31,"playtime":738,"items_purged":["Defend_R","Defend_R"],"score":276,"play_id":"c548de6f-d3ce-461e-956f-79a3007abf1c","local_time":"20181209012936","is_ascension_mode":true,"campfire_choices":[{"data":"Perfected Strike","floor":7.0,"key":"SMITH"},{"data":"Bash","floor":10.0,"key":"SMITH"},{"data":"Rampage","floor":15.0,"key":"SMITH"},{"data":"Perfected Strike","floor":23.0,"key":"SMITH"},{"data":"Swift Strike","floor":25.0,"key":"SMITH"},{"data":"Strike_R","floor":28.0,"key":"SMITH"}],"neow_cost":"NONE","seed_source_timestamp":180994062400312,"circlet_count":0,"master_deck":["Strike_R","Strike_R","Strike_R","Strike_R","Strike_R+1","Defend_R+1","Bash+1","Shrug It Off+1","Perfected Strike+1","Rampage+1","Bludgeon+1","The Bomb+1","Double Tap+1","Rage+1","Perfected Strike+1","Swift Strike+1","Twin Strike+1","Whirlwind","Iron Wave+1"],"special_seed":0,"relics":["Burning Blood","Regal Pillow","Potion Belt","War Paint","Oddly Smooth Stone","Astrolabe","Gremlin Horn","Paper Frog"],"potions_floor_usage":[30,31],"damage_taken":[{"damage":6.0,"enemies":"Cultist","floor":1.0,"turns":4.0},{"damage":1.0,"enemies":"2 Louse","floor":2.0,"turns":2.0},{"damage":2.0,"enemies":"Small Slimes","floor":4.0,"turns":4.0},{"damage":16.0,"enemies":"Exordium Wildlife","floor":5.0,"turns":7.0},{"damage":49.0,"enemies":"Lagavulin","floor":6.0,"turns":7.0},{"damage":16.0,"enemies":"Gremlin Nob","floor":8.0,"turns":4.0},{"damage":0.0,"enemies":"2 Fungi Beasts","floor":11.0,"turns":3.0},{"damage":0.0,"enemies":"Gremlin Gang","floor":14.0,"turns":5.0},{"damage":16.0,"enemies":"Hexaghost","floor":16.0,"turns":7.0},{"damage":0.0,"enemies":"Spheric Guardian","floor":18.0,"turns":3.0},{"damage":52.0,"enemies":"Slavers","floor":24.0,"turns":6.0},{"damage":0.0,"enemies":"3 Byrds","floor":29.0,"turns":4.0},{"damage":20,"enemies":"Centurion and Healer","floor":30,"turns":3},{"damage":14,"enemies":"Snake Plant","floor":31,"turns":1}],"seed_played":"-1820446004212914348","potions_obtained":[{"floor":2.0,"key":"Swift Potion"},{"floor":8.0,"key":"Regen Potion"},{"floor":11.0,"key":"SteroidPotion"},{"floor":16.0,"key":"LiquidBronze"}],"is_trial":false,"path_per_floor":["M","M","$","M","M","E","R","E","T","R","M","?","$","M","R","B",null,"M","?","?","$","$","R","E","R","T","?","R","M","M","M"],"character_chosen":"IRONCLAD","items_purchased":["Good Instincts","Swift Strike"],"campfire_rested":0,"item_purchase_floors":[13,22],"current_hp_per_floor":[80,80,80,80,70,27,27,17,17,17,23,12,12,18,18,22,80,80,80,65,65,65,65,19,19,19,19,19,25,11,0],"gold":329,"neow_bonus":"RANDOM_COMMON_RELIC","is_prod":false,"is_daily":false,"chose_seed":false,"campfire_upgraded":6,"win_rate":1,"timestamp":1544329776,"path_taken":["M","?","$","M","M","E","R","E","T","R","M","?","$","M","R","BOSS","M","?","?","?","$","R","E","R","T","?","R","?","M","M"],"build_version":"2018-11-15","purchased_purges":2,"victory":false,"max_hp_per_floor":[80,80,80,80,80,80,80,80,80,80,80,80,80,80,80,80,80,80,80,85,85,85,85,85,85,85,85,85,85,85,85],"card_choices":[{"not_picked":["Anger","Cleave","Pummel"],"picked":"SKIP","floor":1.0},{"not_picked":["Second Wind","Intimidate"],"picked":"Shrug It Off","floor":2.0},{"not_picked":["Pummel","Seeing Red","Heavy Blade"],"picked":"SKIP","floor":4.0},{"not_picked":["Power Through","Anger"],"picked":"Perfected Strike","floor":5.0},{"not_picked":["Reckless Charge","Sever Soul","Sword Boomerang"],"picked":"SKIP","floor":6.0},{"not_picked":["Cleave","Warcry","Headbutt"],"picked":"SKIP","floor":8.0},{"not_picked":["Flex","Thunderclap"],"picked":"Clash","floor":11.0},{"not_picked":["Entrench","True Grit"],"picked":"Rampage","floor":14.0},{"not_picked":["Thunderclap","Fire Breathing+1"],"picked":"Rage+1","floor":18.0},{"not_picked":["Reckless Charge+1","Burning Pact"],"picked":"Twin Strike+1","floor":24.0},{"not_picked":["True Grit","Power Through"],"picked":"Whirlwind","floor":29.0},{"not_picked":["Flex+1","Headbutt"],"picked":"Iron Wave+1","floor":30}],"player_experience":4847,"relics_obtained":[{"floor":6.0,"key":"Potion Belt"},{"floor":8.0,"key":"War Paint"},{"floor":9.0,"key":"Oddly Smooth Stone"},{"floor":24.0,"key":"Gremlin Horn"},{"floor":26.0,"key":"Paper Frog"}],"event_choices":[{"damage_healed":0.0,"max_hp_gain":0.0,"max_hp_loss":0.0,"gold_gain":75.0,"event_name":"World of Goop","player_choice":"Gather Gold","floor":12.0,"gold_loss":0.0,"damage_taken":11.0},{"damage_healed":0.0,"max_hp_gain":0.0,"max_hp_loss":0.0,"gold_gain":0.0,"event_name":"The Library","player_choice":"Read","floor":19.0,"gold_loss":0.0,"damage_taken":0.0,"cards_obtained":["Perfected Strike"]},{"damage_healed":0.0,"max_hp_gain":5.0,"max_hp_loss":0.0,"gold_gain":0.0,"event_name":"Forgotten Altar","player_choice":"Shed Blood","floor":20.0,"gold_loss":0.0,"damage_taken":20.0},{"damage_healed":0.0,"max_hp_gain":0.0,"max_hp_loss":0.0,"gold_gain":100.0,"event_name":"Golden Shrine","player_choice":"Pray","floor":27.0,"gold_loss":0.0,"damage_taken":0.0}],"is_beta":false,"boss_relics":[{"not_picked":["Empty Cage","Mark of Pain"],"picked":"Astrolabe"}],"items_purged_floors":[3,13],"is_endless":false,"potions_floor_spawned":[2,8,11,16],"killed_by":"Snake Plant","ascension_level":1}