{"gold_per_floor":[119,194,205,205,71,71,86,97,120,150,169,181,181,210,210,315,315,331,291,304,304,394,394,243,278,290,316,328,355,367,409,421,433],"floor_reached":33,"playtime":1631,"items_purged":["Strike_R"],"score":320,"play_id":"ea6c67e7-670d-418d-8937-038c8d637049","local_time":"20190209125518","is_ascension_mode":false,"campfire_choices":[{"floor":6.0,"key":"RECALL"},{"floor":13.0,"key":"REST"},{"floor":15.0,"key":"REST"},{"data":"Heavy Blade","floor":23,"key":"SMITH"},{"data":"Whirlwind","floor":30,"key":"SMITH"},{"data":"True Grit","floor":32,"key":"SMITH"}],"neow_cost":"NONE","seed_source_timestamp":16229346971736,"circlet_count":0,"master_deck":["Strike_R+1","Strike_R","Strike_R","Defend_R","Defend_R","Defend_R","Defend_R","Bash","Headbutt","Carnage+1","Body Slam+1","Pommel Strike","Shrug It Off","Inflame","Rampage+1","Pummel","Impervious","Heavy Blade+1","True Grit+1","Cleave","Rage","Whirlwind+1","Inflame","Thunderclap+1"],"special_seed":0,"relics":["Burning Blood","Happy Flower","Anchor","Juzu Bracelet","Self Forming Clay","Whetstone","Mark of Pain","MawBank","Champion Belt"],"potions_floor_usage":[25,25,27,33],"damage_taken":[{"damage":9.0,"enemies":"2 Louse","floor":1.0,"turns":2.0},{"damage":1.0,"enemies":"Cultist","floor":3.0,"turns":3.0},{"damage":1.0,"enemies":"Jaw Worm","floor":7.0,"turns":2.0},{"damage":0.0,"enemies":"Exordium Wildlife","floor":8.0,"turns":2.0},{"damage":49.0,"enemies":"Lagavulin","floor":10.0,"turns":7.0},{"damage":0.0,"enemies":"Looter","floor":11.0,"turns":2.0},{"damage":5.0,"enemies":"Lots of Slimes","floor":12.0,"turns":3.0},{"damage":14.0,"enemies":"Gremlin Nob","floor":14.0,"turns":3.0},{"damage":67.0,"enemies":"Hexaghost","floor":16.0,"turns":9.0},{"damage":0.0,"enemies":"Chosen","floor":18.0,"turns":3.0},{"damage":2,"enemies":"Spheric Guardian","floor":20,"turns":3},{"damage":17,"enemies":"Book of Stabbing","floor":25,"turns":5},{"damage":10,"enemies":"Centurion and Healer","floor":27,"turns":4},{"damage":15,"enemies":"Snecko","floor":29,"turns":6},{"damage":0,"enemies":"Gremlin Leader","floor":31,"turns":6},{"damage":69,"enemies":"Automaton","floor":33,"turns":8}],"seed_played":"4157099145614168140","potions_obtained":[{"floor":7.0,"key":"SkillPotion"},{"floor":8.0,"key":"GamblersBrew"},{"floor":12.0,"key":"FearPotion"},{"floor":14.0,"key":"SteroidPotion"},{"floor":20,"key":"AttackPotion"},{"floor":27,"key":"Energy Potion"},{"floor":29,"key":"SteroidPotion"},{"floor":31,"key":"LiquidBronze"}],"is_trial":false,"path_per_floor":["M","?","M","?","?","R","M","M","T","E","M","M","R","E","R","B",null,"M","?","M","?","?","R","$","E","T","M","?","M","R","E","R","B"],"character_chosen":"IRONCLAD","items_purchased":["True Grit","Cleave"],"campfire_rested":2,"item_purchase_floors":[24,24],"current_hp_per_floor":[77,66,71,64,64,64,69,75,75,32,38,39,63,55,79,18,80,80,80,80,80,56,56,56,45,45,41,67,58,58,64,64,0],"gold":433,"neow_bonus":"RANDOM_COMMON_RELIC","is_prod":false,"is_daily":false,"chose_seed":false,"campfire_upgraded":3,"win_rate":0,"timestamp":1549738518,"path_taken":["M","?","M","?","?","R","M","?","T","E","M","M","R","E","R","BOSS","M","?","M","?","?","R","$","E","T","M","?","M","R","E","R","BOSS"],"build_version":"2019-01-23","purchased_purges":1,"victory":false,"max_hp_per_floor":[80,80,80,80,80,80,80,80,80,80,80,80,80,80,80,80,80,80,80,80,80,80,80,80,80,80,80,80,80,80,80,80,80],"card_choices":[{"not_picked":["Wild Strike","Evolve"],"picked":"Headbutt","floor":1.0},{"not_picked":["Body Slam","Perfected Strike"],"picked":"Carnage","floor":3.0},{"not_picked":["Warcry","True Grit"],"picked":"Body Slam","floor":7.0},{"not_picked":["Dark Embrace","Power Through"],"picked":"Pommel Strike","floor":8.0},{"not_picked":["Warcry","Rampage"],"picked":"Shrug It Off","floor":10.0},{"not_picked":["Pommel Strike","Clash"],"picked":"Inflame","floor":11.0},{"not_picked":["Hemokinesis","Corruption"],"picked":"Rampage","floor":12.0},{"not_picked":["Anger","Wild Strike"],"picked":"Pummel","floor":14.0},{"not_picked":["Berserk","Exhume"],"picked":"Impervious","floor":16.0},{"not_picked":["Warcry","Corruption","Thunderclap"],"picked":"SKIP","floor":18.0},{"not_picked":["Anger","Pommel Strike"],"picked":"Heavy Blade","floor":20},{"not_picked":["Searing Blow","Clash+1"],"picked":"Rage","floor":25},{"not_picked":["Rupture","Iron Wave"],"picked":"Whirlwind","floor":27},{"not_picked":["Second Wind","Anger"],"picked":"Inflame","floor":29},{"not_picked":["Havoc+1","Wild Strike"],"picked":"Thunderclap+1","floor":31}],"player_experience":397286,"relics_obtained":[{"floor":9.0,"key":"Juzu Bracelet"},{"floor":10.0,"key":"Self Forming Clay"},{"floor":14.0,"key":"Whetstone"},{"floor":25,"key":"MawBank"},{"floor":31,"key":"Champion Belt"}],"event_choices":[{"damage_healed":0.0,"max_hp_gain":0.0,"max_hp_loss":0.0,"gold_gain":75.0,"event_name":"World of Goop","player_choice":"Gather Gold","floor":2.0,"gold_loss":0.0,"damage_taken":11.0},{"cards_removed":["Strike_R"],"damage_healed":0.0,"max_hp_gain":0.0,"max_hp_loss":0.0,"gold_gain":0.0,"event_name":"Golden Wing","player_choice":"Card Removal","floor":4.0,"gold_loss":0.0,"damage_taken":7.0},{"damage_healed":0.0,"max_hp_gain":0.0,"max_hp_loss":0.0,"gold_gain":0.0,"event_name":"WeMeetAgain","player_choice":"Paid Gold","floor":5.0,"gold_loss":134.0,"damage_taken":0.0,"relics_obtained":["Anchor"]},{"damage_healed":0,"gold_gain":0,"player_choice":"Upgrade","damage_taken":0,"max_hp_gain":0,"max_hp_loss":0,"event_name":"Designer","floor":19,"gold_loss":40,"cards_upgraded":["Body Slam"]},{"damage_healed":0,"gold_gain":0,"player_choice":"Forge","damage_taken":0,"max_hp_gain":0,"max_hp_loss":0,"event_name":"Accursed Blacksmith","floor":21,"gold_loss":0,"cards_upgraded":["Carnage"]},{"damage_healed":0,"gold_gain":90,"player_choice":"GOLD POTION ","damage_taken":24,"max_hp_gain":0,"max_hp_loss":0,"event_name":"Knowing Skull","floor":22,"potions_obtained":["Weak Potion"],"gold_loss":0,"cards_obtained":[]},{"damage_healed":26,"gold_gain":0,"player_choice":"Heal","damage_taken":0,"max_hp_gain":0,"max_hp_loss":0,"event_name":"The Library","floor":28,"gold_loss":0}],"is_beta":false,"boss_relics":[{"not_picked":["Fusion Hammer","Pandora\u0027s Box"],"picked":"Mark of Pain"}],"items_purged_floors":[24],"is_endless":false,"potions_floor_spawned":[7,8,12,14,20,27,29,31],"killed_by":"Automaton","ascension_level":0}