{"gold_per_floor":[113,113,113,44,54,85,103,126,150,150,161,161,188,205,205,305,305,323,341,187,204,204,204,303,303,303,314,112,112,125,0,0,0],"floor_reached":33,"playtime":2079,"items_purged":["Heavy Blade","Combust"],"score":350,"play_id":"446df4c1-f840-4355-933c-1df80d715481","local_time":"20180708094418","is_ascension_mode":true,"campfire_choices":[{"data":"Armaments","floor":10.0,"key":"SMITH"},{"data":"Searing Blow","floor":12.0,"key":"SMITH"},{"data":"Searing Blow+1","floor":15.0,"key":"SMITH"},{"data":"Searing Blow+2","floor":23,"key":"SMITH"},{"data":"Searing Blow+3","floor":25,"key":"SMITH"},{"data":"Searing Blow+4","floor":29,"key":"SMITH"},{"data":"Searing Blow+5","floor":32,"key":"SMITH"}],"neow_cost":"NONE","seed_source_timestamp":0,"circlet_count":0,"master_deck":["Bash","Cleave","Exhume","Searing Blow+6","Armaments+1","Double Tap","Carnage","Pummel","True Grit","Infernal Blade","Havoc","True Grit","Metallicize","Metallicize","Bandage Up"],"special_seed":0,"relics":["Burning Blood","NeowsBlessing","Dream Catcher","Pen Nib","Art of War","Bag of Marbles","Pandora\u0027s Box","Regal Pillow"],"potions_floor_usage":[27,27,30],"damage_taken":[{"damage":0.0,"enemies":"2 Louse","floor":1.0,"turns":1.0},{"damage":0.0,"enemies":"Cultist","floor":5.0,"turns":1.0},{"damage":0.0,"enemies":"3 Sentries","floor":6.0,"turns":2.0},{"damage":12.0,"enemies":"Jaw Worm","floor":7.0,"turns":3.0},{"damage":9.0,"enemies":"Exordium Wildlife","floor":11.0,"turns":6.0},{"damage":16.0,"enemies":"Gremlin Nob","floor":13.0,"turns":3.0},{"damage":11.0,"enemies":"Lots of Slimes","floor":14.0,"turns":4.0},{"damage":51.0,"enemies":"Hexaghost","floor":16.0,"turns":9.0},{"damage":33.0,"enemies":"3 Byrds","floor":18.0,"turns":5.0},{"damage":23,"enemies":"Spheric Guardian","floor":19,"turns":4},{"damage":0,"enemies":"Snake Plant","floor":21,"turns":1},{"damage":9,"enemies":"Cultist and Chosen","floor":27,"turns":4},{"damage":19,"enemies":"Chosen and Byrds","floor":30,"turns":5},{"damage":68,"enemies":"Automaton","floor":33,"turns":8}],"seed_played":"4260488324921254176","potions_obtained":[{"floor":1.0,"key":"PowerPotion"},{"floor":6.0,"key":"Energy Potion"},{"floor":7.0,"key":"AttackPotion"},{"floor":18,"key":"SkillPotion"},{"floor":19,"key":"AttackPotion"},{"floor":21,"key":"BloodPotion"}],"is_trial":false,"path_per_floor":["M","?","?","$","M","E","M","T","T","R","M","R","E","M","R","B",null,"M","M","$","M","?","R","?","R","T","M","$","R","M","?","R"],"character_chosen":"IRONCLAD","items_purchased":["Searing Blow","Metallicize","Bandage Up"],"campfire_rested":0,"item_purchase_floors":[4,20,28],"current_hp_per_floor":[80,80,80,80,80,80,74,74,74,74,71,71,61,56,56,11,63,36,19,19,25,51,51,51,51,51,56,56,56,55,55,55,0],"gold":0,"neow_bonus":"THREE_ENEMY_KILL","is_prod":false,"is_daily":false,"chose_seed":false,"campfire_upgraded":7,"win_rate":0,"timestamp":1531061058,"path_taken":["M","?","?","$","?","E","M","?","T","R","M","R","E","M","R","BOSS","M","?","$","M","?","R","?","R","T","M","$","R","M","?","R","BOSS"],"build_version":"2018-07-05","purchased_purges":2,"victory":false,"max_hp_per_floor":[80,80,80,80,80,80,80,80,80,80,80,80,80,80,80,80,80,80,80,80,80,80,80,80,80,80,80,80,80,80,80,80,80],"card_choices":[{"not_picked":["Combust","Fire Breathing"],"picked":"Cleave","floor":1.0},{"not_picked":["Corruption","Sword Boomerang"],"picked":"Armaments","floor":5.0},{"not_picked":["Clash","Armaments","Fire Breathing"],"picked":"SKIP","floor":6.0},{"not_picked":["Flex","Clothesline","Perfected Strike"],"picked":"SKIP","floor":7.0},{"not_picked":["Thunderclap","Armaments","Shrug It Off"],"picked":"SKIP","floor":11.0},{"not_picked":["Hemokinesis","Shockwave","Rupture"],"picked":"SKIP","floor":13.0},{"not_picked":["Warcry","Shrug It Off","Infernal Blade"],"picked":"SKIP","floor":14.0},{"not_picked":["Dark Embrace","Brutality"],"picked":"Double Tap","floor":16.0},{"not_picked":["Armaments","Warcry","Double Tap"],"picked":"SKIP","floor":18},{"not_picked":["Carnage","Havoc","Wild Strike"],"picked":"SKIP","floor":19},{"not_picked":["Sword Boomerang","Sever Soul+1","Cleave+1"],"picked":"SKIP","floor":21},{"not_picked":["Carnage","Rampage+1"],"picked":"Metallicize","floor":27},{"not_picked":["Entrench","Clothesline","Pommel Strike"],"picked":"SKIP","floor":30}],"player_experience":266323,"relics_obtained":[{"floor":6.0,"key":"Dream Catcher"},{"floor":8.0,"key":"Pen Nib"},{"floor":9.0,"key":"Art of War"},{"floor":13.0,"key":"Bag of Marbles"},{"floor":26,"key":"Regal Pillow"}],"event_choices":[{"event_name":"Accursed Blacksmith","player_choice":"Ignore","floor":2.0,"damage_taken":0.0},{"event_name":"Transmorgrifier","player_choice":"Transform","floor":3.0,"damage_taken":0.0},{"event_name":"The Library","player_choice":"Heal","floor":22,"damage_taken":0},{"event_name":"Nest","player_choice":"Stole From Cult","floor":24,"damage_taken":0},{"event_name":"Masked Bandits","player_choice":"Paid Bandits 125 gold","floor":31,"damage_taken":0}],"boss_relics":[{"not_picked":["Cursed Key","Runic Dome"],"picked":"Pandora\u0027s Box"}],"items_purged_floors":[20,28],"is_endless":false,"potions_floor_spawned":[1,6,7,18,19,21],"killed_by":"Automaton","ascension_level":5}