{"gold_per_floor":[109,109,34,45,63,88,88,107,176,76,76,92,92,108,108,205,205,219,229,263,282,282,311,311,104,104,104,118,130,141,56,56,154,154,170,170,20,37,52,52,52,66,66,66,66,111,123,139,139,139],"floor_reached":51,"playtime":1701,"items_purged":["Doom and Gloom","Quick Slash","Leg Sweep","Noxious Fumes+1"],"score":971,"play_id":"9d561e97-fe13-4354-87da-8f977078be22","local_time":"20190214230452","daily_mods":["SealedDeck","Diverse"],"is_ascension_mode":false,"campfire_choices":[{"data":"Coolheaded","floor":7.0,"key":"SMITH"},{"data":"Noxious Fumes","floor":11.0,"key":"SMITH"},{"data":"Noxious Fumes","floor":13.0,"key":"SMITH"},{"data":"Deflect","floor":15.0,"key":"SMITH"},{"data":"Double Energy","floor":24.0,"key":"SMITH"},{"data":"Expertise","floor":27.0,"key":"SMITH"},{"data":"Trip","floor":32.0,"key":"SMITH"},{"data":"Madness","floor":40.0,"key":"SMITH"},{"data":"Madness","floor":44,"key":"SMITH"},{"data":"Acrobatics","floor":49,"key":"SMITH"}],"neow_cost":"","seed_source_timestamp":0,"circlet_count":0,"master_deck":["Double Energy+1","Expertise+1","Disarm","Coolheaded+1","Deflect+1","Gash","Noxious Fumes+1","Gash","Trip+1","Madness+1","Madness+1","Acrobatics+1"],"special_seed":0,"relics":["Cracked Core","FossilizedHelix","Bag of Preparation","Pantograph","Sozu","Red Mask","Ancient Tea Set","Omamori","Ginger","Busted Crown","Question Card","Ice Cream"],"potions_floor_usage":[],"damage_taken":[{"damage":2.0,"enemies":"Cultist","floor":1.0,"turns":3.0},{"damage":0.0,"enemies":"2 Louse","floor":4.0,"turns":3.0},{"damage":0.0,"enemies":"Small Slimes","floor":5.0,"turns":3.0},{"damage":8.0,"enemies":"3 Sentries","floor":6.0,"turns":6.0},{"damage":0.0,"enemies":"Looter","floor":8.0,"turns":2.0},{"damage":0.0,"enemies":"2 Fungi Beasts","floor":12.0,"turns":2.0},{"damage":0.0,"enemies":"Lots of Slimes","floor":14.0,"turns":3.0},{"damage":0.0,"enemies":"Slime Boss","floor":16.0,"turns":5.0},{"damage":0.0,"enemies":"3 Byrds","floor":18.0,"turns":3.0},{"damage":0.0,"enemies":"2 Thieves","floor":19.0,"turns":3.0},{"damage":0.0,"enemies":"Masked Bandits","floor":20.0,"turns":3.0},{"damage":0.0,"enemies":"Cultist and Chosen","floor":21.0,"turns":3.0},{"damage":0.0,"enemies":"Book of Stabbing","floor":23.0,"turns":2.0},{"damage":0.0,"enemies":"Snake Plant","floor":28.0,"turns":1.0},{"damage":0.0,"enemies":"Centurion and Healer","floor":29.0,"turns":2.0},{"damage":0.0,"enemies":"Sentry and Sphere","floor":30.0,"turns":1.0},{"damage":0.0,"enemies":"Automaton","floor":33.0,"turns":1.0},{"damage":0.0,"enemies":"Orb Walker","floor":35.0,"turns":1.0},{"damage":0.0,"enemies":"3 Shapes","floor":38.0,"turns":1.0},{"damage":0.0,"enemies":"Sphere and 2 Shapes","floor":39.0,"turns":1.0},{"damage":0,"enemies":"Transient","floor":42,"turns":1},{"damage":0,"enemies":"2 Orb Walkers","floor":46,"turns":1},{"damage":0,"enemies":"Writhing Mass","floor":47,"turns":1},{"damage":0,"enemies":"Jaw Worm Horde","floor":48,"turns":1},{"damage":0,"enemies":"Donu and Deca","floor":50,"turns":1}],"seed_played":"-6324459943542077396","potions_obtained":[{"floor":1.0,"key":"Energy Potion"},{"floor":4.0,"key":"Explosive Potion"},{"floor":14.0,"key":"Dexterity Potion"}],"is_trial":true,"path_per_floor":["M","?","$","M","M","E","R","M","T","$","R","M","R","M","R","B",null,"M","M","?","M","?","E","R","$","T","R","M","M","M","?","R","B",null,"M","?","$","M","M","R","?","M","T","R","$","?","M","M","R","B",null],"character_chosen":"DEFECT","items_purchased":["Trip"],"campfire_rested":0,"item_purchase_floors":[25],"current_hp_per_floor":[73,61,61,61,61,53,53,53,53,53,53,53,53,53,53,75,75,75,75,75,75,75,75,75,75,75,75,75,75,75,75,75,75,75,75,66,66,66,66,66,66,66,66,66,66,66,66,66,66,75],"gold":139,"neow_bonus":"","is_prod":false,"is_daily":false,"chose_seed":false,"campfire_upgraded":10,"win_rate":0,"timestamp":1550196292,"path_taken":["M","?","$","M","M","E","R","M","T","$","R","M","R","M","R","BOSS","M","M","?","M","?","E","R","$","T","R","?","M","M","?","R","BOSS","M","?","$","M","M","R","?","?","T","R","$","?","M","M","R","BOSS"],"build_version":"2018-11-15","purchased_purges":4,"victory":true,"max_hp_per_floor":[75,75,75,75,75,75,75,75,75,75,75,75,75,75,75,75,75,75,75,75,75,75,75,75,75,75,75,75,75,75,75,75,75,75,75,75,75,75,75,75,75,75,75,75,75,75,75,75,75,75],"card_choices":[{"not_picked":["Clash","Endless Agony"],"picked":"Noxious Fumes","floor":1.0},{"not_picked":["Dual Wield","Perfected Strike","Redo"],"picked":"SKIP","floor":4.0},{"not_picked":["Bane","Sentinel","Rebound"],"picked":"SKIP","floor":5.0},{"not_picked":["Thunderclap","Redo"],"picked":"Noxious Fumes","floor":6.0},{"not_picked":["Clothesline","Capacitor","Reprogram"],"picked":"SKIP","floor":8.0},{"not_picked":["Riddle With Holes","Flex","Backstab"],"picked":"SKIP","floor":12.0},{"not_picked":["Ball Lightning","Sucker Punch","Choke"],"picked":"SKIP","floor":14.0},{"not_picked":["Storm","Crippling Poison","Noxious Fumes+1"],"picked":"SKIP","floor":18.0},{"not_picked":["Entrench","Blood for Blood","Armaments"],"picked":"SKIP","floor":19.0},{"not_picked":["Compile Driver","Clash"],"picked":"Gash","floor":21.0},{"not_picked":["Creative AI","Dodge and Roll","Entrench"],"picked":"SKIP","floor":23.0},{"not_picked":["Rampage+1","Body Slam","Riddle With Holes+1"],"picked":"SKIP","floor":28.0},{"not_picked":["Sucker Punch","Calculated Gamble","Uppercut"],"picked":"SKIP","floor":29.0},{"not_picked":["Headbutt+1","Disarm","Flying Knee"],"picked":"SKIP","floor":30.0},{"not_picked":["Flying Knee+1"],"picked":"SKIP","floor":35.0},{"not_picked":["Clash+1"],"picked":"SKIP","floor":38.0},{"not_picked":["Barrage"],"picked":"SKIP","floor":39.0},{"not_picked":["Seeing Red"],"picked":"SKIP","floor":42},{"not_picked":["Cloak And Dagger"],"picked":"Acrobatics","floor":46},{"not_picked":["Sweeping Beam","Dodge and Roll"],"picked":"SKIP","floor":47},{"not_picked":["Inflame+1","Eviscerate+1"],"picked":"SKIP","floor":48}],"player_experience":140698,"relics_obtained":[{"floor":6.0,"key":"Bag of Preparation"},{"floor":9.0,"key":"Pantograph"},{"floor":20.0,"key":"Red Mask"},{"floor":23.0,"key":"Ancient Tea Set"},{"floor":26.0,"key":"Omamori"},{"floor":43,"key":"Question Card"},{"floor":46,"key":"Ice Cream"}],"event_choices":[{"damage_healed":0.0,"max_hp_gain":0.0,"max_hp_loss":0.0,"gold_gain":0.0,"event_name":"Scrap Ooze","player_choice":"Success","floor":2.0,"gold_loss":0.0,"damage_taken":12.0,"relics_obtained":["FossilizedHelix"]},{"damage_healed":0.0,"max_hp_gain":0.0,"max_hp_loss":0.0,"gold_gain":0.0,"event_name":"Masked Bandits","player_choice":"Fought Bandits","floor":20.0,"gold_loss":0.0,"damage_taken":0.0},{"cards_removed":["Headbutt"],"damage_healed":0.0,"max_hp_gain":0.0,"max_hp_loss":0.0,"gold_gain":0.0,"event_name":"Purifier","player_choice":"Purged","floor":22.0,"gold_loss":0.0,"damage_taken":0.0},{"damage_healed":0.0,"max_hp_gain":0.0,"max_hp_loss":0.0,"gold_gain":0.0,"event_name":"Addict","player_choice":"Obtained Relic","floor":31.0,"gold_loss":85.0,"damage_taken":0.0,"relics_obtained":["Ginger"]},{"damage_healed":0.0,"max_hp_gain":0.0,"max_hp_loss":0.0,"gold_gain":0.0,"event_name":"Winding Halls","player_choice":"Embrace Madness","floor":36.0,"gold_loss":0.0,"damage_taken":9.0,"cards_obtained":["Madness","Madness"]},{"damage_healed":0,"gold_gain":0,"player_choice":"Bought 0 Potions","damage_taken":0,"max_hp_gain":0,"max_hp_loss":0,"event_name":"The Woman in Blue","floor":41,"gold_loss":0},{"damage_healed":0,"gold_gain":0,"player_choice":"Fight","damage_taken":0,"max_hp_gain":0,"max_hp_loss":0,"event_name":"Mysterious Sphere","floor":46,"gold_loss":0}],"is_beta":false,"boss_relics":[{"not_picked":["Lizard Tail","White Beast Statue"],"picked":"Sozu"},{"not_picked":["Eternal Feather","Cursed Key"],"picked":"Busted Crown"}],"items_purged_floors":[3,10,25,37],"is_endless":false,"potions_floor_spawned":[1,4,14,16,19,20,21,28,30,38,42],"ascension_level":0}