{"gold_per_floor":[115,115,65,65,78,112,129,155,181,207,242,252,284,315,327,339],"floor_reached":16,"playtime":464,"items_purged":[],"score":264,"play_id":"6c882d22-bb17-4791-83e9-31fc715fc9ae","local_time":"20190217224856","is_ascension_mode":true,"campfire_choices":[{"data":"Anger","floor":15,"key":"SMITH"}],"neow_cost":"NONE","seed_source_timestamp":253616785408771,"circlet_count":0,"master_deck":["AscendersBane","Strike_R","Strike_R","Strike_R","Defend_R","Defend_R","Defend_R","Defend_R","Bash","Thunderclap","Dropkick","Anger+1","Immolate","Spot Weakness","Seeing Red"],"relics":["Burning Blood","NeowsBlessing","Potion Belt","Smiling Mask","Ornamental Fan","Juzu Bracelet","PreservedInsect","Red Skull","MawBank"],"potions_floor_usage":[8,11,16,16],"damage_taken":[{"damage":0,"enemies":"Jaw Worm","floor":1,"turns":1},{"damage":0,"enemies":"Small Slimes","floor":5,"turns":1},{"damage":0,"enemies":"Lagavulin","floor":6,"turns":1},{"damage":7,"enemies":"2 Louse","floor":7,"turns":2},{"damage":24,"enemies":"Gremlin Nob","floor":8,"turns":4},{"damage":2,"enemies":"3 Sentries","floor":11,"turns":6},{"damage":5,"enemies":"Large Slime","floor":12,"turns":5},{"damage":16,"enemies":"Gremlin Nob","floor":13,"turns":3},{"damage":4,"enemies":"Exordium Wildlife","floor":14,"turns":3},{"damage":54,"enemies":"The Guardian","floor":16,"turns":7}],"seed_played":"1392006905330817754","potions_obtained":[{"floor":1,"key":"Ancient Potion"},{"floor":5,"key":"BloodPotion"},{"floor":6,"key":"Energy Potion"},{"floor":12,"key":"SteroidPotion"},{"floor":14,"key":"GamblersBrew"}],"is_trial":false,"path_per_floor":["M","?","?","?","M","E","M","E","T","T","E","M","E","M","R","B"],"character_chosen":"IRONCLAD","items_purchased":[],"campfire_rested":0,"item_purchase_floors":[],"current_hp_per_floor":[74,74,74,56,62,68,67,49,49,49,53,54,44,46,46,0],"gold":339,"neow_bonus":"THREE_ENEMY_KILL","is_prod":false,"is_daily":false,"chose_seed":false,"campfire_upgraded":1,"win_rate":0,"timestamp":1550465336,"path_taken":["M","?","?","?","M","E","M","E","T","?","E","M","E","M","R","BOSS"],"build_version":"2019-01-23","purchased_purges":0,"victory":false,"max_hp_per_floor":[75,75,75,75,75,75,75,75,75,75,75,75,75,75,75,75],"card_choices":[{"not_picked":["Fire Breathing","Reckless Charge"],"picked":"Thunderclap","floor":1},{"not_picked":["Reckless Charge","Heavy Blade","Headbutt"],"picked":"SKIP","floor":5},{"not_picked":["Infernal Blade","Flex","Heavy Blade"],"picked":"SKIP","floor":6},{"not_picked":["Headbutt","Twin Strike","Havoc"],"picked":"SKIP","floor":7},{"not_picked":["Burning Pact","Rupture"],"picked":"Anger","floor":8},{"not_picked":["Armaments","Sword Boomerang"],"picked":"Immolate","floor":11},{"not_picked":["Perfected Strike","Twin Strike"],"picked":"Spot Weakness","floor":12},{"not_picked":["Headbutt","Second Wind","Iron Wave"],"picked":"SKIP","floor":13},{"not_picked":["Second Wind","Blood for Blood"],"picked":"Seeing Red","floor":14}],"player_experience":584246,"relics_obtained":[{"floor":6,"key":"Smiling Mask"},{"floor":8,"key":"Ornamental Fan"},{"floor":9,"key":"Juzu Bracelet"},{"floor":10,"key":"PreservedInsect"},{"floor":11,"key":"Red Skull"},{"floor":13,"key":"MawBank"}],"event_choices":[{"damage_healed":0,"gold_gain":0,"cards_transformed":["Strike_R"],"player_choice":"Change","damage_taken":0,"max_hp_gain":0,"max_hp_loss":0,"event_name":"Living Wall","floor":2,"gold_loss":0,"cards_obtained":["Dropkick"]},{"cards_removed":["Strike_R"],"damage_healed":0,"gold_gain":0,"player_choice":"Card Removal","damage_taken":0,"max_hp_gain":0,"max_hp_loss":0,"event_name":"The Cleric","floor":3,"gold_loss":50},{"damage_healed":0,"gold_gain":0,"player_choice":"Success","damage_taken":18,"relics_obtained":["Potion Belt"],"max_hp_gain":0,"max_hp_loss":0,"event_name":"Scrap Ooze","floor":4,"gold_loss":0}],"is_beta":false,"boss_relics":[],"items_purged_floors":[],"is_endless":false,"potions_floor_spawned":[1,5,6,12,14],"killed_by":"The Guardian","ascension_level":14}