{"gold_per_floor":[114,114,132,132,21,21,55,69,69,69,109,109,142,67,67,196,196,220,37,37,37,37,37,55,83,135,170,170,200,20,20,20,125,125,135,10,30,0,52,81,91,69,69,69,69,83,113,113,113,113],"floor_reached":51,"playtime":4505,"items_purged":["Regret","Strike_B","Self Repair"],"score":1248,"play_id":"b65f4f7d-6135-48c9-894b-7d84e9caa270","local_time":"20190215014643","is_ascension_mode":true,"campfire_choices":[{"data":"Panacea","floor":6,"key":"SMITH"},{"floor":10,"key":"REST"},{"floor":12,"key":"REST"},{"data":"Defragment","floor":15,"key":"SMITH"},{"floor":23,"key":"REST"},{"data":"Apotheosis","floor":28,"key":"SMITH"},{"data":"Seek","floor":32,"key":"SMITH"},{"floor":44,"key":"REST"},{"floor":49,"key":"RECALL"}],"neow_cost":"NONE","seed_source_timestamp":161327926046315,"circlet_count":0,"master_deck":["AscendersBane","Strike_B+1","Strike_B+1","Defend_B+1","Defend_B+1","Defend_B+1","Defend_B+1","Zap+1","Dualcast+1","Panacea+1","Go for the Eyes+1","Cold Snap+1","Self Repair+1","Hologram+1","White Noise+1","Defragment+1","Seek+1","White Noise+1","Apotheosis+1","Storm+1","Static Discharge+1","Creative AI+1","Capacitor+1","Seek+1","Stack+1","Leap+1","Cold Snap+1","Doubt","Leap+1"],"relics":["Cracked Core","Singing Bowl","Bloody Idol","Omamori","Mango","Vajra","Ornamental Fan","Cursed Key","Enchiridion","Pear","Anchor","Frozen Egg 2","Question Card","Busted Crown","Red Mask","Calipers","Art of War","Dead Branch","The Courier","Juzu Bracelet","Mark of the Bloom"],"potions_floor_usage":[13,16,29,37,50,50],"damage_taken":[{"damage":4,"enemies":"2 Louse","floor":1,"turns":2},{"damage":3,"enemies":"Small Slimes","floor":3,"turns":3},{"damage":32,"enemies":"Gremlin Nob","floor":7,"turns":5},{"damage":10,"enemies":"Jaw Worm","floor":8,"turns":4},{"damage":43,"enemies":"3 Sentries","floor":11,"turns":10},{"damage":20,"enemies":"Lagavulin","floor":13,"turns":8},{"damage":38,"enemies":"The Guardian","floor":16,"turns":11},{"damage":21,"enemies":"Shell Parasite","floor":18,"turns":7},{"damage":21,"enemies":"Spheric Guardian","floor":24,"turns":5},{"damage":20,"enemies":"Gremlin Leader","floor":25,"turns":4},{"damage":0,"enemies":"Book of Stabbing","floor":27,"turns":4},{"damage":22,"enemies":"Gremlin Leader","floor":29,"turns":5},{"damage":6,"enemies":"Champ","floor":33,"turns":9},{"damage":1,"enemies":"Orb Walker","floor":35,"turns":3},{"damage":13,"enemies":"3 Darklings","floor":37,"turns":3},{"damage":18,"enemies":"2 Orb Walkers","floor":39,"turns":3},{"damage":49,"enemies":"Reptomancer","floor":40,"turns":5},{"damage":5,"enemies":"4 Shapes","floor":41,"turns":5},{"damage":0,"enemies":"Maw","floor":46,"turns":4},{"damage":0,"enemies":"Giant Head","floor":47,"turns":7},{"damage":60,"enemies":"Awakened One","floor":50,"turns":12}],"seed_played":"-2744467574121283122","potions_obtained":[{"floor":7,"key":"Strength Potion"},{"floor":8,"key":"LiquidBronze"},{"floor":24,"key":"Swift Potion"},{"floor":29,"key":"Explosive Potion"},{"floor":37,"key":"FocusPotion"},{"floor":40,"key":"Fire Potion"},{"floor":46,"key":"Swift Potion"}],"is_trial":false,"path_per_floor":["M","?","M","?","$","R","E","M","T","R","E","R","E","$","R","B",null,"M","$","?","?","?","R","M","E","T","E","R","E","$","?","R","B",null,"M","$","M","?","?","E","M","$","T","R","T","M","E","?","R","B",null],"character_chosen":"DEFECT","items_purchased":["Self Repair","Defragment","Apotheosis","Capacitor+1","Cold Snap"],"campfire_rested":4,"item_purchase_floors":[5,14,19,30,42],"current_hp_per_floor":[64,64,61,61,61,61,36,40,54,78,51,76,70,70,70,46,75,68,68,68,52,52,77,75,92,97,97,97,94,94,94,94,97,97,97,97,89,89,88,56,68,68,68,98,98,103,105,105,105,45],"gold":113,"neow_bonus":"RANDOM_COLORLESS","is_prod":false,"is_daily":false,"chose_seed":false,"campfire_upgraded":4,"win_rate":0,"timestamp":1550216803,"path_taken":["M","?","M","?","$","R","E","M","T","R","E","R","E","?","R","BOSS","M","$","?","?","?","R","?","E","T","E","R","E","$","?","R","BOSS","M","$","M","?","?","E","M","$","T","R","?","M","E","?","R","BOSS"],"build_version":"2019-01-23","purchased_purges":3,"victory":true,"max_hp_per_floor":[75,75,75,69,69,69,69,69,83,83,85,85,85,85,85,85,85,85,85,85,85,85,85,85,97,97,97,97,97,97,97,97,97,97,97,97,97,97,99,101,103,103,103,103,103,103,105,105,105,105],"card_choices":[{"not_picked":["Conserve Battery","Turbo"],"picked":"Go for the Eyes","floor":1},{"not_picked":["Scrape","Consume"],"picked":"Cold Snap","floor":3},{"not_picked":["Streamline","Undo"],"picked":"Self Repair","floor":7},{"not_picked":["Chill","Fusion"],"picked":"Hologram","floor":8},{"not_picked":["Recycle","Go for the Eyes","Compile Driver"],"picked":"Singing Bowl","floor":11},{"not_picked":["Recycle","Coolheaded"],"picked":"White Noise","floor":13},{"not_picked":["Hyperbeam","Fission"],"picked":"Seek","floor":16},{"not_picked":["Rip and Tear+1","Beam Cell"],"picked":"White Noise","floor":18},{"not_picked":["Genetic Algorithm+1","Rebound"],"picked":"Storm+1","floor":24},{"not_picked":["Storm","Stack","Skim+1"],"picked":"Singing Bowl","floor":25},{"not_picked":["Reprogram","Hologram"],"picked":"Static Discharge","floor":27},{"not_picked":["Seek","Steam+1"],"picked":"Creative AI+1","floor":29},{"not_picked":["Hyperbeam","All For One","Multi-Cast"],"picked":"Seek","floor":33},{"not_picked":["Gash+1"],"picked":"Stack+1","floor":35},{"not_picked":["Genetic Algorithm"],"picked":"Leap+1","floor":37},{"not_picked":["Aggregate","Self Repair+1"],"picked":"Singing Bowl","floor":39},{"not_picked":["Turbo","Capacitor+1"],"picked":"Singing Bowl","floor":40},{"not_picked":["Multi-Cast","Steam+1"],"picked":"Singing Bowl","floor":41},{"not_picked":["Turbo"],"picked":"Leap+1","floor":46},{"not_picked":["Hyperbeam","Streamline+1"],"picked":"Singing Bowl","floor":47}],"player_experience":323286,"relics_obtained":[{"floor":7,"key":"Omamori"},{"floor":9,"key":"Mango"},{"floor":11,"key":"Vajra"},{"floor":13,"key":"Ornamental Fan"},{"floor":21,"key":"Enchiridion"},{"floor":25,"key":"Pear"},{"floor":26,"key":"Anchor"},{"floor":27,"key":"Frozen Egg 2"},{"floor":29,"key":"Question Card"},{"floor":39,"key":"Calipers"},{"floor":40,"key":"Art of War"},{"floor":43,"key":"Dead Branch"},{"floor":45,"key":"The Courier"},{"floor":47,"key":"Juzu Bracelet"}],"event_choices":[{"damage_healed":0,"gold_gain":0,"player_choice":"Box","damage_taken":0,"relics_obtained":["Singing Bowl"],"max_hp_gain":0,"max_hp_loss":0,"event_name":"Big Fish","floor":2,"gold_loss":0,"cards_obtained":["Regret"]},{"damage_healed":0,"gold_gain":0,"player_choice":"Lose Max HP","damage_taken":0,"relics_obtained":["Golden Idol"],"max_hp_gain":0,"max_hp_loss":6,"event_name":"Golden Idol","floor":4,"gold_loss":0},{"damage_healed":0,"gold_gain":0,"player_choice":"Gave Idol","damage_taken":0,"relics_obtained":["Bloody Idol"],"max_hp_gain":0,"max_hp_loss":0,"event_name":"Forgotten Altar","floor":20,"relics_lost":["Golden Idol"],"gold_loss":0},{"damage_healed":0,"gold_gain":0,"player_choice":"Obtained Book","damage_taken":16,"max_hp_gain":0,"max_hp_loss":0,"event_name":"Cursed Tome","floor":21,"gold_loss":0},{"cards_removed":["Strike_B"],"damage_healed":0,"gold_gain":0,"player_choice":"Elegance","damage_taken":0,"max_hp_gain":0,"max_hp_loss":0,"event_name":"Back to Basics","floor":22,"gold_loss":0},{"damage_healed":0,"gold_gain":0,"player_choice":"Ignored","damage_taken":0,"max_hp_gain":0,"max_hp_loss":0,"event_name":"Beggar","floor":31,"gold_loss":0},{"damage_healed":0,"gold_gain":0,"player_choice":"Paid","damage_taken":0,"relics_obtained":["Red Mask"],"max_hp_gain":0,"max_hp_loss":0,"event_name":"Tomb of Lord Red Mask","floor":38,"gold_loss":30},{"damage_healed":0,"gold_gain":0,"player_choice":"Fight","damage_taken":0,"max_hp_gain":0,"max_hp_loss":0,"event_name":"Mysterious Sphere","floor":39,"gold_loss":0},{"damage_healed":0,"gold_gain":0,"player_choice":"Upgrade","damage_taken":0,"relics_obtained":["Mark of the Bloom"],"max_hp_gain":0,"max_hp_loss":0,"event_name":"MindBloom","floor":48,"gold_loss":0,"cards_upgraded":["Strike_B","Strike_B","Defend_B","Defend_B","Defend_B","Defend_B","Zap","Dualcast","Go for the Eyes","Cold Snap","Self Repair","Hologram","White Noise","White Noise","Seek","Cold Snap"]}],"is_beta":false,"boss_relics":[{"not_picked":["Coffee Dripper","Calling Bell"],"picked":"Cursed Key"},{"not_picked":["Philosopher\u0027s Stone","Empty Cage"],"picked":"Busted Crown"}],"items_purged_floors":[5,30,36],"is_endless":false,"potions_floor_spawned":[7,8,24,29,37,40,41,46],"ascension_level":11}