{"gold_per_floor":[212,212,65,65,78,103,28,28,51,51,66,66,66,100,100,195,195,213,213,59,71,90,125,125,125,174,205,205,130,150,184,184,284,284,295,295,15,115,127,160,160,60,142,142,158,170,186,201,201,201],"floor_reached":51,"playtime":6430,"items_purged":["Defend_B","Strike_B"],"score":1131,"play_id":"3fc91e90-e117-41b0-99c9-81236a4201b5","local_time":"20190215143605","is_ascension_mode":true,"campfire_choices":[{"data":"Glacier","floor":8,"key":"SMITH"},{"data":"Zap","floor":10,"key":"SMITH"},{"data":"Go for the Eyes","floor":12,"key":"SMITH"},{"floor":15,"key":"REST"},{"floor":25,"key":"REST"},{"data":"Echo Form","floor":28,"key":"SMITH"},{"floor":32,"key":"REST"},{"floor":41,"key":"REST"},{"data":"Barrage","floor":44,"key":"SMITH"},{"data":"Parasite","floor":49,"key":"PURGE"}],"neow_cost":"NONE","seed_source_timestamp":3086085535816,"circlet_count":0,"master_deck":["AscendersBane","Strike_B","Defend_B","Defend_B","Defend_B+1","Zap+1","Dualcast","Ball Lightning+1","Go for the Eyes+1","Cold Snap","Glacier+1","Electrodynamics","Loop","Skim","Echo Form+1","Capacitor","Compile Driver","Capacitor","Hologram","Conserve Battery","Tempest+1","BootSequence","Echo Form","Glacier+1","White Noise+1","Barrage+1","Fusion+1"],"relics":["FrozenCore","Oddly Smooth Stone","Pantograph","Lantern","FaceOfCleric","Dream Catcher","DataDisk","Blood Vial","Anchor","Bag of Marbles","Strawberry","Question Card","Sozu","ClockworkSouvenir","Peace Pipe","Regal Pillow","Letter Opener"],"potions_floor_usage":[6,14,16,22,27,31,31],"damage_taken":[{"damage":1,"enemies":"2 Louse","floor":1,"turns":3},{"damage":12,"enemies":"Jaw Worm","floor":5,"turns":2},{"damage":13,"enemies":"3 Sentries","floor":6,"turns":6},{"damage":0,"enemies":"Cultist","floor":11,"turns":3},{"damage":10,"enemies":"Lagavulin","floor":14,"turns":6},{"damage":14,"enemies":"Slime Boss","floor":16,"turns":8},{"damage":0,"enemies":"Chosen","floor":18,"turns":5},{"damage":3,"enemies":"3 Byrds","floor":21,"turns":2},{"damage":22,"enemies":"Centurion and Healer","floor":22,"turns":5},{"damage":24,"enemies":"Gremlin Leader","floor":23,"turns":7},{"damage":1,"enemies":"Book of Stabbing","floor":27,"turns":7},{"damage":23,"enemies":"Snecko","floor":30,"turns":5},{"damage":20,"enemies":"Gremlin Leader","floor":31,"turns":6},{"damage":48,"enemies":"Collector","floor":33,"turns":11},{"damage":17,"enemies":"3 Darklings","floor":35,"turns":3},{"damage":24,"enemies":"Mind Bloom Boss Battle","floor":38,"turns":8},{"damage":11,"enemies":"3 Shapes","floor":39,"turns":3},{"damage":13,"enemies":"Giant Head","floor":40,"turns":11},{"damage":0,"enemies":"Jaw Worm Horde","floor":45,"turns":5},{"damage":0,"enemies":"3 Darklings","floor":46,"turns":2},{"damage":0,"enemies":"4 Shapes","floor":47,"turns":6},{"damage":30,"enemies":"Writhing Mass","floor":48,"turns":6},{"damage":75,"enemies":"Time Eater","floor":50,"turns":13}],"seed_played":"3562405101105460283","potions_obtained":[{"floor":5,"key":"SkillPotion"},{"floor":6,"key":"SkillPotion"},{"floor":14,"key":"Weak Potion"},{"floor":18,"key":"PowerPotion"},{"floor":22,"key":"Energy Potion"},{"floor":23,"key":"SteroidPotion"},{"floor":30,"key":"Energy Potion"}],"is_trial":false,"path_per_floor":["M","?","$","?","M","E","$","R","T","R","M","R","?","E","R","B",null,"M","?","$","M","M","E","?","R","T","E","R","?","M","E","R","B",null,"M","?","$","?","M","E","R","$","T","R","M","M","M","M","R","B",null],"character_chosen":"DEFECT","items_purchased":["Oddly Smooth Stone","Glacier","DataDisk","ClockworkSouvenir"],"campfire_rested":4,"item_purchase_floors":[3,7,20,37],"current_hp_per_floor":[67,52,52,75,63,50,50,50,50,50,50,50,50,41,63,63,74,75,75,75,73,52,29,29,53,53,62,62,62,42,25,52,32,77,63,63,63,67,59,49,92,92,92,92,95,98,99,70,70,23],"gold":201,"neow_bonus":"HUNDRED_GOLD","is_prod":false,"is_daily":false,"chose_seed":false,"campfire_upgraded":5,"win_rate":0,"timestamp":1550262965,"path_taken":["M","?","$","?","?","E","$","R","T","R","M","R","?","E","R","BOSS","M","?","$","?","M","E","?","R","T","E","R","?","M","E","R","BOSS","M","?","$","?","?","E","R","?","T","R","?","M","M","M","R","BOSS"],"build_version":"2019-01-23","purchased_purges":2,"victory":true,"max_hp_per_floor":[75,75,75,75,75,75,75,75,75,75,75,75,75,76,76,77,77,78,78,78,79,80,81,81,81,81,89,89,89,90,91,91,92,92,93,93,93,94,95,96,96,96,96,96,97,98,99,100,97,98],"card_choices":[{"not_picked":["Sweeping Beam","Sunder"],"picked":"Ball Lightning","floor":1},{"not_picked":["Redo","Rebound"],"picked":"Go for the Eyes","floor":5},{"not_picked":["Tempest","Double Energy"],"picked":"Cold Snap","floor":6},{"not_picked":["Hologram","Chaos"],"picked":"Electrodynamics","floor":11},{"not_picked":["Ball Lightning","Barrage"],"picked":"Loop","floor":14},{"not_picked":["Heatsinks","Recycle"],"picked":"Skim","floor":15},{"not_picked":["Electrodynamics","Machine Learning"],"picked":"Echo Form","floor":16},{"not_picked":["Darkness","Steam"],"picked":"Capacitor","floor":18},{"not_picked":["Redo+1","Cold Snap"],"picked":"Compile Driver","floor":21},{"not_picked":["Glacier+1","Leap"],"picked":"Capacitor","floor":22},{"not_picked":["Double Energy","Capacitor"],"picked":"Hologram","floor":23},{"not_picked":["Sweeping Beam","Beam Cell"],"picked":"Conserve Battery","floor":25},{"not_picked":["Undo","Beam Cell"],"picked":"Tempest+1","floor":27},{"not_picked":["Loop","Streamline"],"picked":"BootSequence","floor":30},{"not_picked":["Lockon+1","Coolheaded","Darkness"],"picked":"SKIP","floor":31},{"not_picked":["Amplify","Reboot","Thunder Strike"],"picked":"Echo Form","floor":33},{"not_picked":["Leap","Cold Snap","Streamline"],"picked":"Glacier+1","floor":35},{"not_picked":["Stack","Turbo+1","Steam"],"picked":"White Noise+1","floor":39},{"not_picked":["White Noise","Redo+1","Beam Cell"],"picked":"Barrage","floor":40},{"not_picked":["Chill","Chaos","Leap","Go for the Eyes"],"picked":"SKIP","floor":45},{"not_picked":["Meteor Strike","Chaos","Loop","Hologram"],"picked":"SKIP","floor":46},{"not_picked":["Chaos","Gash","Conserve Battery"],"picked":"Fusion+1","floor":47},{"not_picked":["Fusion","Beam Cell","Chaos","Reinforced Body"],"picked":"SKIP","floor":48}],"player_experience":333746,"relics_obtained":[{"floor":6,"key":"Pantograph"},{"floor":9,"key":"Lantern"},{"floor":14,"key":"Dream Catcher"},{"floor":23,"key":"Blood Vial"},{"floor":26,"key":"Bag of Marbles"},{"floor":27,"key":"Strawberry"},{"floor":31,"key":"Question Card"},{"floor":38,"key":"Peace Pipe"},{"floor":40,"key":"Regal Pillow"},{"floor":43,"key":"Letter Opener"}],"event_choices":[{"damage_healed":0,"gold_gain":0,"player_choice":"Entered Light","damage_taken":15,"max_hp_gain":0,"max_hp_loss":0,"event_name":"Shining Light","floor":2,"gold_loss":0,"cards_upgraded":["Defend_B","Ball Lightning"]},{"damage_healed":23,"gold_gain":0,"player_choice":"Full Heal","damage_taken":0,"max_hp_gain":0,"max_hp_loss":0,"event_name":"Wheel of Change","floor":4,"gold_loss":0},{"damage_healed":0,"gold_gain":0,"player_choice":"Trade","damage_taken":0,"relics_obtained":["FaceOfCleric"],"max_hp_gain":0,"max_hp_loss":0,"event_name":"FaceTrader","floor":13,"gold_loss":0},{"damage_healed":0,"gold_gain":0,"player_choice":"Bought 0 Potions","damage_taken":0,"max_hp_gain":0,"max_hp_loss":0,"event_name":"The Woman in Blue","floor":19,"gold_loss":0},{"damage_healed":0,"gold_gain":0,"player_choice":"Opened","damage_taken":0,"relics_obtained":["Anchor"],"max_hp_gain":0,"max_hp_loss":0,"event_name":"The Mausoleum","floor":24,"gold_loss":0},{"cards_removed":["Strike_B"],"damage_healed":0,"gold_gain":0,"player_choice":"Gave Gold","damage_taken":0,"max_hp_gain":0,"max_hp_loss":0,"event_name":"Beggar","floor":29,"gold_loss":75},{"cards_removed":["Strike_B"],"damage_healed":0,"gold_gain":0,"player_choice":"Removed Attack","damage_taken":0,"max_hp_gain":0,"max_hp_loss":0,"event_name":"Falling","floor":36,"gold_loss":0},{"damage_healed":0,"gold_gain":0,"player_choice":"Fight","damage_taken":0,"max_hp_gain":0,"max_hp_loss":0,"event_name":"MindBloom","floor":38,"gold_loss":0}],"is_beta":false,"boss_relics":[{"not_picked":["Velvet Choker","Lizard Tail"],"picked":"FrozenCore"},{"not_picked":["White Beast Statue","Runic Dome"],"picked":"Sozu"}],"items_purged_floors":[37,42],"is_endless":false,"potions_floor_spawned":[5,6,14,18,22,23,30,39,40,45,47],"ascension_level":12}