{"gold_per_floor":[209,229,229,239,164,164,174,184,184,204,104,104,104,129,129,129],"floor_reached":16,"playtime":546,"items_purged":["Defend_R","Strike_R"],"score":102,"play_id":"373876ad-b67b-4f28-b062-c30e2c9bc1a5","local_time":"20190211072623","is_ascension_mode":false,"campfire_choices":[{"data":"Bash","floor":6.0,"key":"SMITH"},{"floor":12.0,"key":"REST"},{"floor":15.0,"key":"REST"}],"neow_cost":"NONE","seed_source_timestamp":40491111269604,"circlet_count":0,"master_deck":["Strike_R","Strike_R","Strike_R","Strike_R","Defend_R","Defend_R","Defend_R","Bash+1","Shrug It Off+1"],"special_seed":0,"relics":["Burning Blood","Letter Opener","Bottled Lightning"],"potions_floor_usage":[],"damage_taken":[{"damage":0.0,"enemies":"Small Slimes","floor":1.0,"turns":3.0},{"damage":0.0,"enemies":"Cultist","floor":2.0,"turns":4.0},{"damage":10.0,"enemies":"2 Louse","floor":4.0,"turns":4.0},{"damage":17.0,"enemies":"Gremlin Gang","floor":7.0,"turns":8.0},{"damage":11.0,"enemies":"Large Slime","floor":8.0,"turns":6.0},{"damage":25.0,"enemies":"Exordium Thugs","floor":10.0,"turns":6.0},{"damage":20.0,"enemies":"Gremlin Nob","floor":14.0,"turns":4.0},{"damage":78,"enemies":"Slime Boss","floor":16,"turns":10}],"seed_played":"-2377179143519557723","potions_obtained":[{"floor":1.0,"key":"Strength Potion"}],"is_trial":false,"path_per_floor":["M","M","?","M","$","R","M","M","T","M","$","R","$","E","R","B"],"character_chosen":"IRONCLAD","items_purchased":[],"campfire_rested":2,"item_purchase_floors":[],"current_hp_per_floor":[80,80,80,76,76,76,65,60,60,41,41,65,65,51,75,0],"gold":129,"neow_bonus":"HUNDRED_GOLD","is_prod":false,"is_daily":false,"chose_seed":false,"campfire_upgraded":1,"win_rate":0,"timestamp":1549859183,"path_taken":["M","M","?","M","$","R","?","M","T","M","$","R","?","E","R","BOSS"],"build_version":"2019-01-23","purchased_purges":2,"victory":false,"max_hp_per_floor":[80,80,80,80,80,80,80,80,80,80,80,80,80,80,80,80],"card_choices":[{"not_picked":["Feel No Pain","Headbutt"],"picked":"Shrug It Off","floor":1.0},{"not_picked":["Sentinel","Second Wind","Carnage"],"picked":"SKIP","floor":2.0},{"not_picked":["Twin Strike","Pummel","Sword Boomerang"],"picked":"SKIP","floor":4.0},{"not_picked":["Cleave","Anger","Feel No Pain"],"picked":"SKIP","floor":7.0},{"not_picked":["Rampage","Barricade","Power Through"],"picked":"SKIP","floor":8.0},{"not_picked":["Iron Wave","Reckless Charge","Rampage"],"picked":"SKIP","floor":10.0},{"not_picked":["Heavy Blade","Flex","Flame Barrier"],"picked":"SKIP","floor":14.0}],"player_experience":292254,"relics_obtained":[{"floor":9.0,"key":"Letter Opener"},{"floor":14.0,"key":"Bottled Lightning"}],"event_choices":[{"damage_healed":0.0,"max_hp_gain":0.0,"max_hp_loss":0.0,"gold_gain":0.0,"event_name":"Accursed Blacksmith","player_choice":"Forge","floor":3.0,"gold_loss":0.0,"damage_taken":0.0,"cards_upgraded":["Shrug It Off"]}],"is_beta":false,"boss_relics":[],"items_purged_floors":[5,11],"is_endless":false,"potions_floor_spawned":[1],"killed_by":"Slime Boss","ascension_level":0}