{"gold_per_floor":[419,419,25,40,54,54,71,71,71,34,66,84,111,123,123,197,197,211,211,211,261,261,286,211,221,245,245,271,271,291,307,307,378,378,392,443,453,78,78,109,109,125,194,256,256,306,456,476,476,476,476,476,476,16,46,46],"floor_reached":57,"playtime":2842,"items_purged":["Strike_G","Strike_G","Strike_G"],"score":3170,"play_id":"2ee97ff1-9e3c-4153-8b51-639b4004b7eb","local_time":"20190126233737","is_ascension_mode":true,"campfire_choices":[{"data":"Bouncing Flask","floor":6.0,"key":"SMITH"},{"data":"Neutralize","floor":8.0,"key":"SMITH"},{"data":"1","floor":15.0,"key":"LIFT"},{"data":"2","floor":27.0,"key":"LIFT"},{"data":"3","floor":29.0,"key":"LIFT"},{"data":"Survivor","floor":32.0,"key":"SMITH"},{"data":"Dodge and Roll","floor":41.0,"key":"SMITH"},{"data":"Expertise","floor":45.0,"key":"SMITH"},{"floor":49.0,"key":"RECALL"},{"data":"Backflip","floor":53.0,"key":"SMITH"}],"neow_cost":"TEN_PERCENT_HP_LOSS","seed_source_timestamp":171276575086900,"circlet_count":0,"master_deck":["AscendersBane","Defend_G","Defend_G","Defend_G","Defend_G","Defend_G","Survivor+1","Neutralize+1","Backflip+1","Die Die Die","Expertise+1","Footwork+1","Dodge and Roll+1","Bouncing Flask+1","Dagger Throw","Catalyst+1","PiercingWail+1","Corpse Explosion+1","Well Laid Plans+1","Deadly Poison+1","Wraith Form v2+1","Concentrate+1","Predator","Bullet Time+1","Crippling Poison+1","Acrobatics+1","Dodge and Roll+1","Adrenaline+1","Prepared+1","Catalyst+1","Backflip+1","Escape Plan+1","Impatience+1","Footwork+1"],"special_seed":0,"relics":["Ring of the Snake","Old Coin","Frozen Egg 2","Toxic Egg 2","Ninja Scroll","Girya","Coffee Dripper","Enchiridion","Blood Vial","Bag of Marbles","Lizard Tail","Thread and Needle","TwistedFunnel","SsserpentHead","Bag of Preparation","Gremlin Horn","FossilizedHelix","Oddly Smooth Stone","Sundial"],"potions_floor_usage":[],"damage_taken":[{"damage":1.0,"enemies":"2 Louse","floor":1.0,"turns":4.0},{"damage":0.0,"enemies":"Cultist","floor":4.0,"turns":4.0},{"damage":0.0,"enemies":"Small Slimes","floor":5.0,"turns":5.0},{"damage":6.0,"enemies":"Looter","floor":7.0,"turns":3.0},{"damage":0.0,"enemies":"Lagavulin","floor":11.0,"turns":4.0},{"damage":0.0,"enemies":"Large Slime","floor":12.0,"turns":4.0},{"damage":21.0,"enemies":"Gremlin Nob","floor":13.0,"turns":4.0},{"damage":0.0,"enemies":"2 Fungi Beasts","floor":14.0,"turns":2.0},{"damage":11.0,"enemies":"Hexaghost","floor":16.0,"turns":7.0},{"damage":0.0,"enemies":"Shell Parasite","floor":18.0,"turns":4.0},{"damage":18.0,"enemies":"Slavers","floor":23.0,"turns":3.0},{"damage":0.0,"enemies":"3 Byrds","floor":25.0,"turns":3.0},{"damage":0.0,"enemies":"Snecko","floor":30.0,"turns":2.0},{"damage":0.0,"enemies":"Snake Plant","floor":31.0,"turns":2.0},{"damage":0.0,"enemies":"Automaton","floor":33.0,"turns":6.0},{"damage":2.0,"enemies":"3 Shapes","floor":35.0,"turns":1.0},{"damage":0.0,"enemies":"2 Orb Walkers","floor":36.0,"turns":2.0},{"damage":0.0,"enemies":"3 Darklings","floor":37.0,"turns":3.0},{"damage":0.0,"enemies":"Giant Head","floor":40.0,"turns":5.0},{"damage":0.0,"enemies":"Sphere and 2 Shapes","floor":42.0,"turns":3.0},{"damage":0.0,"enemies":"Jaw Worm Horde","floor":44.0,"turns":1.0},{"damage":0.0,"enemies":"Mind Bloom Boss Battle","floor":47.0,"turns":2.0},{"damage":0.0,"enemies":"3 Darklings","floor":48.0,"turns":1.0},{"damage":4.0,"enemies":"Awakened One","floor":50.0,"turns":15.0},{"damage":0.0,"enemies":"Donu and Deca","floor":51.0,"turns":7.0},{"damage":0.0,"enemies":"Shield and Spear","floor":55.0,"turns":3.0},{"damage":0,"enemies":"The Heart","floor":56,"turns":7}],"seed_played":"3262804401033240657","potions_obtained":[{"floor":1.0,"key":"AttackPotion"},{"floor":7.0,"key":"Block Potion"},{"floor":14.0,"key":"Weak Potion"},{"floor":18.0,"key":"SteroidPotion"},{"floor":25.0,"key":"GhostInAJar"},{"floor":35.0,"key":"SteroidPotion"},{"floor":40.0,"key":"EssenceOfSteel"},{"floor":44.0,"key":"Block Potion"}],"is_trial":false,"path_per_floor":["M","?","$","M","M","R","M","R","T","$","E","M","E","M","R","B",null,"M","?","?","?","?","E","?","M","T","R","T","R","M","M","R","B",null,"M","?","M","$","?","E","R","M","T","M","R","?","?","M","R","B","B",null,"R","$","E","B",null],"character_chosen":"THE_SILENT","items_purchased":["Frozen Egg 2","Footwork+1","Catalyst+1","TwistedFunnel","Backflip+1","Oddly Smooth Stone","Regen Potion","Impatience+1"],"campfire_rested":0,"item_purchase_floors":[3,3,10,38,38,54,54,54],"current_hp_per_floor":[58,58,58,58,58,58,52,52,52,52,52,52,31,31,31,20,50,50,50,50,50,29,11,11,13,13,13,13,13,15,17,17,19,50,50,52,54,54,54,56,56,58,58,60,60,57,57,57,57,53,55,57,57,57,57,57],"gold":46,"neow_bonus":"ONE_RARE_RELIC","is_prod":false,"is_daily":false,"chose_seed":false,"campfire_upgraded":6,"win_rate":0,"timestamp":1548563857,"path_taken":["M","?","$","M","?","R","M","R","T","$","E","M","E","M","R","BOSS","M","?","?","?","?","E","?","M","T","R","?","R","?","M","R","BOSS","M","?","M","$","?","E","R","M","T","?","R","?","?","M","R","BOSS","BOSS","R","$","E","BOSS"],"build_version":"2019-01-23","purchased_purges":3,"victory":true,"max_hp_per_floor":[60,60,60,60,60,60,60,60,60,60,60,60,60,60,60,60,60,60,60,60,60,60,60,60,60,60,60,60,60,60,60,60,60,60,60,60,60,60,60,60,60,60,60,60,60,57,57,57,57,57,57,57,57,57,57,57],"card_choices":[{"not_picked":["Masterful Stab","Blade Dance"],"picked":"Backflip","floor":1.0},{"not_picked":["Flechettes","Poisoned Stab"],"picked":"Dodge and Roll","floor":4.0},{"not_picked":["Bullet Time","Blade Dance"],"picked":"Bouncing Flask","floor":5.0},{"not_picked":["Acrobatics","Flying Knee"],"picked":"Dagger Throw","floor":7.0},{"not_picked":["Riddle With Holes","Choke"],"picked":"PiercingWail+1","floor":11.0},{"not_picked":["Dodge and Roll+1","PiercingWail+1"],"picked":"Corpse Explosion+1","floor":12.0},{"not_picked":["Setup+1","Poisoned Stab"],"picked":"Well Laid Plans+1","floor":13.0},{"not_picked":["Blade Dance+1","Reflex+1"],"picked":"Deadly Poison+1","floor":14.0},{"not_picked":["Venomology+1","Envenom+1"],"picked":"Wraith Form v2+1","floor":16.0},{"not_picked":["Dagger Throw","Well Laid Plans+1","Choke+1"],"picked":"SKIP","floor":18.0},{"not_picked":["Dagger Throw","Dash"],"picked":"Bullet Time+1","floor":23.0},{"not_picked":["Escape Plan+1","PiercingWail+1"],"picked":"Crippling Poison+1","floor":25.0},{"not_picked":["Flechettes","Quick Slash"],"picked":"Acrobatics+1","floor":30.0},{"not_picked":["Slice+1","Dagger Throw"],"picked":"Dodge and Roll+1","floor":31.0},{"not_picked":["Bullet Time+1","Die Die Die"],"picked":"Adrenaline+1","floor":33.0},{"not_picked":["Eviscerate","PiercingWail+1"],"picked":"Prepared+1","floor":35.0},{"not_picked":["Flying Knee","Quick Slash"],"picked":"Catalyst+1","floor":36.0},{"not_picked":["Infinite Blades+1","Concentrate+1","Caltrops+1"],"picked":"SKIP","floor":37.0},{"not_picked":["Riddle With Holes","Backflip+1","Masterful Stab+1"],"picked":"SKIP","floor":40.0},{"not_picked":["Dagger Throw","Quick Slash"],"picked":"Escape Plan+1","floor":42.0},{"not_picked":["Flechettes","Blade Dance+1","Prepared+1"],"picked":"SKIP","floor":44.0},{"not_picked":["Sucker Punch","PiercingWail+1","Concentrate+1"],"picked":"SKIP","floor":48.0},{"not_picked":["Riddle With Holes","Backstab+1"],"picked":"Footwork+1","floor":55.0}],"player_experience":1848910,"relics_obtained":[{"floor":9.0,"key":"Toxic Egg 2"},{"floor":11.0,"key":"Ninja Scroll"},{"floor":13.0,"key":"Girya"},{"floor":22.0,"key":"Enchiridion"},{"floor":23.0,"key":"Blood Vial"},{"floor":26.0,"key":"Bag of Marbles"},{"floor":36.0,"key":"Thread and Needle"},{"floor":40.0,"key":"Bag of Preparation"},{"floor":43.0,"key":"Gremlin Horn"},{"floor":47.0,"key":"FossilizedHelix"},{"floor":55.0,"key":"Sundial"}],"event_choices":[{"damage_healed":0.0,"max_hp_gain":0.0,"max_hp_loss":0.0,"gold_gain":0.0,"event_name":"Match and Keep!","player_choice":"2 cards matched","floor":2.0,"gold_loss":0.0,"damage_taken":0.0,"cards_obtained":["Die Die Die","Expertise"]},{"damage_healed":0.0,"max_hp_gain":0.0,"max_hp_loss":0.0,"gold_gain":0.0,"cards_transformed":["Strike_G","Strike_G"],"event_name":"Drug Dealer","player_choice":"Became Test Subject","floor":19.0,"gold_loss":0.0,"damage_taken":0.0,"cards_obtained":["Concentrate","Predator"]},{"damage_healed":0.0,"max_hp_gain":0.0,"max_hp_loss":0.0,"gold_gain":0.0,"event_name":"Forgotten Altar","player_choice":"Smashed Altar","floor":20.0,"gold_loss":0.0,"damage_taken":0.0,"cards_obtained":["Decay"]},{"damage_healed":0.0,"max_hp_gain":0.0,"max_hp_loss":0.0,"gold_gain":50.0,"event_name":"Nest","player_choice":"Stole From Cult","floor":21.0,"gold_loss":0.0,"damage_taken":0.0},{"damage_healed":0.0,"max_hp_gain":0.0,"max_hp_loss":0.0,"gold_gain":0.0,"event_name":"Cursed Tome","player_choice":"Obtained Book","floor":22.0,"gold_loss":0.0,"damage_taken":21.0},{"cards_removed":["Decay"],"damage_healed":0.0,"max_hp_gain":0.0,"max_hp_loss":0.0,"gold_gain":0.0,"event_name":"Beggar","player_choice":"Gave Gold","floor":24.0,"gold_loss":75.0,"damage_taken":0.0},{"damage_healed":0.0,"max_hp_gain":0.0,"max_hp_loss":0.0,"gold_gain":0.0,"event_name":"Mysterious Sphere","player_choice":"Fight","floor":36.0,"gold_loss":0.0,"damage_taken":0.0},{"damage_healed":0.0,"max_hp_gain":0.0,"max_hp_loss":0.0,"gold_gain":0.0,"event_name":"FaceTrader","player_choice":"Trade","floor":39.0,"gold_loss":0.0,"damage_taken":0.0,"relics_obtained":["SsserpentHead"]},{"damage_healed":0.0,"max_hp_gain":0.0,"max_hp_loss":3.0,"gold_gain":0.0,"event_name":"Winding Halls","player_choice":"Max HP","floor":46.0,"gold_loss":0.0,"damage_taken":0.0},{"damage_healed":0.0,"max_hp_gain":0.0,"max_hp_loss":0.0,"gold_gain":0.0,"event_name":"MindBloom","player_choice":"Fight","floor":47.0,"gold_loss":0.0,"damage_taken":0.0}],"is_beta":true,"boss_relics":[{"not_picked":["White Beast Statue","Ectoplasm"],"picked":"Coffee Dripper"},{"not_picked":["Cursed Key","Snecko Eye"],"picked":"Lizard Tail"}],"items_purged_floors":[3,38,54],"is_endless":false,"potions_floor_spawned":[1,7,12,14,18,25,35,40,42,44,48],"ascension_level":20}