{"gold_per_floor":[112,92,106,119,6,6,32,32,32,32,50,50,0,18,18,93,93,106,125,125,50,50,50,79,79,79,79,129,54,67,95,95,167,167,180,197,197,39,52,52,78,98,121,42,42],"floor_reached":45,"playtime":1616,"items_purged":["Fusion","Dualcast"],"score":932,"play_id":"24831d5b-3999-4961-9d31-323209f7e31c","local_time":"20190217205839","is_ascension_mode":true,"campfire_choices":[{"data":"Streamline","floor":6,"key":"SMITH"},{"data":"Zap","floor":8,"key":"SMITH"},{"data":"Electrodynamics","floor":10,"key":"SMITH"},{"data":"Hologram","floor":15,"key":"SMITH"},{"floor":23,"key":"REST"},{"floor":25,"key":"REST"},{"data":"Conserve Battery","floor":27,"key":"SMITH"},{"floor":32,"key":"REST"},{"floor":40,"key":"REST"}],"neow_cost":"NONE","seed_source_timestamp":26448978471636,"circlet_count":0,"master_deck":["AscendersBane","Zap+1","Streamline+1","Leap","Conserve Battery+1","Glacier","Rip and Tear","Electrodynamics+1","Loop+1","Buffer+1","Hologram+1","Steam","Buffer+1","Compile Driver+1","Go for the Eyes","Coolheaded","Gash","Cold Snap+1","Chill","Loop+1","Creative AI+1","Coolheaded","BootSequence","Dark Shackles","Cold Snap"],"relics":["Cracked Core","NeowsBlessing","Gambling Chip","Frozen Egg 2","Pandora\u0027s Box","Anchor","Shuriken","Smiling Mask","Inserter","Whetstone","Omamori"],"potions_floor_usage":[7,11,24,35,41],"damage_taken":[{"damage":0,"enemies":"Jaw Worm","floor":1,"turns":1},{"damage":0,"enemies":"Cultist","floor":3,"turns":1},{"damage":0,"enemies":"Small Slimes","floor":4,"turns":1},{"damage":12,"enemies":"Lagavulin","floor":7,"turns":10},{"damage":4,"enemies":"3 Louse","floor":11,"turns":2},{"damage":0,"enemies":"Large Slime","floor":14,"turns":4},{"damage":2,"enemies":"The Guardian","floor":16,"turns":11},{"damage":25,"enemies":"2 Thieves","floor":18,"turns":4},{"damage":0,"enemies":"Spheric Guardian","floor":19,"turns":6},{"damage":22,"enemies":"Slavers","floor":24,"turns":3},{"damage":0,"enemies":"Snecko","floor":30,"turns":5},{"damage":26,"enemies":"Gremlin Leader","floor":31,"turns":9},{"damage":34,"enemies":"Champ","floor":33,"turns":13},{"damage":41,"enemies":"3 Darklings","floor":35,"turns":4},{"damage":1,"enemies":"Orb Walker","floor":36,"turns":5},{"damage":0,"enemies":"Spire Growth","floor":39,"turns":10},{"damage":0,"enemies":"Reptomancer","floor":41,"turns":9},{"damage":3,"enemies":"Sphere and 2 Shapes","floor":42,"turns":6},{"damage":36,"enemies":"Maw","floor":45,"turns":9}],"seed_played":"4059918392133577332","potions_obtained":[{"floor":2,"key":"SkillPotion"},{"floor":7,"key":"GamblersBrew"},{"floor":16,"key":"LiquidBronze"},{"floor":18,"key":"Block Potion"},{"floor":24,"key":"Weak Potion"},{"floor":35,"key":"Strength Potion"},{"floor":41,"key":"Poison Potion"}],"is_trial":false,"path_per_floor":["M","?","M","M","$","R","E","R","T","R","M","?","$","M","R","B",null,"M","M","?","$","?","R","E","R","T","R","?","?","M","E","R","B",null,"M","M","?","$","M","R","E","M","T","$","M"],"character_chosen":"DEFECT","items_purchased":["Glacier","Rip and Tear","Hologram","Dark Shackles","Ancient Potion"],"campfire_rested":4,"item_purchase_floors":[5,5,13,38,44],"current_hp_per_floor":[64,64,64,64,64,64,52,52,52,52,48,48,48,48,48,46,65,40,40,40,40,20,42,20,42,42,42,42,42,42,16,38,4,58,17,16,16,16,16,38,38,35,35,35,0],"gold":42,"neow_bonus":"THREE_ENEMY_KILL","is_prod":false,"is_daily":false,"chose_seed":false,"campfire_upgraded":5,"win_rate":0,"timestamp":1550447919,"path_taken":["M","?","?","M","$","R","E","R","T","R","M","?","$","M","R","BOSS","M","M","?","$","?","R","E","R","T","R","?","?","M","E","R","BOSS","M","M","?","$","M","R","E","M","T","$","M"],"build_version":"2018-11-15","purchased_purges":2,"victory":false,"max_hp_per_floor":[71,71,71,71,71,71,71,71,71,71,71,71,71,71,71,71,71,71,71,71,71,76,76,76,76,76,76,76,76,76,76,76,76,76,76,76,76,76,76,76,76,76,76,76,76],"card_choices":[{"not_picked":["Hologram","Hello World"],"picked":"Streamline","floor":1},{"not_picked":["Skim","Loop"],"picked":"Leap","floor":3},{"not_picked":["Auto Shields","Cold Snap"],"picked":"Conserve Battery","floor":4},{"not_picked":["Steam","Beam Cell"],"picked":"Electrodynamics","floor":7},{"not_picked":["Gash","Beam Cell"],"picked":"Loop+1","floor":11},{"not_picked":["Go for the Eyes","Stack"],"picked":"Steam","floor":14},{"not_picked":["Reboot","Meteor Strike"],"picked":"Buffer+1","floor":16},{"not_picked":["Darkness","Melter","Cold Snap+1"],"picked":"SKIP","floor":18},{"not_picked":["Hello World+1","Cold Snap","Conserve Battery"],"picked":"SKIP","floor":19},{"not_picked":["Doom and Gloom","Conserve Battery"],"picked":"Chill","floor":24},{"not_picked":["Stack","Turbo","Hologram"],"picked":"SKIP","floor":30},{"not_picked":["Undo","Stack"],"picked":"Loop+1","floor":31},{"not_picked":["Thunder Strike","Fission"],"picked":"Creative AI+1","floor":33},{"not_picked":["Force Field","Turbo+1"],"picked":"Coolheaded","floor":35},{"not_picked":["Cold Snap","Rebound"],"picked":"BootSequence","floor":36},{"not_picked":["Capacitor+1","Turbo"],"picked":"Cold Snap","floor":39},{"not_picked":["Scrape","Sunder+1","Compile Driver"],"picked":"SKIP","floor":41},{"not_picked":["Glacier","Streamline","Heatsinks+1"],"picked":"SKIP","floor":42}],"player_experience":162636,"relics_obtained":[{"floor":7,"key":"Gambling Chip"},{"floor":9,"key":"Frozen Egg 2"},{"floor":24,"key":"Anchor"},{"floor":26,"key":"Shuriken"},{"floor":31,"key":"Smiling Mask"},{"floor":41,"key":"Whetstone"},{"floor":43,"key":"Omamori"}],"event_choices":[{"damage_healed":0,"gold_gain":0,"player_choice":"Bought 1 Potion","damage_taken":0,"max_hp_gain":0,"max_hp_loss":0,"event_name":"The Woman in Blue","floor":2,"gold_loss":0},{"damage_healed":0,"gold_gain":0,"cards_transformed":["Strike_B"],"player_choice":"Transformed","damage_taken":0,"max_hp_gain":0,"max_hp_loss":0,"event_name":"Transmorgrifier","floor":12,"gold_loss":0,"cards_obtained":["Buffer"]},{"damage_healed":0,"gold_gain":0,"player_choice":"Ignored","damage_taken":0,"max_hp_gain":0,"max_hp_loss":0,"event_name":"The Mausoleum","floor":20,"gold_loss":0},{"damage_healed":0,"gold_gain":0,"player_choice":"Shed Blood","damage_taken":25,"max_hp_gain":5,"max_hp_loss":0,"event_name":"Forgotten Altar","floor":22,"gold_loss":0},{"damage_healed":0,"gold_gain":50,"player_choice":"Stole From Cult","damage_taken":0,"max_hp_gain":0,"max_hp_loss":0,"event_name":"Nest","floor":28,"gold_loss":0},{"cards_removed":["Stack"],"damage_healed":0,"gold_gain":0,"player_choice":"Gave Gold","damage_taken":0,"max_hp_gain":0,"max_hp_loss":0,"event_name":"Beggar","floor":29,"gold_loss":75},{"damage_healed":0,"gold_gain":0,"player_choice":"Ignored","damage_taken":0,"max_hp_gain":0,"max_hp_loss":0,"event_name":"Mysterious Sphere","floor":37,"gold_loss":0}],"is_beta":false,"boss_relics":[{"not_picked":["White Beast Statue","Lizard Tail"],"picked":"Pandora\u0027s Box"},{"not_picked":["Black Star","Cursed Key"],"picked":"Inserter"}],"items_purged_floors":[21,38],"is_endless":false,"potions_floor_spawned":[7,16,18,24,35,41,42],"killed_by":"Maw","ascension_level":17}