{"gold_per_floor":[113,131,131,149,161,192,192,192,216,51,65,65,65,77,77,182,182,192,192,291,302,64,93,93,117,117,217,142,142,168,168,168,264,264,275,290,290,82,82],"floor_reached":39,"playtime":1324,"items_purged":["Strike_R"],"score":415,"play_id":"23497794-0f6b-4cf1-b985-01d0aff14b3d","local_time":"20190209180842","is_ascension_mode":false,"campfire_choices":[{"floor":8.0,"key":"REST"},{"data":"Apotheosis","floor":12.0,"key":"SMITH"},{"floor":15.0,"key":"REST"},{"floor":24,"key":"REST"},{"floor":29,"key":"REST"},{"floor":32,"key":"REST"}],"neow_cost":"TEN_PERCENT_HP_LOSS","seed_source_timestamp":74158524967703,"circlet_count":0,"master_deck":["Strike_R","Strike_R","Defend_R","Defend_R","Defend_R","Bash","Infernal Blade+1","Heavy Blade","Apotheosis+1","Infernal Blade","Barricade","Necronomicurse","Rage","Power Through","Demon Form","Flame Barrier"],"special_seed":0,"relics":["Burning Blood","Vajra","Centennial Puzzle","Sozu","Necronomicon","Ornamental Fan","Juzu Bracelet","Blood Vial","Oddly Smooth Stone","Prayer Wheel","Singing Bowl","Darkstone Periapt","Runic Cube","Bag of Preparation","Membership Card"],"potions_floor_usage":[27,27],"damage_taken":[{"damage":1.0,"enemies":"Jaw Worm","floor":1.0,"turns":5.0},{"damage":1.0,"enemies":"Cultist","floor":2.0,"turns":3.0},{"damage":12.0,"enemies":"Small Slimes","floor":4.0,"turns":4.0},{"damage":19.0,"enemies":"Blue Slaver","floor":5.0,"turns":3.0},{"damage":33.0,"enemies":"Gremlin Nob","floor":6.0,"turns":4.0},{"damage":0.0,"enemies":"Gremlin Gang","floor":11.0,"turns":1.0},{"damage":8.0,"enemies":"Red Slaver","floor":14.0,"turns":2.0},{"damage":20.0,"enemies":"Slime Boss","floor":16.0,"turns":9.0},{"damage":2.0,"enemies":"Spheric Guardian","floor":18.0,"turns":3.0},{"damage":10,"enemies":"Chosen","floor":21,"turns":4},{"damage":20,"enemies":"Slavers","floor":23,"turns":4},{"damage":20,"enemies":"Colosseum Slavers","floor":27,"turns":3},{"damage":22,"enemies":"Colosseum Nobs","floor":27,"turns":4},{"damage":6,"enemies":"Book of Stabbing","floor":30,"turns":5},{"damage":15,"enemies":"Champ","floor":33,"turns":17},{"damage":14,"enemies":"3 Darklings","floor":35,"turns":6},{"damage":19,"enemies":"Orb Walker","floor":36,"turns":3},{"damage":70,"enemies":"2 Orb Walkers","floor":39,"turns":4}],"seed_played":"-1731007680614515353","potions_obtained":[{"floor":1.0,"key":"Explosive Potion"},{"floor":2.0,"key":"Poison Potion"},{"floor":16.0,"key":"Poison Potion"}],"is_trial":false,"path_per_floor":["M","M","$","M","M","E","?","R","T","$","M","R","$","M","R","B",null,"M","?","?","M","$","E","R","T","T","?","$","R","E","?","R","B",null,"M","M","T","$","?"],"character_chosen":"IRONCLAD","items_purchased":["Apotheosis","Ornamental Fan","Membership Card"],"campfire_rested":5,"item_purchase_floors":[10,22,38],"current_hp_per_floor":[72,72,72,66,53,26,26,47,47,47,53,53,53,51,72,58,72,72,56,56,52,52,38,59,59,59,35,35,57,59,59,74,65,74,68,61,61,61,0],"gold":82,"neow_bonus":"REMOVE_TWO","is_prod":false,"is_daily":false,"chose_seed":false,"campfire_upgraded":1,"win_rate":0,"timestamp":1549724922,"path_taken":["M","M","$","M","M","E","?","R","T","$","M","R","$","M","R","BOSS","M","?","?","M","$","E","R","?","T","?","$","R","E","?","R","BOSS","M","M","?","?","?"],"build_version":"2019-01-23","purchased_purges":1,"victory":false,"max_hp_per_floor":[72,72,72,72,72,72,72,72,72,72,72,72,72,72,72,72,72,72,72,72,72,72,72,72,72,72,74,74,74,74,74,74,74,74,76,80,80,80,80],"card_choices":[{"not_picked":["Feel No Pain","Warcry","Evolve"],"picked":"SKIP","floor":1.0},{"not_picked":["Fire Breathing","Rupture","Battle Trance"],"picked":"SKIP","floor":2.0},{"not_picked":["Sentinel","Armaments","Second Wind"],"picked":"SKIP","floor":4.0},{"not_picked":["Heavy Blade","Wild Strike"],"picked":"Infernal Blade","floor":5.0},{"not_picked":["Iron Wave","Inflame"],"picked":"Heavy Blade","floor":6.0},{"not_picked":["Wild Strike","Warcry"],"picked":"Infernal Blade","floor":11.0},{"not_picked":["Thunderclap","Flex","True Grit"],"picked":"SKIP","floor":14.0},{"not_picked":["Immolate","Offering"],"picked":"Barricade","floor":16.0},{"not_picked":["Headbutt","Second Wind","Anger"],"picked":"SKIP","floor":18.0},{"not_picked":["Fire Breathing+1","Ghostly Armor+1"],"picked":"Rage","floor":21},{"not_picked":["Pommel Strike","Whirlwind","Shrug It Off"],"picked":"SKIP","floor":23},{"not_picked":["Body Slam","Carnage","Warcry+1"],"picked":"Singing Bowl","floor":27},{"not_picked":["Carnage","Offering"],"picked":"Power Through","floor":30},{"not_picked":["Fiend Fire","Limit Break"],"picked":"Demon Form","floor":33},{"not_picked":["Whirlwind+1","Disarm","Rampage"],"picked":"Singing Bowl","floor":35},{"not_picked":["Shrug It Off","Thunderclap"],"picked":"Flame Barrier","floor":35},{"not_picked":["Pommel Strike+1","Havoc+1","Dual Wield"],"picked":"Singing Bowl","floor":36},{"not_picked":["Shockwave","Carnage+1","Bloodletting+1"],"picked":"Singing Bowl","floor":36}],"player_experience":268478,"relics_obtained":[{"floor":6.0,"key":"Vajra"},{"floor":9.0,"key":"Centennial Puzzle"},{"floor":19.0,"key":"Necronomicon"},{"floor":23,"key":"Juzu Bracelet"},{"floor":25,"key":"Blood Vial"},{"floor":26,"key":"Oddly Smooth Stone"},{"floor":27,"key":"Prayer Wheel"},{"floor":27,"key":"Singing Bowl"},{"floor":30,"key":"Darkstone Periapt"},{"floor":37,"key":"Bag of Preparation"}],"event_choices":[{"damage_healed":0.0,"max_hp_gain":0.0,"max_hp_loss":0.0,"gold_gain":0.0,"event_name":"Upgrade Shrine","player_choice":"Upgraded","floor":7.0,"gold_loss":0.0,"damage_taken":0.0,"cards_upgraded":["Infernal Blade"]},{"damage_healed":0.0,"max_hp_gain":0.0,"max_hp_loss":0.0,"gold_gain":0.0,"event_name":"Cursed Tome","player_choice":"Obtained Book","floor":19.0,"gold_loss":0.0,"damage_taken":16.0},{"damage_healed":0.0,"max_hp_gain":0.0,"max_hp_loss":0.0,"gold_gain":99.0,"event_name":"Nest","player_choice":"Stole From Cult","floor":20.0,"gold_loss":0.0,"damage_taken":0.0},{"damage_healed":0,"gold_gain":0,"player_choice":"Fight","damage_taken":0,"max_hp_gain":0,"max_hp_loss":0,"event_name":"Colosseum","floor":27,"gold_loss":0},{"damage_healed":0,"gold_gain":0,"player_choice":"Fought Nobs","damage_taken":0,"max_hp_gain":0,"max_hp_loss":0,"event_name":"Colosseum","floor":27,"gold_loss":0},{"cards_removed":["Strike_R"],"damage_healed":0,"gold_gain":0,"player_choice":"Purged","damage_taken":0,"max_hp_gain":0,"max_hp_loss":0,"event_name":"Purifier","floor":31,"gold_loss":0},{"damage_healed":0,"gold_gain":0,"player_choice":"Fight","damage_taken":0,"max_hp_gain":0,"max_hp_loss":0,"event_name":"Mysterious Sphere","floor":39,"gold_loss":0}],"is_beta":false,"boss_relics":[{"not_picked":["Empty Cage","Velvet Choker"],"picked":"Sozu"},{"not_picked":["Snecko Eye","Tiny House"],"picked":"Runic Cube"}],"items_purged_floors":[28],"is_endless":false,"potions_floor_spawned":[1,2,16,18,30,33,35],"killed_by":"2 Orb Walkers","ascension_level":0}