{"gold_per_floor":[116,116,131,131,80,80,109,109,109,39,73,73,73,83,83,181,181,200,5,22,38,38,38,38,38],"floor_reached":25,"playtime":1635,"items_purged":[],"score":207,"play_id":"3ae8b960-3795-4753-911e-8f84d714a11d","local_time":"20181114072823","is_ascension_mode":false,"campfire_choices":[{"data":"Armaments","floor":6.0,"key":"SMITH"},{"data":"Armaments","floor":12.0,"key":"SMITH"},{"floor":15.0,"key":"REST"},{"floor":23.0,"key":"REST"}],"neow_cost":"NONE","seed_source_timestamp":20457546443939,"circlet_count":0,"master_deck":["Strike_R+1","Strike_R","Strike_R+1","Strike_R","Defend_R","Defend_R","Defend_R","Defend_R","Bash+1","Perfected Strike","Pommel Strike","Armaments+1","Armaments+1","Inflame","Heavy Blade","Transmutation","Perfected Strike","Heavy Blade"],"special_seed":0,"relics":["Burning Blood","Champion Belt","Du-Vu Doll","Incense Burner","Lantern","Philosopher\u0027s Stone"],"potions_floor_usage":[],"damage_taken":[{"damage":1.0,"enemies":"Cultist","floor":1.0,"turns":3.0},{"damage":0.0,"enemies":"Small Slimes","floor":3.0,"turns":4.0},{"damage":14.0,"enemies":"Gremlin Nob","floor":7.0,"turns":3.0},{"damage":18.0,"enemies":"Lagavulin","floor":11.0,"turns":6.0},{"damage":2.0,"enemies":"Jaw Worm","floor":14.0,"turns":3.0},{"damage":62.0,"enemies":"Slime Boss","floor":16.0,"turns":17.0},{"damage":14.0,"enemies":"Shell Parasite","floor":18.0,"turns":5.0},{"damage":34.0,"enemies":"Chosen","floor":20.0,"turns":5.0},{"damage":44.0,"enemies":"Sentry and Sphere","floor":21.0,"turns":6.0},{"damage":32,"enemies":"Colosseum Slavers","floor":24,"turns":4},{"damage":49,"enemies":"3 Cultists","floor":25,"turns":5}],"seed_played":"162187657537121568","potions_obtained":[{"floor":1.0,"key":"EssenceOfSteel"},{"floor":14.0,"key":"Block Potion"},{"floor":21.0,"key":"Energy Potion"}],"is_trial":false,"path_per_floor":["M","?","M","?","$","R","E","?","T","$","E","R","?","M","R","B",null,"M","$","M","M","?","R","?","M"],"character_chosen":"IRONCLAD","items_purchased":["Armaments","Inflame","Transmutation","Perfected Strike"],"campfire_rested":2,"item_purchase_floors":[5,10,19,19],"current_hp_per_floor":[80,64,70,70,70,70,62,67,67,67,55,55,52,56,81,25,85,77,77,49,11,39,64,38,0],"gold":38,"neow_bonus":"TRANSFORM_CARD","is_prod":false,"is_daily":false,"chose_seed":false,"campfire_upgraded":2,"win_rate":0.0,"timestamp":1542169703,"path_taken":["M","?","M","?","?","R","E","?","T","$","E","R","?","M","R","BOSS","M","$","M","M","?","R","?","M"],"build_version":"2018-11-08","purchased_purges":0,"victory":false,"max_hp_per_floor":[80,80,80,80,80,80,80,85,85,85,85,85,85,85,85,85,85,85,85,85,85,85,85,85,85],"card_choices":[{"not_picked":["Dropkick","Uppercut"],"picked":"Pommel Strike","floor":1.0},{"not_picked":["Headbutt","Warcry","True Grit"],"picked":"SKIP","floor":3.0},{"not_picked":["Rampage","Inflame"],"picked":"Armaments","floor":7.0},{"not_picked":["Reckless Charge","Pommel Strike","Havoc"],"picked":"SKIP","floor":11.0},{"not_picked":["Flame Barrier","Flex","Wild Strike"],"picked":"SKIP","floor":14.0},{"not_picked":["Uppercut+1","Anger"],"picked":"Heavy Blade","floor":18.0},{"not_picked":["Clash","Havoc+1","Anger"],"picked":"SKIP","floor":20.0},{"not_picked":["Warcry+1","True Grit"],"picked":"Heavy Blade","floor":21.0}],"player_experience":145561,"relics_obtained":[{"floor":7.0,"key":"Champion Belt"},{"floor":9.0,"key":"Du-Vu Doll"},{"floor":11.0,"key":"Incense Burner"}],"event_choices":[{"damage_healed":0.0,"max_hp_gain":0.0,"max_hp_loss":0.0,"gold_gain":0.0,"event_name":"Shining Light","player_choice":"Entered Light","floor":2.0,"gold_loss":0.0,"damage_taken":16.0,"cards_upgraded":["Strike_R","Strike_R"]},{"damage_healed":0.0,"max_hp_gain":0.0,"max_hp_loss":0.0,"gold_gain":0.0,"event_name":"Living Wall","player_choice":"Grow","floor":4.0,"gold_loss":0.0,"damage_taken":0.0,"cards_upgraded":["Bash"]},{"damage_healed":0.0,"max_hp_gain":5.0,"max_hp_loss":0.0,"gold_gain":0.0,"event_name":"Big Fish","player_choice":"Donut","floor":8.0,"gold_loss":0.0,"damage_taken":0.0},{"damage_healed":0.0,"max_hp_gain":0.0,"max_hp_loss":0.0,"gold_gain":0.0,"event_name":"Scrap Ooze","player_choice":"Success","floor":13.0,"gold_loss":0.0,"damage_taken":3.0,"relics_obtained":["Lantern"]},{"damage_healed":28.0,"max_hp_gain":0.0,"max_hp_loss":0.0,"gold_gain":0.0,"event_name":"The Library","player_choice":"Heal","floor":22.0,"gold_loss":0.0,"damage_taken":0.0},{"damage_healed":0,"gold_gain":0,"player_choice":"Fight","damage_taken":0,"max_hp_gain":0,"max_hp_loss":0,"event_name":"Colosseum","floor":24,"gold_loss":0},{"damage_healed":0,"gold_gain":0,"player_choice":"Fled From Nobs","damage_taken":0,"max_hp_gain":0,"max_hp_loss":0,"event_name":"Colosseum","floor":24,"gold_loss":0}],"is_beta":false,"boss_relics":[{"not_picked":["Empty Cage","Runic Dome"],"picked":"Philosopher\u0027s Stone"}],"items_purged_floors":[],"is_endless":false,"potions_floor_spawned":[1,14,21,24],"killed_by":"3 Cultists","ascension_level":0}