{"gold_per_floor":[115,115,134,134,152,152,4,32,58,86,101,101],"floor_reached":12,"playtime":435,"items_purged":[],"score":128,"play_id":"ba2aa82e-ceeb-4d65-92da-15bcea77185c","local_time":"20190217150937","is_ascension_mode":true,"campfire_choices":[{"data":"Fire Breathing","floor":6,"key":"SMITH"}],"neow_cost":"NONE","seed_source_timestamp":323211525348585,"circlet_count":0,"master_deck":["Strike_R","Strike_R","Strike_R","Defend_R","Defend_R","Defend_R","Bash","Evolve","Fire Breathing+1","Shockwave","Impervious","Pommel Strike","Inflame","Wild Strike","Sword Boomerang","Double Tap"],"relics":["Burning Blood","Vajra","Smiling Mask","Ice Cream"],"potions_floor_usage":[5,10],"damage_taken":[{"damage":19,"enemies":"Jaw Worm","floor":1,"turns":5},{"damage":6,"enemies":"Cultist","floor":3,"turns":3},{"damage":13,"enemies":"2 Louse","floor":5,"turns":3},{"damage":28,"enemies":"Gremlin Nob","floor":8,"turns":5},{"damage":37,"enemies":"Lagavulin","floor":10,"turns":6},{"damage":4,"enemies":"Exordium Wildlife","floor":11,"turns":3},{"damage":17,"enemies":"Blue Slaver","floor":12,"turns":2}],"seed_played":"-4552101797700695496","potions_obtained":[{"floor":5,"key":"Fruit Juice"},{"floor":10,"key":"Weak Potion"}],"is_trial":false,"path_per_floor":["M","?","M","?","M","R","$","E","T","E","M","M"],"character_chosen":"IRONCLAD","items_purchased":["Inflame","BloodPotion"],"campfire_rested":0,"item_purchase_floors":[7,7],"current_hp_per_floor":[59,59,59,59,57,57,57,35,35,12,14,0],"gold":101,"neow_bonus":"REMOVE_CARD","is_prod":false,"is_daily":false,"chose_seed":false,"campfire_upgraded":1,"win_rate":0,"timestamp":1550444977,"path_taken":["M","?","?","?","M","R","?","E","T","E","M","M"],"build_version":"2019-01-23","purchased_purges":0,"victory":false,"max_hp_per_floor":[80,80,80,80,85,85,85,85,85,85,85,85],"card_choices":[{"not_picked":["Headbutt","Blood for Blood"],"picked":"Evolve","floor":1},{"not_picked":["Seeing Red","Clothesline"],"picked":"Shockwave","floor":3},{"not_picked":["True Grit","Havoc"],"picked":"Pommel Strike","floor":5},{"not_picked":["Infernal Blade","Corruption"],"picked":"Wild Strike","floor":8},{"not_picked":["Battle Trance","Clothesline"],"picked":"Sword Boomerang","floor":10},{"not_picked":["Power Through","Heavy Blade"],"picked":"Double Tap","floor":11}],"player_experience":324130,"relics_obtained":[{"floor":8,"key":"Vajra"},{"floor":9,"key":"Smiling Mask"},{"floor":10,"key":"Ice Cream"}],"event_choices":[{"damage_healed":0,"gold_gain":0,"cards_transformed":["Strike_R"],"player_choice":"Transformed","damage_taken":0,"max_hp_gain":0,"max_hp_loss":0,"event_name":"Transmorgrifier","floor":2,"gold_loss":0,"cards_obtained":["Fire Breathing"]},{"damage_healed":0,"gold_gain":0,"cards_transformed":["Strike_R"],"player_choice":"Change","damage_taken":0,"max_hp_gain":0,"max_hp_loss":0,"event_name":"Living Wall","floor":4,"gold_loss":0,"cards_obtained":["Impervious"]}],"is_beta":false,"boss_relics":[],"items_purged_floors":[],"is_endless":false,"potions_floor_spawned":[5,10],"killed_by":"Blue Slaver","ascension_level":9}