{"gold_per_floor":[119,138,138,63,63,63,63,128,154,181,181,181,181,256,256,351,351,370,370,370,370,381,399,299,310,333,208,233,233,252,272,272,375,375,388,403,403,419,419,419,439,136,186,533,40,40,40,40,40,40],"floor_reached":50,"playtime":1978,"items_purged":["Defend_R","Defend_R","Strike_R","Strike_R","Headbutt+1"],"score":594,"play_id":"78fb13a0-c61b-4169-bb3a-67ffd24f6d74","local_time":"20190212065607","is_ascension_mode":false,"campfire_choices":[{"data":"Bash","floor":6.0,"key":"SMITH"},{"floor":11.0,"key":"REST"},{"floor":13.0,"key":"REST"},{"floor":15.0,"key":"REST"},{"floor":29.0,"key":"REST"},{"floor":32.0,"key":"REST"},{"data":"Rampage","floor":40.0,"key":"SMITH"},{"floor":46.0,"key":"REST"},{"floor":49.0,"key":"REST"}],"neow_cost":"NONE","seed_source_timestamp":33097766812400,"circlet_count":0,"master_deck":["Bash+1","Clash+1","Clash+1","Clash+1","Shrug It Off+1","Cleave+1","Battle Trance+1","Flex+1","Rampage+1","Fire Breathing+1","Clash+1","Rampage+1","Dropkick+1"],"special_seed":0,"relics":["Burning Blood","Tiny Chest","Oddly Smooth Stone","Pantograph","Lizard Tail","Boot","Smiling Mask","Astrolabe","Dead Branch","Membership Card","MawBank","Old Coin","Self Forming Clay","Thread and Needle","TheAbacus","Mark of the Bloom"],"potions_floor_usage":[50,50],"damage_taken":[{"damage":6.0,"enemies":"Cultist","floor":1.0,"turns":3.0},{"damage":5.0,"enemies":"2 Louse","floor":2.0,"turns":3.0},{"damage":47.0,"enemies":"3 Sentries","floor":8.0,"turns":11.0},{"damage":48.0,"enemies":"Lagavulin","floor":10.0,"turns":6.0},{"damage":64.0,"enemies":"The Guardian","floor":16.0,"turns":9.0},{"damage":13.0,"enemies":"Chosen","floor":18.0,"turns":5.0},{"damage":30.0,"enemies":"Spheric Guardian","floor":22.0,"turns":4.0},{"damage":38.0,"enemies":"Snake Plant","floor":23.0,"turns":4.0},{"damage":33.0,"enemies":"Shelled Parasite and Fungi","floor":25.0,"turns":3.0},{"damage":0.0,"enemies":"Gremlin Leader","floor":28.0,"turns":2.0},{"damage":30.0,"enemies":"Sentry and Sphere","floor":30.0,"turns":4.0},{"damage":20.0,"enemies":"Chosen and Byrds","floor":31.0,"turns":4.0},{"damage":79.0,"enemies":"Automaton","floor":33.0,"turns":9.0},{"damage":0.0,"enemies":"3 Darklings","floor":35.0,"turns":2.0},{"damage":1.0,"enemies":"Orb Walker","floor":36.0,"turns":2.0},{"damage":0.0,"enemies":"Transient","floor":38.0,"turns":5.0},{"damage":23.0,"enemies":"3 Darklings","floor":41.0,"turns":2.0},{"damage":48.0,"enemies":"Reptomancer","floor":44.0,"turns":5.0},{"damage":65,"enemies":"Awakened One","floor":50,"turns":7}],"seed_played":"1789033463473601100","potions_obtained":[{"floor":1.0,"key":"AttackPotion"},{"floor":16.0,"key":"Block Potion"},{"floor":18.0,"key":"Regen Potion"},{"floor":28.0,"key":"EntropicBrew"},{"floor":33.0,"key":"SkillPotion"},{"floor":35.0,"key":"PowerPotion"},{"floor":36.0,"key":"Ancient Potion"}],"is_trial":false,"path_per_floor":["M","M","?","$","?","R","$","E","T","E","R","?","R","?","R","B",null,"M","?","?","?","M","M","$","M","T","$","E","R","M","M","R","B",null,"M","M","?","M","?","R","M","$","T","E","$","R","?","?","R","B"],"character_chosen":"IRONCLAD","items_purchased":["Membership Card","Fire Breathing","Clash","Dropkick","Self Forming Clay","Thread and Needle","TheAbacus","BloodPotion"],"campfire_rested":7,"item_purchase_floors":[42,42,42,45,45,45,45,45],"current_hp_per_floor":[88,88,93,93,93,93,93,52,52,10,37,37,64,53,80,35,93,86,93,93,93,69,37,37,19,19,19,25,52,28,14,41,39,93,93,93,93,93,93,93,76,76,76,34,34,61,61,61,61,0],"gold":40,"neow_bonus":"TEN_PERCENT_HP_BONUS","is_prod":false,"is_daily":false,"chose_seed":false,"campfire_upgraded":2,"win_rate":0,"timestamp":1549943767,"path_taken":["M","?","?","$","?","R","?","E","T","E","R","?","R","?","R","BOSS","M","?","?","?","M","M","$","M","T","?","E","R","?","M","R","BOSS","M","M","?","M","?","R","?","$","T","E","$","R","?","?","R","BOSS"],"build_version":"2019-01-23","purchased_purges":5,"victory":false,"max_hp_per_floor":[88,88,93,93,93,93,93,93,93,93,93,93,93,93,93,93,93,93,93,93,93,93,93,93,93,93,93,93,93,93,93,93,93,93,93,93,93,93,93,93,93,93,93,93,93,93,93,93,93,93],"card_choices":[{"not_picked":["Warcry","Pommel Strike","Ghostly Armor"],"picked":"SKIP","floor":1.0},{"not_picked":["Sword Boomerang","Rampage","Perfected Strike"],"picked":"SKIP","floor":2.0},{"not_picked":["Carnage","Havoc","Ghostly Armor"],"picked":"SKIP","floor":8.0},{"not_picked":["Dual Wield","Anger"],"picked":"Clash","floor":10.0},{"not_picked":["Armaments","Shockwave","Body Slam"],"picked":"SKIP","floor":18.0},{"not_picked":["Flame Barrier","Body Slam"],"picked":"Clash","floor":22.0},{"not_picked":["Havoc","Reaper"],"picked":"Clash","floor":23.0},{"not_picked":["Sword Boomerang","Warcry+1","Clothesline"],"picked":"SKIP","floor":25.0},{"not_picked":["Sever Soul","Uppercut","Disarm"],"picked":"SKIP","floor":28.0},{"not_picked":["Power Through+1","Intimidate","Headbutt+1"],"picked":"SKIP","floor":30.0},{"not_picked":["Second Wind","Armaments"],"picked":"Shrug It Off","floor":31.0},{"not_picked":["True Grit","Hemokinesis","Heavy Blade"],"picked":"SKIP","floor":35.0},{"not_picked":["Wild Strike+1","Shockwave"],"picked":"Flex+1","floor":36.0},{"not_picked":["Sword Boomerang+1","Whirlwind+1"],"picked":"Rampage","floor":38.0},{"not_picked":["Warcry+1","Headbutt+1","Battle Trance"],"picked":"SKIP","floor":41.0},{"not_picked":["Pommel Strike+1","Reckless Charge"],"picked":"Rampage+1","floor":44.0}],"player_experience":325132,"relics_obtained":[{"floor":8.0,"key":"Tiny Chest"},{"floor":9.0,"key":"Oddly Smooth Stone"},{"floor":10.0,"key":"Pantograph"},{"floor":26.0,"key":"Boot"},{"floor":28.0,"key":"Smiling Mask"},{"floor":43.0,"key":"MawBank"},{"floor":44.0,"key":"Old Coin"}],"event_choices":[{"damage_healed":0.0,"max_hp_gain":5.0,"max_hp_loss":0.0,"gold_gain":0.0,"event_name":"Big Fish","player_choice":"Donut","floor":3.0,"gold_loss":0.0,"damage_taken":0.0},{"damage_healed":0.0,"max_hp_gain":0.0,"max_hp_loss":0.0,"gold_gain":0.0,"event_name":"Shining Light","player_choice":"Ignored","floor":5.0,"gold_loss":0.0,"damage_taken":0.0},{"cards_removed":["Defend_R"],"damage_healed":0.0,"max_hp_gain":0.0,"max_hp_loss":0.0,"gold_gain":0.0,"event_name":"Living Wall","player_choice":"Forget","floor":12.0,"gold_loss":0.0,"damage_taken":0.0},{"damage_healed":0.0,"max_hp_gain":0.0,"max_hp_loss":0.0,"gold_gain":75.0,"event_name":"World of Goop","player_choice":"Gather Gold","floor":14.0,"gold_loss":0.0,"damage_taken":11.0},{"damage_healed":31.0,"max_hp_gain":0.0,"max_hp_loss":0.0,"gold_gain":0.0,"event_name":"The Library","player_choice":"Heal","floor":19.0,"gold_loss":0.0,"damage_taken":0.0},{"damage_healed":0.0,"max_hp_gain":0.0,"max_hp_loss":0.0,"gold_gain":0.0,"event_name":"The Mausoleum","player_choice":"Ignored","floor":20.0,"gold_loss":0.0,"damage_taken":0.0},{"cards_removed":["Defend_R"],"damage_healed":0.0,"max_hp_gain":0.0,"max_hp_loss":0.0,"gold_gain":0.0,"event_name":"Back to Basics","player_choice":"Elegance","floor":21.0,"gold_loss":0.0,"damage_taken":0.0},{"damage_healed":0.0,"max_hp_gain":0.0,"max_hp_loss":0.0,"gold_gain":0.0,"event_name":"Tomb of Lord Red Mask","player_choice":"Ignored","floor":37.0,"gold_loss":0.0,"damage_taken":0.0},{"damage_healed":0.0,"max_hp_gain":0.0,"max_hp_loss":0.0,"gold_gain":0.0,"event_name":"WeMeetAgain","player_choice":"Gave Potion","floor":39.0,"gold_loss":0.0,"damage_taken":0.0,"relics_obtained":["Dead Branch"]},{"damage_healed":0.0,"max_hp_gain":0.0,"max_hp_loss":0.0,"gold_gain":0.0,"event_name":"MindBloom","player_choice":"Upgrade","floor":47.0,"gold_loss":0.0,"damage_taken":0.0,"cards_upgraded":["Clash","Clash","Clash","Shrug It Off","Fire Breathing","Clash","Dropkick"],"relics_obtained":["Mark of the Bloom"]},{"damage_healed":0.0,"max_hp_gain":0.0,"max_hp_loss":0.0,"gold_gain":0.0,"event_name":"SensoryStone","player_choice":"Memory 1","floor":48.0,"gold_loss":0.0,"damage_taken":0.0}],"is_beta":false,"boss_relics":[{"not_picked":["Black Blood","Pandora\u0027s Box"],"picked":"Lizard Tail"},{"not_picked":["Sozu","Mark of Pain"],"picked":"Astrolabe"}],"items_purged_floors":[4,24,27,42,45],"is_endless":false,"potions_floor_spawned":[1,16,18,28,33,35,36],"killed_by":"Awakened One","ascension_level":0}