{"gold_per_floor":[109,125,125,141,141,177,201,201,201,236,236,236,260,31,31,126,126,147,147,97,110,135,135,158,158,184,227,242,242,242,256,256,345,345,369,46,66,87,110,110],"floor_reached":40,"playtime":4969,"items_purged":["Strike_G"],"score":718,"play_id":"3ed0ddc4-5a3c-4055-8392-939dfdbc44bb","local_time":"20190209203543","is_ascension_mode":true,"campfire_choices":[{"data":"Blade Dance","floor":8,"key":"SMITH"},{"floor":12,"key":"REST"},{"data":"Dash","floor":15,"key":"SMITH"},{"data":"Cloak And Dagger","floor":23,"key":"SMITH"},{"data":"After Image","floor":25,"key":"SMITH"},{"data":"Well Laid Plans","floor":30,"key":"SMITH"},{"floor":32,"key":"DIG"}],"neow_cost":"CURSE","seed_source_timestamp":768720829531600,"circlet_count":0,"master_deck":["AscendersBane","Defend_G","Defend_G","Defend_G","Defend_G","Strike_G","Strike_G","Survivor","Neutralize+1","Writhe","Blade Dance+1","Dash+1","Flechettes+1","Injury","Acrobatics","After Image+1","Cloak And Dagger+1","Deflect","Blade Dance","Injury","Blur","Well Laid Plans+1","RitualDagger","Malaise","Concentrate+1","Die Die Die+1","Die Die Die+1","Footwork","Acrobatics+1","Blur+1"],"relics":["Ring of the Snake","Du-Vu Doll","Golden Idol","Blood Vial","Darkstone Periapt","Shovel","Bronze Scales","Cursed Key","Pear","Vajra","Astrolabe","Incense Burner"],"potions_floor_usage":[10,16,18,22,24,33,40],"damage_taken":[{"damage":0,"enemies":"Cultist","floor":1,"turns":3},{"damage":0,"enemies":"Small Slimes","floor":2,"turns":2},{"damage":2,"enemies":"Jaw Worm","floor":4,"turns":3},{"damage":12,"enemies":"Gremlin Nob","floor":6,"turns":4},{"damage":0,"enemies":"3 Louse","floor":7,"turns":3},{"damage":10,"enemies":"3 Sentries","floor":10,"turns":5},{"damage":0,"enemies":"Exordium Thugs","floor":13,"turns":3},{"damage":21,"enemies":"Slime Boss","floor":16,"turns":9},{"damage":0,"enemies":"2 Thieves","floor":18,"turns":4},{"damage":0,"enemies":"Chosen","floor":21,"turns":3},{"damage":0,"enemies":"Snecko","floor":22,"turns":4},{"damage":5,"enemies":"Snake Plant","floor":24,"turns":3},{"damage":2,"enemies":"Book of Stabbing","floor":27,"turns":5},{"damage":0,"enemies":"Centurion and Healer","floor":28,"turns":5},{"damage":8,"enemies":"Sentry and Sphere","floor":31,"turns":4},{"damage":60,"enemies":"Automaton","floor":33,"turns":11},{"damage":18,"enemies":"3 Shapes","floor":35,"turns":5},{"damage":3,"enemies":"Orb Walker","floor":37,"turns":3},{"damage":8,"enemies":"Jaw Worm Horde","floor":38,"turns":3},{"damage":13,"enemies":"Sphere and 2 Shapes","floor":39,"turns":5},{"damage":54,"enemies":"Reptomancer","floor":40,"turns":3}],"seed_played":"2591775558348077446","potions_obtained":[{"floor":2,"key":"Explosive Potion"},{"floor":7,"key":"Poison Potion"},{"floor":13,"key":"Energy Potion"},{"floor":16,"key":"EssenceOfSteel"},{"floor":18,"key":"EssenceOfSteel"},{"floor":21,"key":"Ancient Potion"},{"floor":22,"key":"Weak Potion"},{"floor":39,"key":"Weak Potion"}],"is_trial":false,"path_per_floor":["M","M","?","M","?","E","M","R","T","E","?","R","M","$","R","B",null,"M","?","?","M","M","R","M","R","T","E","M","?","R","M","R","B",null,"M","$","M","M","M","E"],"character_chosen":"THE_SILENT","items_purchased":["Bronze Scales","Footwork","Incense Burner"],"campfire_rested":1,"item_purchase_floors":[14,36,36],"current_hp_per_floor":[63,63,63,61,61,49,51,51,51,43,43,64,66,66,66,47,64,66,66,66,68,70,70,65,65,71,81,83,77,77,71,71,13,68,52,52,51,45,34,0],"gold":110,"neow_bonus":"ONE_RARE_RELIC","is_prod":false,"is_daily":false,"chose_seed":false,"campfire_upgraded":5,"win_rate":0,"timestamp":1549769743,"path_taken":["M","M","?","M","?","E","?","R","T","E","?","R","M","?","R","BOSS","M","?","?","M","?","R","?","R","T","E","M","?","R","M","R","BOSS","M","$","M","M","M","E"],"build_version":"2019-01-23","purchased_purges":1,"victory":false,"max_hp_per_floor":[70,70,70,70,70,70,70,70,70,70,70,70,70,70,70,70,70,70,70,70,70,70,70,70,70,76,86,86,86,86,86,86,86,86,86,86,86,86,86,86],"card_choices":[{"not_picked":["Caltrops","Masterful Stab"],"picked":"Blade Dance","floor":1},{"not_picked":["Poisoned Stab","Reflex"],"picked":"Dash","floor":2},{"not_picked":["Dagger Throw","Distraction"],"picked":"Flechettes","floor":4},{"not_picked":["Heel Hook","Dagger Throw","Predator"],"picked":"SKIP","floor":6},{"not_picked":["Dodge and Roll","Flechettes","Bane"],"picked":"SKIP","floor":7},{"not_picked":["Flying Knee","Slice","Leg Sweep"],"picked":"SKIP","floor":10},{"not_picked":["Outmaneuver","Sucker Punch"],"picked":"Acrobatics","floor":13},{"not_picked":["Adrenaline","Grand Finale"],"picked":"After Image","floor":16},{"not_picked":["Deflect","Sucker Punch"],"picked":"Cloak And Dagger","floor":18},{"not_picked":["Backflip","Deadly Poison"],"picked":"Deflect","floor":21},{"not_picked":["Flying Knee","Bane"],"picked":"Blade Dance","floor":22},{"not_picked":["Riddle With Holes+1","Dagger Throw","Quick Slash"],"picked":"SKIP","floor":24},{"not_picked":["Riddle With Holes+1","Dagger Throw","Quick Slash"],"picked":"SKIP","floor":24},{"not_picked":["Finisher","Dodge and Roll"],"picked":"Blur","floor":27},{"not_picked":["Eviscerate+1","Dodge and Roll"],"picked":"Well Laid Plans","floor":28},{"not_picked":["Accuracy","Acrobatics","Crippling Poison"],"picked":"SKIP","floor":31},{"not_picked":["Tools of the Trade","Burst"],"picked":"Malaise","floor":33},{"not_picked":["Outmaneuver","Poisoned Stab","Tactician"],"picked":"SKIP","floor":35},{"not_picked":["All Out Attack+1","Accuracy","Tactician+1"],"picked":"SKIP","floor":37},{"not_picked":["Backflip","Quick Slash+1"],"picked":"Acrobatics+1","floor":38},{"not_picked":["Dagger Spray","Poisoned Stab"],"picked":"Blur+1","floor":39}],"player_experience":900205,"relics_obtained":[{"floor":6,"key":"Blood Vial"},{"floor":9,"key":"Darkstone Periapt"},{"floor":10,"key":"Shovel"},{"floor":27,"key":"Pear"},{"floor":32,"key":"Vajra"}],"event_choices":[{"damage_healed":0,"gold_gain":0,"player_choice":"Grow","damage_taken":0,"max_hp_gain":0,"max_hp_loss":0,"event_name":"Living Wall","floor":3,"gold_loss":0,"cards_upgraded":["Neutralize"]},{"damage_healed":0,"gold_gain":0,"player_choice":"Take Wound","damage_taken":0,"relics_obtained":["Golden Idol"],"max_hp_gain":0,"max_hp_loss":0,"event_name":"Golden Idol","floor":5,"gold_loss":0,"cards_obtained":["Injury"]},{"damage_healed":0,"gold_gain":0,"player_choice":"Upgraded","damage_taken":0,"max_hp_gain":0,"max_hp_loss":0,"event_name":"Upgrade Shrine","floor":11,"gold_loss":0,"cards_upgraded":["Flechettes"]},{"damage_healed":0,"gold_gain":0,"player_choice":"Ignored","damage_taken":0,"max_hp_gain":0,"max_hp_loss":0,"event_name":"Ghosts","floor":19,"gold_loss":0},{"damage_healed":0,"gold_gain":0,"player_choice":"Bet on Murderer","damage_taken":0,"max_hp_gain":0,"max_hp_loss":0,"event_name":"The Joust","floor":20,"gold_loss":50},{"damage_healed":0,"gold_gain":0,"player_choice":"Joined the Cult","damage_taken":6,"max_hp_gain":0,"max_hp_loss":0,"event_name":"Nest","floor":29,"gold_loss":0,"cards_obtained":["RitualDagger"]}],"is_beta":false,"boss_relics":[{"not_picked":["Orrery","Runic Dome"],"picked":"Cursed Key"},{"not_picked":["Pandora\u0027s Box","Empty Cage"],"picked":"Astrolabe"}],"items_purged_floors":[14],"is_endless":false,"potions_floor_spawned":[2,7,13,16,18,21,22,33,39],"killed_by":"Reptomancer","ascension_level":13}