{"path_per_floor":["M","?","$","?","M","R","M","R","T","M","E","M","?","T","R","B",null,"M","M","?","M","?","R","M","R","T","M","T","?","R","M","R","B",null,"M","$","M","M","?","R","M","?","T","$","R","M","?","?","R","B"],"character_chosen":"DEFECT","items_purchased":["Apotheosis","Defragment+1","Redo","Defragment+1"],"gold_per_floor":[111,111,36,36,46,46,61,61,61,79,113,123,123,123,123,223,223,236,250,250,267,267,267,283,283,283,299,299,299,299,310,310,409,409,428,23,43,63,63,63,77,77,77,9,9,19,64,0,0,0],"floor_reached":51,"campfire_rested":7,"playtime":4090,"item_purchase_floors":[36,36,36,44],"current_hp_per_floor":[38,38,38,23,20,42,41,63,63,63,53,45,38,38,60,53,75,57,41,41,28,12,34,24,46,46,32,32,75,75,64,64,15,75,75,75,56,37,28,50,56,56,63,63,63,60,57,57,81,12],"items_purged":["Strike_B","Strike_B"],"gold":0,"score":622,"play_id":"0be4181b-e495-467a-aa7f-a8610eeed025","local_time":"20180603204639","is_prod":false,"is_daily":false,"chose_seed":false,"is_ascension_mode":false,"campfire_upgraded":3,"win_rate":0.0,"timestamp":1528076799,"campfire_choices":[{"floor":6,"key":"REST"},{"floor":8,"key":"REST"},{"floor":15,"key":"REST"},{"floor":23,"key":"REST"},{"floor":25,"key":"REST"},{"data":"Buffer","floor":30,"key":"SMITH"},{"data":"Biased Cognition","floor":32,"key":"SMITH"},{"floor":40,"key":"REST"},{"data":"Apotheosis","floor":45,"key":"SMITH"},{"floor":49,"key":"REST"}],"path_taken":["M","?","$","?","?","R","M","R","T","?","E","M","?","?","R","BOSS","M","M","?","?","?","R","M","R","T","M","?","?","R","M","R","BOSS","M","$","M","M","?","R","M","?","T","?","R","M","?","?","R","BOSS"],"build_version":"2018-05-31","seed_source_timestamp":27980832495802,"purchased_purges":2,"victory":true,"master_deck":["Strike_B+1","Defend_B","Defend_B+1","Defend_B","Defend_B+1","Zap","Dualcast","Buffer+1","Streamline","Darkness+1","Double Energy","Rebound","Electrodynamics","BootSequence","Biased Cognition+1","Creative AI+1","Heatsinks+1","Apotheosis+1","Defragment+1","Redo","Self Repair+1","Static Discharge+1","Madness","Madness","Storm+1","Purity","Defragment+1"],"max_hp_per_floor":[75,75,75,75,75,75,75,75,75,75,75,75,75,75,75,75,75,75,75,75,75,75,75,75,75,75,75,75,75,75,75,75,75,75,75,75,75,75,75,75,75,75,82,82,82,82,82,82,82,82],"relics":["Cracked Core","War Paint","Letter Opener","Boot","Philosopher\u0027s Stone","Nilry\u0027s Codex","Orichalcum","Frozen Egg 2","Inserter","Strawberry","Girya","Red Mask"],"card_choices":[{"not_picked":["Seek","Thunder Strike"],"picked":"Buffer","floor":0},{"not_picked":["Rip and Tear","Hologram"],"picked":"Streamline","floor":1},{"not_picked":["Redo","Ball Lightning"],"picked":"Consume","floor":5},{"not_picked":["Sweeping Beam","Reinforced Body"],"picked":"Darkness","floor":7},{"not_picked":["Reinforced Body","Auto Shields"],"picked":"Double Energy","floor":10},{"not_picked":["Hologram","Stack"],"picked":"Rebound","floor":11},{"not_picked":["Conserve Battery","Barrage","Heatsinks"],"picked":"SKIP","floor":12},{"not_picked":["All For One","Amplify"],"picked":"Electrodynamics","floor":16},{"not_picked":["Leap","Compile Driver","Genetic Algorithm"],"picked":"SKIP","floor":18},{"not_picked":["Compile Driver","Force Field","Blizzard"],"picked":"SKIP","floor":19},{"not_picked":["Hologram","Tempest"],"picked":"BootSequence","floor":21},{"not_picked":["Genetic Algorithm","Conserve Battery+1","Beam Cell"],"picked":"SKIP","floor":24},{"not_picked":["Conserve Battery","Darkness"],"picked":"Biased Cognition","floor":27},{"not_picked":["Gash+1","Ball Lightning","Rebound"],"picked":"SKIP","floor":31},{"not_picked":["Buffer+1","Seek"],"picked":"Creative AI+1","floor":33},{"not_picked":["Steam","Tempest"],"picked":"Heatsinks+1","floor":35},{"not_picked":["Cold Snap","Aggregate+1"],"picked":"Self Repair+1","floor":37},{"not_picked":["Ball Lightning+1","Reinforced Body"],"picked":"Static Discharge+1","floor":38},{"not_picked":["Barrage+1","Tempest+1"],"picked":"Storm+1","floor":41},{"not_picked":["Transmutation","Swift Strike"],"picked":"Purity","floor":42},{"not_picked":["Go for the Eyes","Streamline","Loop+1"],"picked":"SKIP","floor":46}],"player_experience":87345,"potions_floor_usage":[16,19,19,33,33,33,47,47,50],"damage_taken":[{"damage":0,"enemies":"Cultist","floor":1,"turns":3},{"damage":3,"enemies":"Jaw Worm","floor":5,"turns":2},{"damage":1,"enemies":"2 Louse","floor":7,"turns":4},{"damage":0,"enemies":"Blue Slaver","floor":10,"turns":3},{"damage":10,"enemies":"Lagavulin","floor":11,"turns":5},{"damage":8,"enemies":"Gremlin Gang","floor":12,"turns":4},{"damage":7,"enemies":"Slime Boss","floor":16,"turns":6},{"damage":18,"enemies":"Chosen","floor":18,"turns":4},{"damage":16,"enemies":"2 Thieves","floor":19,"turns":3},{"damage":13,"enemies":"Centurion and Healer","floor":21,"turns":6},{"damage":17,"enemies":"Snecko","floor":24,"turns":6},{"damage":14,"enemies":"Sentry and Sphere","floor":27,"turns":4},{"damage":11,"enemies":"Centurion and Healer","floor":31,"turns":3},{"damage":49,"enemies":"Collector","floor":33,"turns":8},{"damage":0,"enemies":"3 Shapes","floor":35,"turns":3},{"damage":19,"enemies":"3 Darklings","floor":37,"turns":3},{"damage":19,"enemies":"4 Shapes","floor":38,"turns":2},{"damage":4,"enemies":"Maw","floor":41,"turns":4},{"damage":3,"enemies":"Sphere and 2 Shapes","floor":46,"turns":3},{"damage":3,"enemies":"Mysterious Sphere","floor":47,"turns":3},{"damage":69,"enemies":"Donu and Deca","floor":50,"turns":4}],"relics_obtained":[{"floor":9,"key":"War Paint"},{"floor":11,"key":"Letter Opener"},{"floor":14,"key":"Boot"},{"floor":22,"key":"Nilry\u0027s Codex"},{"floor":26,"key":"Orichalcum"},{"floor":28,"key":"Frozen Egg 2"},{"floor":43,"key":"Strawberry"},{"floor":47,"key":"Girya"}],"event_choices":[{"event_name":"The Woman in Blue","player_choice":"Bought 0 Potions","floor":2,"damage_taken":0},{"event_name":"Shining Light","player_choice":"Entered Light","floor":4,"damage_taken":0},{"event_name":"Golden Wing","player_choice":"Card Removal","floor":13,"damage_taken":0},{"event_name":"Vampires","player_choice":"Ignored","floor":20,"damage_taken":0},{"event_name":"Cursed Tome","player_choice":"Obtained Book","floor":22,"damage_taken":0},{"event_name":"Bonfire Elementals","player_choice":"UNCOMMON","floor":29,"damage_taken":0},{"event_name":"Winding Halls","player_choice":"Embrace Madness","floor":39,"damage_taken":0},{"event_name":"SensoryStone","player_choice":"Memory 1","floor":42,"damage_taken":0},{"event_name":"Mysterious Sphere","player_choice":"Fight","floor":47,"damage_taken":0},{"event_name":"Tomb of Lord Red Mask","player_choice":"Paid","floor":48,"damage_taken":0}],"boss_relics":[{"not_picked":["Runic Dome","Snecko Eye"],"picked":"Philosopher\u0027s Stone"},{"not_picked":["Velvet Choker","Sozu"],"picked":"Inserter"}],"items_purged_floors":[3,36],"potions_floor_spawned":[1,7,16,18,24,27,33,38,41,46],"seed_played":"2344559951538934164","ascension_level":0,"potions_obtained":[{"floor":1,"key":"LiquidBronze"},{"floor":7,"key":"PowerPotion"},{"floor":16,"key":"PowerPotion"},{"floor":18,"key":"Strength Potion"},{"floor":24,"key":"FearPotion"},{"floor":27,"key":"AttackPotion"},{"floor":33,"key":"GamblersBrew"},{"floor":38,"key":"FocusPotion"},{"floor":41,"key":"Weak Potion"},{"floor":46,"key":"Block Potion"}],"is_trial":false}