{"gold_per_floor":[113,64,79,79,95,95,109,123,147,147],"floor_reached":10,"playtime":638,"items_purged":[],"score":60,"play_id":"997720a0-639a-4e6a-8189-f5772af1b747","local_time":"20190215234639","is_ascension_mode":false,"campfire_choices":[{"floor":6,"key":"REST"}],"neow_cost":"NONE","seed_source_timestamp":18963438497722,"circlet_count":0,"master_deck":["Defend_G","Defend_G","Defend_G","Defend_G","Strike_G","Strike_G","Strike_G","Strike_G","Survivor","Neutralize","Dagger Throw","Prepared","Blur","Backflip","Infinite Blades"],"relics":["Empty Cage","Dream Catcher","Potion Belt"],"potions_floor_usage":[],"damage_taken":[{"damage":0,"enemies":"2 Louse","floor":1,"turns":3},{"damage":6,"enemies":"Jaw Worm","floor":3,"turns":4},{"damage":0,"enemies":"Cultist","floor":5,"turns":5},{"damage":22,"enemies":"Lots of Slimes","floor":7,"turns":7},{"damage":12,"enemies":"2 Fungi Beasts","floor":8,"turns":5},{"damage":32,"enemies":"Gremlin Nob","floor":10,"turns":5}],"seed_played":"-7680432089158182535","potions_obtained":[],"is_trial":false,"path_per_floor":["M","$","M","?","M","R","M","M","T","E"],"character_chosen":"THE_SILENT","items_purchased":["Prepared"],"campfire_rested":1,"item_purchase_floors":[2],"current_hp_per_floor":[70,70,64,39,39,60,38,26,26,0],"gold":147,"neow_bonus":"BOSS_RELIC","is_prod":false,"is_daily":false,"chose_seed":false,"campfire_upgraded":0,"win_rate":0,"timestamp":1550292399,"path_taken":["M","$","M","?","M","R","M","M","T","E"],"build_version":"2019-01-23","purchased_purges":0,"victory":false,"max_hp_per_floor":[70,70,70,70,70,70,70,70,70,70],"card_choices":[{"not_picked":["Quick Slash","Predator"],"picked":"Dagger Throw","floor":1},{"not_picked":["Bane","Cloak And Dagger","Masterful Stab"],"picked":"SKIP","floor":3},{"not_picked":["PiercingWail","Bane","A Thousand Cuts"],"picked":"SKIP","floor":5},{"not_picked":["Infinite Blades","Dagger Throw"],"picked":"Blur","floor":6},{"not_picked":["Catalyst","Outmaneuver"],"picked":"Backflip","floor":7},{"not_picked":["Eviscerate","Underhanded Strike"],"picked":"Infinite Blades","floor":8}],"player_experience":53541,"relics_obtained":[{"floor":9,"key":"Potion Belt"}],"event_choices":[{"damage_healed":0,"gold_gain":0,"player_choice":"Success","damage_taken":25,"relics_obtained":["Dream Catcher"],"max_hp_gain":0,"max_hp_loss":0,"event_name":"Scrap Ooze","floor":4,"gold_loss":0}],"is_beta":false,"boss_relics":[],"items_purged_floors":[],"is_endless":false,"potions_floor_spawned":[],"killed_by":"Gremlin Nob","ascension_level":0}