{"gold_per_floor":[113,125,51,1,1,1,26,41,41,41,72,72,91,109,109,213,213,226,243,142,173,190,190],"floor_reached":23,"playtime":1516,"items_purged":["Strike_R"],"score":249,"play_id":"93ba60ce-4929-4519-85d5-649e19af04ff","local_time":"20180701152408","is_ascension_mode":true,"campfire_choices":[{"data":"Searing Blow","floor":6,"key":"SMITH"},{"data":"Searing Blow+1","floor":10,"key":"SMITH"},{"data":"Searing Blow+2","floor":12,"key":"SMITH"},{"data":"Searing Blow+3","floor":15,"key":"SMITH"}],"neow_cost":"NONE","seed_source_timestamp":1611686751220248,"circlet_count":0,"master_deck":["Strike_R","Strike_R","Strike_R","Defend_R","Defend_R","Defend_R","Defend_R","Bash","Iron Wave","Searing Blow+4","Warcry","Seeing Red","Berserk","Headbutt","Armaments"],"relics":["Burning Blood","NeowsBlessing","Kunai","Ancient Tea Set","Oddly Smooth Stone","Black Star","Red Mask"],"potions_floor_usage":[16,16,19,21,22,22],"damage_taken":[{"damage":0,"enemies":"Jaw Worm","floor":1,"turns":1},{"damage":0,"enemies":"2 Louse","floor":2,"turns":1},{"damage":0,"enemies":"3 Sentries","floor":7,"turns":1},{"damage":7,"enemies":"Small Slimes","floor":8,"turns":3},{"damage":3,"enemies":"Gremlin Nob","floor":11,"turns":4},{"damage":0,"enemies":"Looter","floor":13,"turns":2},{"damage":0,"enemies":"3 Louse","floor":14,"turns":3},{"damage":56,"enemies":"Hexaghost","floor":16,"turns":12},{"damage":26,"enemies":"2 Thieves","floor":18,"turns":5},{"damage":17,"enemies":"Spheric Guardian","floor":19,"turns":5},{"damage":4,"floor":21,"turns":4},{"damage":50,"enemies":"3 Cultists","floor":22,"turns":7},{"damage":9,"enemies":"Book of Stabbing","floor":23,"turns":3}],"seed_played":"-3148368283493996301","potions_obtained":[{"floor":1,"key":"Block Potion"},{"floor":13,"key":"Block Potion"},{"floor":16,"key":"SkillPotion"},{"floor":18,"key":"Explosive Potion"},{"floor":19,"key":"Dexterity Potion"},{"floor":21,"key":"LiquidBronze"}],"is_trial":false,"path_per_floor":["M","M","$","?","$","R","E","M","T","R","E","R","M","M","R","B",null,"M","M","$","?","M"],"character_chosen":"IRONCLAD","items_purchased":["Searing Blow","Armaments"],"campfire_rested":0,"item_purchase_floors":[3,20],"current_hp_per_floor":[80,80,80,80,80,80,80,79,79,79,80,80,80,80,80,30,80,60,49,49,51,7,0],"gold":190,"neow_bonus":"THREE_ENEMY_KILL","is_prod":false,"is_daily":false,"chose_seed":false,"campfire_upgraded":4,"win_rate":0,"timestamp":1530476648,"path_taken":["M","M","$","?","$","R","E","M","T","R","E","R","M","M","R","BOSS","M","M","$","?","M","E"],"build_version":"2018-06-28","purchased_purges":1,"victory":false,"max_hp_per_floor":[80,80,80,80,80,80,80,80,80,80,80,80,80,80,80,80,80,80,80,80,80,80,80],"card_choices":[{"not_picked":["Sentinel","Thunderclap","Intimidate"],"picked":"SKIP","floor":1},{"not_picked":["Wild Strike","Feel No Pain"],"picked":"Iron Wave","floor":2},{"not_picked":["Uppercut","Thunderclap"],"picked":"Warcry","floor":7},{"not_picked":["Carnage","Cleave","Clothesline"],"picked":"SKIP","floor":8},{"not_picked":["Carnage","Havoc","Uppercut"],"picked":"SKIP","floor":11},{"not_picked":["Shrug It Off","Warcry","Flex"],"picked":"SKIP","floor":13},{"not_picked":["Disarm","Uppercut"],"picked":"Seeing Red","floor":14},{"not_picked":["Reaper","Brutality"],"picked":"Berserk","floor":16},{"not_picked":["Blood for Blood","Inflame+1","Clothesline+1"],"picked":"SKIP","floor":18},{"not_picked":["Flex","Entrench+1"],"picked":"Headbutt","floor":19},{"not_picked":["Perfected Strike+1","Havoc+1","Clothesline+1"],"picked":"SKIP","floor":22}],"player_experience":242774,"relics_obtained":[{"floor":7,"key":"Kunai"},{"floor":9,"key":"Ancient Tea Set"},{"floor":11,"key":"Oddly Smooth Stone"},{"floor":21,"key":"Red Mask"}],"event_choices":[{"event_name":"The Cleric","player_choice":"Card Removal","floor":4,"damage_taken":0},{"event_name":"Masked Bandits","player_choice":"Fought over 142 gold","floor":21,"damage_taken":0}],"boss_relics":[{"not_picked":["Ectoplasm","Philosopher\u0027s Stone"],"picked":"Black Star"}],"items_purged_floors":[20],"is_endless":false,"potions_floor_spawned":[1,13,16,18,19,21],"killed_by":"Book of Stabbing","ascension_level":2}