{"gold_per_floor":[111,211,16,16,191,191,203,179,179,199,224,224,224,242,242,342,342,353,369,468,482,112,138,151,4,4,17,47,47,63,76,76,177,177,196,196,196,209,221,221,256,11,11,11,11,11],"floor_reached":46,"playtime":3621,"items_purged":["Doubt"],"score":587,"play_id":"6a28a561-3665-4d1c-9fce-764aec2c963e","local_time":"20180717195246","is_ascension_mode":true,"campfire_choices":[{"data":"Bash","floor":6.0,"key":"SMITH"},{"data":"Entrench","floor":12.0,"key":"SMITH"},{"data":"Clothesline","floor":15.0,"key":"SMITH"},{"floor":29.0,"key":"REST"},{"floor":32.0,"key":"REST"},{"floor":40.0,"key":"REST"},{"floor":44,"key":"REST"}],"neow_cost":"NONE","seed_source_timestamp":871736120872937,"circlet_count":0,"master_deck":["Strike_R","Strike_R","Strike_R","Strike_R","Strike_R","Defend_R","Defend_R","Defend_R","Defend_R","Bash+1","Clothesline+1","Twin Strike","Entrench+1","Double Tap","Spot Weakness","Rampage","Thunderclap","Body Slam","Armaments","Barricade","Ghostly Armor","Infernal Blade","Flame Barrier+1","Clothesline+1"],"special_seed":0,"relics":["Burning Blood","Vajra","Sling","Anchor","Strawberry","Velvet Choker","Mango","Art of War","Blood Vial","Matryoshka","Happy Flower","Lizard Tail","Molten Egg 2","Gremlin Horn","Omamori","Ornamental Fan"],"potions_floor_usage":[41],"damage_taken":[{"damage":2.0,"enemies":"Jaw Worm","floor":1.0,"turns":3.0},{"damage":1.0,"enemies":"Cultist","floor":7.0,"turns":4.0},{"damage":0.0,"enemies":"Small Slimes","floor":10.0,"turns":3.0},{"damage":21.0,"enemies":"Gremlin Nob","floor":11.0,"turns":5.0},{"damage":8.0,"enemies":"Exordium Thugs","floor":14.0,"turns":5.0},{"damage":65.0,"enemies":"Slime Boss","floor":16.0,"turns":11.0},{"damage":19.0,"enemies":"3 Byrds","floor":18.0,"turns":7.0},{"damage":30.0,"enemies":"Spheric Guardian","floor":19.0,"turns":4.0},{"damage":2.0,"enemies":"Chosen and Byrds","floor":21.0,"turns":4.0},{"damage":18.0,"enemies":"Gremlin Leader","floor":23.0,"turns":4.0},{"damage":2.0,"enemies":"Snecko","floor":24.0,"turns":3.0},{"damage":38.0,"enemies":"Snake Plant","floor":27.0,"turns":3.0},{"damage":30.0,"enemies":"Slavers","floor":28.0,"turns":5.0},{"damage":2.0,"enemies":"Chosen and Byrds","floor":30.0,"turns":4.0},{"damage":19.0,"enemies":"3 Cultists","floor":31.0,"turns":5.0},{"damage":50.0,"enemies":"Automaton","floor":33.0,"turns":10.0},{"damage":18.0,"enemies":"Orb Walker","floor":35.0,"turns":4.0},{"damage":31.0,"enemies":"Flame Bruiser 1 Orb","floor":38.0,"turns":8.0},{"damage":71.0,"enemies":"Spire Growth","floor":39.0,"turns":6.0},{"damage":84,"enemies":"Giant Head","floor":41,"turns":10},{"damage":99,"enemies":"Flame Bruiser 2 Orb","floor":46,"turns":2}],"seed_played":"-8296301051927821143","potions_obtained":[{"floor":7.0,"key":"AttackPotion"},{"floor":13.0,"key":"EssenceOfSteel"},{"floor":13.0,"key":"Ancient Potion"},{"floor":16.0,"key":"GamblersBrew"},{"floor":19.0,"key":"Strength Potion"},{"floor":28.0,"key":"Poison Potion"},{"floor":31.0,"key":"SpeedPotion"},{"floor":33.0,"key":"SteroidPotion"},{"floor":35.0,"key":"Regen Potion"},{"floor":38.0,"key":"Regen Potion"}],"is_trial":false,"path_per_floor":["M","?","$","$","?","R","M","$","T","M","E","R","?","M","R","B",null,"M","M","?","M","$","E","M","$","T","M","E","R","M","M","R","B",null,"M","?","?","M","M","R","E","$","T","R","$"],"character_chosen":"IRONCLAD","items_purchased":["Sling","Twin Strike","Mango","Blood Vial","Gremlin Horn"],"campfire_rested":4,"item_purchase_floors":[3,8,22,25,42],"current_hp_per_floor":[80,80,80,80,80,80,80,80,80,80,72,72,72,70,70,11,87,74,50,50,54,68,56,60,60,60,30,8,38,44,33,63,21,101,89,89,89,66,33,63,56,56,56,86,86,0],"gold":11,"neow_bonus":"RANDOM_COMMON_RELIC","is_prod":false,"is_daily":false,"chose_seed":false,"campfire_upgraded":3,"win_rate":0,"timestamp":1531846366,"path_taken":["M","?","?","$","?","R","?","?","T","?","E","R","?","M","R","BOSS","M","M","?","?","?","E","M","?","T","?","E","R","?","M","R","BOSS","M","?","?","M","M","R","E","?","T","R","$","M"],"build_version":"2018-07-12","purchased_purges":1,"victory":false,"max_hp_per_floor":[80,80,80,80,80,80,80,80,80,80,87,87,87,87,87,87,87,87,87,87,87,101,101,101,101,101,101,101,101,101,101,101,101,101,101,101,101,101,101,101,101,101,101,101,101,101],"card_choices":[{"not_picked":["Wild Strike","Sentinel","Havoc"],"picked":"SKIP","floor":1.0},{"not_picked":["Dual Wield","Anger"],"picked":"Clothesline","floor":7.0},{"not_picked":["Juggernaut","Metallicize"],"picked":"Entrench","floor":10.0},{"not_picked":["Evolve","Berserk","Warcry"],"picked":"SKIP","floor":11.0},{"not_picked":["Headbutt","Entrench","Wild Strike"],"picked":"SKIP","floor":14.0},{"not_picked":["Dark Embrace","Berserk"],"picked":"Double Tap","floor":16.0},{"not_picked":["Pummel","Second Wind"],"picked":"Spot Weakness","floor":18.0},{"not_picked":["Twin Strike","Fire Breathing"],"picked":"Rupture","floor":19.0},{"not_picked":["Havoc+1","Warcry","Shockwave"],"picked":"SKIP","floor":21.0},{"not_picked":["Anger","True Grit"],"picked":"Rampage","floor":23.0},{"not_picked":["Sword Boomerang","Entrench","Warcry"],"picked":"SKIP","floor":24.0},{"not_picked":["Battle Trance","Burning Pact"],"picked":"Thunderclap","floor":27.0},{"not_picked":["Feed","Havoc"],"picked":"Body Slam","floor":28.0},{"not_picked":["Headbutt","Seeing Red"],"picked":"Armaments","floor":30.0},{"not_picked":["Warcry+1","Disarm","Anger"],"picked":"SKIP","floor":31.0},{"not_picked":["Brutality","Juggernaut"],"picked":"Barricade","floor":33.0},{"not_picked":["True Grit+1","Perfected Strike"],"picked":"Ghostly Armor","floor":35.0},{"not_picked":["Warcry","Disarm"],"picked":"Infernal Blade","floor":38.0},{"not_picked":["Clothesline+1","Clash"],"picked":"Flame Barrier+1","floor":39.0},{"not_picked":["Disarm+1","True Grit+1"],"picked":"Clothesline","floor":41}],"player_experience":125743,"relics_obtained":[{"floor":9.0,"key":"Anchor"},{"floor":11.0,"key":"Strawberry"},{"floor":23.0,"key":"Art of War"},{"floor":26.0,"key":"Matryoshka"},{"floor":28.0,"key":"Happy Flower"},{"floor":41,"key":"Molten Egg 2"},{"floor":43,"key":"Omamori"},{"floor":43,"key":"Ornamental Fan"}],"event_choices":[{"event_name":"Golden Shrine","player_choice":"Pray","floor":2.0,"damage_taken":0.0},{"event_name":"Liars Game","player_choice":"agreed","floor":5.0,"damage_taken":0.0},{"event_name":"The Lab","player_choice":"Got Potions","floor":13.0,"damage_taken":0.0},{"event_name":"Nest","player_choice":"Stole From Cult","floor":20.0,"damage_taken":0.0},{"event_name":"Falling","player_choice":"Removed Power","floor":36.0,"damage_taken":0.0},{"event_name":"Tomb of Lord Red Mask","player_choice":"Ignored","floor":37.0,"damage_taken":0.0}],"boss_relics":[{"not_picked":["Calling Bell","Mark of Pain"],"picked":"Velvet Choker"},{"not_picked":["Black Star","Eternal Feather"],"picked":"Lizard Tail"}],"items_purged_floors":[22],"is_endless":false,"potions_floor_spawned":[7,16,19,21,28,31,33,35,38],"killed_by":"Flame Bruiser 2 Orb","ascension_level":2}