{"gold_per_floor":[111,121,121,121,136,136,146,163,163,163,163,338,338,350,350,350],"floor_reached":16,"playtime":2035,"items_purged":[],"score":92,"play_id":"24ad9e19-e28e-4a2d-8306-cb1dbf260665","local_time":"20180717030519","is_ascension_mode":false,"campfire_choices":[{"data":"Chill","floor":6.0,"key":"SMITH"},{"data":"Defragment","floor":11.0,"key":"SMITH"},{"data":"Coolheaded","floor":15.0,"key":"SMITH"}],"neow_cost":"NONE","seed_source_timestamp":813457833281200,"circlet_count":0,"master_deck":["Strike_B","Strike_B","Strike_B","Defend_B","Defend_B","Defend_B","Defend_B","Zap","Dualcast","Defragment+1","Chill+1","Cold Snap","Cold Snap","Conserve Battery","Parasite","Doubt","Coolheaded+1"],"special_seed":0,"relics":["Philosopher\u0027s Stone","Blood Vial","Boot"],"potions_floor_usage":[16,16,16],"damage_taken":[{"damage":0.0,"enemies":"Small Slimes","floor":1.0,"turns":3.0},{"damage":4.0,"enemies":"2 Louse","floor":2.0,"turns":2.0},{"damage":4.0,"enemies":"Jaw Worm","floor":5.0,"turns":3.0},{"damage":8.0,"enemies":"Large Slime","floor":7.0,"turns":7.0},{"damage":1.0,"enemies":"Looter","floor":8.0,"turns":3.0},{"damage":4.0,"enemies":"Exordium Wildlife","floor":14.0,"turns":5.0},{"damage":74,"enemies":"Hexaghost","floor":16,"turns":16}],"seed_played":"-6789702186982827291","potions_obtained":[{"floor":1.0,"key":"SkillPotion"},{"floor":5.0,"key":"Strength Potion"},{"floor":7.0,"key":"EssenceOfSteel"}],"is_trial":false,"path_per_floor":["M","M","?","?","M","R","M","M","T","?","R","?","?","M","R"],"character_chosen":"DEFECT","items_purchased":[],"campfire_rested":0,"item_purchase_floors":[],"current_hp_per_floor":[75,71,64,64,62,62,56,57,57,75,75,75,75,71,71,0],"gold":350,"neow_bonus":"BOSS_RELIC","is_prod":false,"is_daily":false,"chose_seed":false,"campfire_upgraded":3,"win_rate":0,"timestamp":1531785919,"path_taken":["M","M","?","?","?","R","M","M","T","?","R","?","?","M","R","BOSS"],"build_version":"2018-07-12","purchased_purges":0,"victory":false,"max_hp_per_floor":[75,75,75,75,75,75,75,75,75,75,75,75,75,75,75,75],"card_choices":[{"not_picked":["Double Energy","Steam Power"],"picked":"Defragment","floor":1.0},{"not_picked":["Steam Power","Scrape"],"picked":"Chill","floor":2.0},{"not_picked":["Skim","Compile Driver","Hologram"],"picked":"SKIP","floor":5.0},{"not_picked":["Rebound","Beam Cell"],"picked":"Cold Snap","floor":7.0},{"not_picked":["Turbo","Rebound"],"picked":"Conserve Battery","floor":8.0},{"not_picked":["Storm","Barrage"],"picked":"Coolheaded","floor":14.0}],"player_experience":110698,"relics_obtained":[{"floor":9.0,"key":"Boot"}],"event_choices":[{"event_name":"Scrap Ooze","player_choice":"success","floor":3.0,"damage_taken":7.0},{"event_name":"Living Wall","player_choice":"Change","floor":4.0,"damage_taken":0.0},{"event_name":"Mushrooms","player_choice":"Healed and dodged fight","floor":10.0,"damage_taken":0.0},{"event_name":"Liars Game","player_choice":"agreed","floor":12.0,"damage_taken":0.0},{"event_name":"Dead Adventurer","player_choice":"Searched \u00270\u0027 times","floor":13.0,"damage_taken":0.0}],"boss_relics":[],"items_purged_floors":[],"is_endless":false,"potions_floor_spawned":[1,5,7,14],"killed_by":"Hexaghost","ascension_level":0}