{"gold_per_floor":[363,438,450,30,46,46,72,72,153,167,167,167,196,17,17,92,92,105,118,208,228,246,246,264,264,317,352,352,369,369,369,369,369],"floor_reached":33,"playtime":1287,"items_purged":["Strike_G","Strike_G"],"score":525,"play_id":"0e955f19-7bdd-4bc5-8976-67c504177c1b","local_time":"20190214212827","is_ascension_mode":true,"campfire_choices":[{"data":"Cloak And Dagger","floor":6,"key":"SMITH"},{"data":"Dagger Spray","floor":8,"key":"SMITH"},{"data":"Blade Dance","floor":12,"key":"SMITH"},{"data":"Accuracy","floor":15,"key":"SMITH"},{"data":"Accuracy","floor":23,"key":"SMITH"},{"data":"Malaise","floor":25,"key":"SMITH"},{"data":"Terror","floor":28,"key":"SMITH"},{"data":"Neutralize","floor":32,"key":"SMITH"}],"neow_cost":"TEN_PERCENT_HP_LOSS","seed_source_timestamp":4213140791918,"circlet_count":0,"master_deck":["AscendersBane","Defend_G+1","Defend_G+1","Defend_G+1","Defend_G+1","Defend_G+1","Strike_G+1","Strike_G+1","Strike_G+1","Survivor","Neutralize+1","Deflect+1","Dagger Spray+1","Cloak And Dagger+1","Dash","Bandage Up","Blade Dance+1","Malaise+1","Backstab","Well Laid Plans","Accuracy+1","Backflip","Corpse Explosion","Accuracy+1","Dash","PiercingWail","Terror+1","Escape Plan","Adrenaline"],"relics":["Ring of the Snake","War Paint","Strawberry","Mummified Hand","Meat on the Bone","MawBank","Sozu","Lantern","Blood Vial"],"potions_floor_usage":[7,13,16],"damage_taken":[{"damage":4,"enemies":"2 Louse","floor":1,"turns":3},{"damage":2,"enemies":"Jaw Worm","floor":3,"turns":4},{"damage":0,"enemies":"Cultist","floor":5,"turns":4},{"damage":19,"enemies":"Lagavulin","floor":7,"turns":9},{"damage":0,"enemies":"3 Louse","floor":10,"turns":2},{"damage":0,"enemies":"Gremlin Nob","floor":13,"turns":2},{"damage":33,"enemies":"Slime Boss","floor":16,"turns":14},{"damage":0,"enemies":"Spheric Guardian","floor":18,"turns":3},{"damage":1,"enemies":"Chosen","floor":19,"turns":5},{"damage":0,"enemies":"Snake Plant","floor":21,"turns":5},{"damage":0,"enemies":"Centurion and Healer","floor":22,"turns":4},{"damage":3,"enemies":"3 Cultists","floor":24,"turns":3},{"damage":14,"enemies":"Book of Stabbing","floor":27,"turns":6},{"damage":18,"enemies":"Cultist and Chosen","floor":29,"turns":9},{"damage":54,"enemies":"Champ","floor":33,"turns":15}],"seed_played":"5272553986297070011","potions_obtained":[{"floor":1,"key":"FearPotion"},{"floor":7,"key":"FearPotion"},{"floor":13,"key":"Energy Potion"}],"is_trial":false,"path_per_floor":["M","?","M","$","M","R","E","R","T","M","?","R","E","$","R","B",null,"M","M","?","M","M","R","M","R","T","E","R","M","?","?","R","B"],"character_chosen":"THE_SILENT","items_purchased":["Cloak And Dagger","War Paint","Dash","Bandage Up","Accuracy","Backflip"],"campfire_rested":0,"item_purchase_floors":[4,4,4,4,14,14],"current_hp_per_floor":[55,44,42,42,46,46,38,38,38,42,16,16,32,32,32,15,54,58,61,49,53,57,57,54,54,54,44,44,44,44,44,44,0],"gold":369,"neow_bonus":"TWO_FIFTY_GOLD","is_prod":false,"is_daily":false,"chose_seed":false,"campfire_upgraded":8,"win_rate":0,"timestamp":1550190507,"path_taken":["M","?","M","$","M","R","E","R","T","M","?","R","E","?","R","BOSS","M","M","?","M","?","R","M","R","T","E","R","M","?","?","R","BOSS"],"build_version":"2018-11-15","purchased_purges":2,"victory":false,"max_hp_per_floor":[60,60,60,60,60,60,67,67,67,67,67,67,67,67,67,67,67,67,67,67,67,67,67,67,67,67,67,67,67,67,67,67,67],"card_choices":[{"not_picked":["Bouncing Flask","Bane"],"picked":"Deflect","floor":1},{"not_picked":["Dagger Throw","Setup"],"picked":"Dagger Spray","floor":3},{"not_picked":["Quick Slash","Backflip"],"picked":"Blade Dance","floor":5},{"not_picked":["Skewer","Underhanded Strike"],"picked":"Malaise","floor":7},{"not_picked":["Dagger Spray","Flying Knee"],"picked":"Backstab","floor":10},{"not_picked":["Bane","Acrobatics"],"picked":"Well Laid Plans","floor":13},{"not_picked":["Glass Knife","Grand Finale"],"picked":"Corpse Explosion","floor":16},{"not_picked":["Concentrate","Slice"],"picked":"Accuracy","floor":18},{"not_picked":["Acrobatics","Underhanded Strike"],"picked":"Dash","floor":19},{"not_picked":["Dagger Spray","Prepared"],"picked":"PiercingWail","floor":21},{"not_picked":["Dagger Throw","Corpse Explosion","PiercingWail"],"picked":"SKIP","floor":22},{"not_picked":["Cloak And Dagger","Slice+1"],"picked":"Terror","floor":24},{"not_picked":["Catalyst","Backflip"],"picked":"Escape Plan","floor":27},{"not_picked":["Deadly Poison","PiercingWail"],"picked":"Adrenaline","floor":29}],"player_experience":136344,"relics_obtained":[{"floor":7,"key":"Strawberry"},{"floor":9,"key":"Mummified Hand"},{"floor":13,"key":"MawBank"},{"floor":26,"key":"Lantern"},{"floor":27,"key":"Blood Vial"}],"event_choices":[{"damage_healed":0,"gold_gain":75,"player_choice":"Gather Gold","damage_taken":11,"max_hp_gain":0,"max_hp_loss":0,"event_name":"World of Goop","floor":2,"gold_loss":0},{"damage_healed":0,"gold_gain":0,"player_choice":"Success","damage_taken":26,"relics_obtained":["Meat on the Bone"],"max_hp_gain":0,"max_hp_loss":0,"event_name":"Scrap Ooze","floor":11,"gold_loss":0},{"damage_healed":0,"gold_gain":90,"player_choice":"GOLD ","damage_taken":12,"max_hp_gain":0,"max_hp_loss":0,"event_name":"Knowing Skull","floor":20,"potions_obtained":[],"gold_loss":0,"cards_obtained":[]},{"damage_healed":0,"gold_gain":0,"player_choice":"Simplicity","damage_taken":0,"max_hp_gain":0,"max_hp_loss":0,"event_name":"Back to Basics","floor":30,"gold_loss":0,"cards_upgraded":["Defend_G","Defend_G","Defend_G","Defend_G","Strike_G","Strike_G","Strike_G"]},{"damage_healed":0,"gold_gain":0,"player_choice":"Got Potions","damage_taken":0,"max_hp_gain":0,"max_hp_loss":0,"event_name":"Lab","floor":31,"gold_loss":0}],"is_beta":false,"boss_relics":[{"not_picked":["White Beast Statue","Ring of the Serpent"],"picked":"Sozu"}],"items_purged_floors":[4,14],"is_endless":false,"potions_floor_spawned":[1,7,13,19,21,27,29],"killed_by":"Champ","ascension_level":15}