{"gold_per_floor":[163,180,0,0,0,27,27,53,78,78,98,126,126,156,156,234,234,254,254,7,7,7,42,42,68,113,138,150,181,210,63,63,134,134,148,148,159,37,57,90,190,190,190,210,260,26,26,36,36,36],"floor_reached":51,"playtime":2136,"items_purged":["Strike_G","Strike_G"],"score":1368,"play_id":"5ab263e3-2426-4d26-ad20-5defc21a7c2c","local_time":"20190214220648","is_ascension_mode":true,"campfire_choices":[{"data":"Neutralize","floor":7.0,"key":"SMITH"},{"floor":10.0,"key":"REST"},{"data":"Acrobatics","floor":15.0,"key":"SMITH"},{"data":"A Thousand Cuts","floor":24,"key":"SMITH"},{"data":"Malaise","floor":32,"key":"SMITH"},{"data":"After Image","floor":42,"key":"SMITH"},{"data":"Adrenaline","floor":49,"key":"SMITH"}],"neow_cost":"NONE","seed_source_timestamp":5611150941206,"circlet_count":0,"master_deck":["AscendersBane","Defend_G","Defend_G","Defend_G+1","Defend_G","Survivor","Neutralize+1","Underhanded Strike","Acrobatics+1","Flying Knee","Mayhem+1","Escape Plan","Tactician","Backstab","Escape Plan","Malaise+1","Dagger Spray","Dagger Throw","Backflip","Dagger Spray","A Thousand Cuts+1","After Image+1","Endless Agony","Infinite Blades","Flash of Steel","Malaise","Underhanded Strike","Deflect+1","Slice","Panache","Impatience","Escape Plan","Adrenaline+1","PiercingWail+1"],"special_seed":0,"relics":["Tiny House","Omamori","Blood Vial","Mercury Hourglass","Regal Pillow","Pear","Shuriken","Meat on the Bone","Coffee Dripper","Necronomicon","Membership Card","Ancient Tea Set","Darkstone Periapt","MawBank","Centennial Puzzle","Philosopher\u0027s Stone","Bronze Scales","Potion Belt","Unceasing Top","Kunai","Torii"],"potions_floor_usage":[30,33,37,50,50,50],"damage_taken":[{"damage":2.0,"enemies":"Cultist","floor":1.0,"turns":5.0},{"damage":0.0,"enemies":"2 Louse","floor":2.0,"turns":3.0},{"damage":16.0,"enemies":"Gremlin Nob","floor":6.0,"turns":4.0},{"damage":17.0,"enemies":"Lagavulin","floor":8.0,"turns":10.0},{"damage":0.0,"enemies":"Small Slimes","floor":11.0,"turns":3.0},{"damage":7.0,"enemies":"3 Sentries","floor":12.0,"turns":5.0},{"damage":10.0,"enemies":"Lagavulin","floor":14.0,"turns":7.0},{"damage":16.0,"enemies":"The Guardian","floor":16.0,"turns":9.0},{"damage":17.0,"enemies":"3 Byrds","floor":18.0,"turns":5.0},{"damage":27,"enemies":"Slavers","floor":23,"turns":3},{"damage":0,"enemies":"Gremlin Leader","floor":25,"turns":4},{"damage":16,"enemies":"Spheric Guardian","floor":27,"turns":4},{"damage":1,"enemies":"Snake Plant","floor":29,"turns":5},{"damage":8,"enemies":"3 Cultists","floor":30,"turns":4},{"damage":32,"enemies":"Automaton","floor":33,"turns":7},{"damage":17,"enemies":"3 Darklings","floor":35,"turns":2},{"damage":4,"enemies":"3 Shapes","floor":37,"turns":4},{"damage":22,"enemies":"Spire Growth","floor":39,"turns":4},{"damage":12,"enemies":"Nemesis","floor":40,"turns":5},{"damage":12,"enemies":"Mind Bloom Boss Battle","floor":41,"turns":5},{"damage":16,"enemies":"Sphere and 2 Shapes","floor":44,"turns":4},{"damage":27,"enemies":"2 Orb Walkers","floor":45,"turns":4},{"damage":13,"enemies":"Maw","floor":48,"turns":5},{"damage":11,"enemies":"Awakened One","floor":50,"turns":6}],"seed_played":"-5291894130427515488","potions_obtained":[{"floor":0.0,"key":"PowerPotion"},{"floor":2.0,"key":"Poison Potion"},{"floor":6.0,"key":"GamblersBrew"},{"floor":23,"key":"Poison Potion"},{"floor":27,"key":"Strength Potion"},{"floor":30,"key":"AttackPotion"},{"floor":37,"key":"FairyPotion"},{"floor":41,"key":"Fire Potion"},{"floor":45,"key":"Weak Potion"},{"floor":48,"key":"SkillPotion"}],"is_trial":false,"path_per_floor":["M","M","$","?","?","E","R","E","T","R","M","E","T","E","R","B",null,"M","?","$","?","?","E","R","E","T","M","?","M","M","$","R","B",null,"M","?","M","$","M","E","?","R","T","M","?","$","?","M","R","B",null],"character_chosen":"THE_SILENT","items_purchased":["Mayhem","Membership Card","Dagger Throw","Backflip","Flash of Steel","Centennial Puzzle","Bronze Scales","Panache","Impatience","Escape Plan","Adrenaline"],"campfire_rested":1,"item_purchase_floors":[3,20,20,20,31,31,38,46,46,46,46],"current_hp_per_floor":[62,62,62,62,44,28,28,13,13,49,51,56,56,48,48,46,72,57,36,36,36,36,23,23,37,37,35,35,48,42,42,42,24,67,52,52,50,50,42,44,46,46,46,44,31,31,31,32,32,35],"gold":36,"neow_bonus":"BOSS_RELIC","is_prod":false,"is_daily":false,"chose_seed":false,"campfire_upgraded":6,"win_rate":0,"timestamp":1550192808,"path_taken":["M","?","$","?","?","E","R","E","T","R","M","E","?","E","R","BOSS","M","?","$","?","?","E","R","E","T","M","?","?","M","?","R","BOSS","M","?","M","$","M","E","?","R","T","M","?","?","?","M","R","BOSS"],"build_version":"2018-11-15","purchased_purges":2,"victory":true,"max_hp_per_floor":[71,71,71,71,71,71,71,71,71,71,71,81,81,81,81,81,81,81,81,81,81,81,81,81,81,81,81,81,81,81,81,81,81,81,81,77,77,77,77,77,77,77,77,77,77,77,77,77,77,77],"card_choices":[{"not_picked":["Calculated Gamble","Choke"],"picked":"Underhanded Strike","floor":0.0},{"not_picked":["Outmaneuver","Dagger Spray"],"picked":"Acrobatics","floor":1.0},{"not_picked":["Slice","Dodge and Roll"],"picked":"Flying Knee","floor":2.0},{"not_picked":["Quick Slash","Slice"],"picked":"Escape Plan","floor":6.0},{"not_picked":["Cloak And Dagger","PiercingWail","Deadly Poison"],"picked":"SKIP","floor":8.0},{"not_picked":["Escape Plan","Crippling Poison"],"picked":"Tactician","floor":11.0},{"not_picked":["Dagger Spray","Blade Dance"],"picked":"Backstab","floor":12.0},{"not_picked":["Leg Sweep","Poisoned Stab"],"picked":"Escape Plan","floor":14.0},{"not_picked":["Burst","Bullet Time"],"picked":"Malaise","floor":16.0},{"not_picked":["Underhanded Strike","Eviscerate"],"picked":"Dagger Spray","floor":18.0},{"not_picked":["A Thousand Cuts","Heel Hook","Predator"],"picked":"SKIP","floor":23},{"not_picked":["Flying Knee","Adrenaline"],"picked":"After Image","floor":25},{"not_picked":["Poisoned Stab+1","Noxious Fumes","Flechettes"],"picked":"SKIP","floor":27},{"not_picked":["Leg Sweep","Bane"],"picked":"Endless Agony","floor":29},{"not_picked":["Prepared","Underhanded Strike"],"picked":"Infinite Blades","floor":30},{"not_picked":["Venomology","Corpse Explosion"],"picked":"Malaise","floor":33},{"not_picked":["Dagger Throw","Distraction","Outmaneuver"],"picked":"SKIP","floor":35},{"not_picked":["Deflect","PiercingWail"],"picked":"Underhanded Strike","floor":37},{"not_picked":["PiercingWail","Sucker Punch","Blade Dance"],"picked":"SKIP","floor":39},{"not_picked":["Deflect","Masterful Stab","Distraction"],"picked":"SKIP","floor":40},{"not_picked":["Riddle With Holes","Poisoned Stab"],"picked":"Deflect+1","floor":44},{"not_picked":["Poisoned Stab","Reflex"],"picked":"Slice","floor":45},{"not_picked":["Bouncing Flask","Deadly Poison"],"picked":"PiercingWail+1","floor":48}],"player_experience":137631,"relics_obtained":[{"floor":6.0,"key":"Blood Vial"},{"floor":8.0,"key":"Mercury Hourglass"},{"floor":9.0,"key":"Regal Pillow"},{"floor":12.0,"key":"Pear"},{"floor":13.0,"key":"Shuriken"},{"floor":14.0,"key":"Meat on the Bone"},{"floor":19.0,"key":"Necronomicon"},{"floor":23,"key":"Ancient Tea Set"},{"floor":25,"key":"Darkstone Periapt"},{"floor":26,"key":"MawBank"},{"floor":40,"key":"Potion Belt"},{"floor":41,"key":"Unceasing Top"},{"floor":43,"key":"Kunai"},{"floor":45,"key":"Torii"}],"event_choices":[{"damage_healed":0.0,"max_hp_gain":0.0,"max_hp_loss":0.0,"gold_gain":0.0,"event_name":"Living Wall","player_choice":"Grow","floor":4.0,"gold_loss":0.0,"damage_taken":0.0,"cards_upgraded":["Mayhem"]},{"damage_healed":0.0,"max_hp_gain":0.0,"max_hp_loss":0.0,"gold_gain":0.0,"event_name":"Scrap Ooze","player_choice":"Success","floor":5.0,"gold_loss":0.0,"damage_taken":18.0,"relics_obtained":["Omamori"]},{"damage_healed":0.0,"max_hp_gain":0.0,"max_hp_loss":0.0,"gold_gain":0.0,"event_name":"Cursed Tome","player_choice":"Obtained Book","floor":19.0,"gold_loss":0.0,"damage_taken":21.0},{"damage_healed":0,"gold_gain":0,"player_choice":"Ignored","damage_taken":0,"max_hp_gain":0,"max_hp_loss":0,"event_name":"Beggar","floor":21,"gold_loss":0},{"damage_healed":0,"gold_gain":0,"cards_transformed":["Strike_G","Strike_G"],"player_choice":"Became Test Subject","damage_taken":0,"max_hp_gain":0,"max_hp_loss":0,"event_name":"Drug Dealer","floor":22,"gold_loss":0,"cards_obtained":["Dagger Spray","A Thousand Cuts"]},{"cards_removed":["Defend_G"],"damage_healed":0,"gold_gain":0,"player_choice":"Card Removal","damage_taken":0,"max_hp_gain":0,"max_hp_loss":0,"event_name":"Wheel of Change","floor":28,"gold_loss":0},{"damage_healed":0,"gold_gain":0,"player_choice":"Max HP","damage_taken":0,"max_hp_gain":0,"max_hp_loss":4,"event_name":"Winding Halls","floor":36,"gold_loss":0},{"damage_healed":0,"gold_gain":0,"player_choice":"Fight","damage_taken":0,"max_hp_gain":0,"max_hp_loss":0,"event_name":"MindBloom","floor":41,"gold_loss":0},{"damage_healed":0,"gold_gain":0,"player_choice":"Fight","damage_taken":0,"max_hp_gain":0,"max_hp_loss":0,"event_name":"Mysterious Sphere","floor":45,"gold_loss":0},{"cards_removed":["Strike_G"],"damage_healed":0,"gold_gain":0,"player_choice":"Removed Attack","damage_taken":0,"max_hp_gain":0,"max_hp_loss":0,"event_name":"Falling","floor":47,"gold_loss":0}],"is_beta":false,"boss_relics":[{"not_picked":["Runic Dome","Orrery"],"picked":"Coffee Dripper"},{"not_picked":["White Beast Statue","Lizard Tail"],"picked":"Philosopher\u0027s Stone"}],"items_purged_floors":[31,38],"is_endless":false,"potions_floor_spawned":[2,6,11,23,27,30,37,41,45,48],"ascension_level":15}