{"gold_per_floor":[109,38,38,113,130,165,165,190,190,190,210,237,111,130,130,206,206,220,220,220,233,233,233],"floor_reached":23,"playtime":1597,"items_purged":["Strike_G"],"score":437,"play_id":"8e0ff8ec-b0db-4216-b444-f290f7d8989c","local_time":"20190216135705","is_ascension_mode":true,"campfire_choices":[{"data":"A Thousand Cuts","floor":7,"key":"SMITH"},{"floor":10,"key":"REST"},{"data":"Noxious Fumes","floor":15,"key":"SMITH"}],"neow_cost":"NONE","seed_source_timestamp":416735706941200,"circlet_count":0,"master_deck":["AscendersBane","Defend_G","Defend_G","Defend_G","Defend_G","Defend_G","Strike_G","Survivor","Neutralize","Dagger Spray+1","Well Laid Plans","Bane","A Thousand Cuts+1","Infinite Blades","Crippling Poison","Footwork","Noxious Fumes+1","Burst","Burst+1","Deadly Poison+1","Catalyst+1","Necronomicurse","Deflect"],"relics":["Ring of the Snake","NeowsBlessing","Bottled Lightning","Mango","Juzu Bracelet","Bronze Scales","Astrolabe","Necronomicon","Blood Vial"],"potions_floor_usage":[12,14,16,16],"damage_taken":[{"damage":0,"enemies":"Jaw Worm","floor":1,"turns":1},{"damage":0,"enemies":"2 Louse","floor":5,"turns":1},{"damage":0,"enemies":"Gremlin Nob","floor":6,"turns":1},{"damage":15,"enemies":"3 Sentries","floor":8,"turns":6},{"damage":0,"enemies":"Cultist","floor":11,"turns":4},{"damage":24,"enemies":"Gremlin Nob","floor":12,"turns":4},{"damage":7,"enemies":"Exordium Wildlife","floor":14,"turns":3},{"damage":36,"enemies":"The Guardian","floor":16,"turns":9},{"damage":0,"enemies":"3 Byrds","floor":18,"turns":3},{"damage":27,"enemies":"Shell Parasite","floor":21,"turns":5},{"damage":25,"enemies":"Slavers","floor":23,"turns":2}],"seed_played":"4590583067983811304","potions_obtained":[{"floor":6,"key":"SteroidPotion"},{"floor":12,"key":"Strength Potion"},{"floor":14,"key":"Strength Potion"}],"is_trial":false,"path_per_floor":["M","$","?","?","M","E","R","E","T","R","M","E","$","M","R","B",null,"M","?","?","M","?","E"],"character_chosen":"THE_SILENT","items_purchased":["Well Laid Plans","Dexterity Potion"],"campfire_rested":1,"item_purchase_floors":[2,13],"current_hp_per_floor":[59,59,59,48,48,48,48,47,47,71,71,47,47,40,40,4,61,61,45,45,18,18,0],"gold":233,"neow_bonus":"THREE_ENEMY_KILL","is_prod":false,"is_daily":false,"chose_seed":false,"campfire_upgraded":2,"win_rate":0,"timestamp":1550350625,"path_taken":["M","$","?","?","M","E","R","E","T","R","M","E","$","M","R","BOSS","M","?","?","M","?","E"],"build_version":"2019-01-23","purchased_purges":1,"victory":false,"max_hp_per_floor":[66,66,66,66,66,66,66,80,80,80,80,80,80,80,80,80,80,80,80,80,80,80,80],"card_choices":[{"not_picked":["Deflect","Blade Dance"],"picked":"Dagger Spray","floor":1},{"not_picked":["Blade Dance","Slice"],"picked":"Bane","floor":5},{"not_picked":["Outmaneuver","Backstab"],"picked":"A Thousand Cuts","floor":6},{"not_picked":["Bane","Endless Agony"],"picked":"Infinite Blades","floor":8},{"not_picked":["Outmaneuver","Bouncing Flask"],"picked":"Crippling Poison","floor":11},{"not_picked":["Finisher","Bane"],"picked":"Footwork","floor":12},{"not_picked":["Dagger Spray","Well Laid Plans"],"picked":"Noxious Fumes","floor":14},{"not_picked":["After Image","Die Die Die"],"picked":"Burst","floor":16},{"not_picked":["Expertise","Poisoned Stab+1","Blade Dance"],"picked":"SKIP","floor":18},{"not_picked":["Terror+1","Heel Hook"],"picked":"Deflect","floor":21}],"player_experience":945535,"relics_obtained":[{"floor":6,"key":"Bottled Lightning"},{"floor":8,"key":"Mango"},{"floor":9,"key":"Juzu Bracelet"},{"floor":12,"key":"Bronze Scales"},{"floor":19,"key":"Necronomicon"}],"event_choices":[{"damage_healed":0,"gold_gain":0,"player_choice":"Grow","damage_taken":0,"max_hp_gain":0,"max_hp_loss":0,"event_name":"Living Wall","floor":3,"gold_loss":0,"cards_upgraded":["Dagger Spray"]},{"damage_healed":0,"gold_gain":75,"player_choice":"Gather Gold","damage_taken":11,"max_hp_gain":0,"max_hp_loss":0,"event_name":"World of Goop","floor":4,"gold_loss":0},{"damage_healed":0,"gold_gain":0,"player_choice":"Obtained Book","damage_taken":16,"max_hp_gain":0,"max_hp_loss":0,"event_name":"Cursed Tome","floor":19,"gold_loss":0},{"damage_healed":0,"gold_gain":0,"player_choice":"Ignored","damage_taken":0,"max_hp_gain":0,"max_hp_loss":0,"event_name":"Vampires","floor":20,"gold_loss":0},{"damage_healed":0,"gold_gain":0,"player_choice":"Opened","damage_taken":0,"relics_obtained":["Blood Vial"],"max_hp_gain":0,"max_hp_loss":0,"event_name":"The Mausoleum","floor":22,"gold_loss":0}],"is_beta":false,"boss_relics":[{"not_picked":["White Beast Statue","Empty Cage"],"picked":"Astrolabe"}],"items_purged_floors":[13],"is_endless":false,"potions_floor_spawned":[6,12,14],"killed_by":"Slavers","ascension_level":14}