{"gold_per_floor":[111,129,149,1,1,1,34,93,120,132,146,165,194,209,209,209],"floor_reached":16,"playtime":1012,"items_purged":[],"score":182,"play_id":"2bb839b6-72c8-411b-ae13-c2262461b7c1","local_time":"20181007211000","is_ascension_mode":true,"campfire_choices":[{"data":"Metallicize","floor":6,"key":"SMITH"},{"floor":15,"key":"REST"}],"neow_cost":"NONE","seed_source_timestamp":600316273146469,"circlet_count":0,"master_deck":["Strike_R","Strike_R","Strike_R","Strike_R","Defend_R","Defend_R","Defend_R","Defend_R","Bash","AscendersBane","Inflame","Cleave","Metallicize+1","Twin Strike","Double Tap","Battle Trance"],"relics":["Burning Blood","NeowsBlessing","Omamori","Strawberry","Bag of Marbles","Centennial Puzzle","Vajra"],"potions_floor_usage":[8,8,13],"damage_taken":[{"damage":0,"enemies":"Cultist","floor":1,"turns":1},{"damage":0,"enemies":"2 Louse","floor":2,"turns":1},{"damage":0,"enemies":"Small Slimes","floor":3,"turns":1},{"damage":21,"enemies":"3 Sentries","floor":7,"turns":8},{"damage":42,"enemies":"Gremlin Nob","floor":8,"turns":5},{"damage":8,"enemies":"3 Louse","floor":10,"turns":3},{"damage":1,"enemies":"Exordium Wildlife","floor":11,"turns":4},{"damage":11,"enemies":"Gremlin Gang","floor":12,"turns":6},{"damage":12,"enemies":"Gremlin Nob","floor":13,"turns":3},{"damage":14,"enemies":"Large Slime","floor":14,"turns":5},{"damage":46,"enemies":"Hexaghost","floor":16,"turns":9}],"seed_played":"4876096087871152065","potions_obtained":[{"floor":1,"key":"SteroidPotion"},{"floor":3,"key":"SkillPotion"},{"floor":12,"key":"AttackPotion"}],"is_trial":false,"path_per_floor":["M","M","M","$","?","R","E","?","T","M","M","M","E","M","R"],"character_chosen":"IRONCLAD","items_purchased":["Omamori"],"campfire_rested":1,"item_purchase_floors":[4],"current_hp_per_floor":[78,80,80,80,80,80,72,36,36,34,39,34,28,20,46,0],"gold":209,"neow_bonus":"THREE_ENEMY_KILL","is_prod":false,"is_daily":false,"chose_seed":false,"campfire_upgraded":1,"win_rate":0,"timestamp":1538964600,"path_taken":["M","?","M","?","?","R","E","?","T","M","M","?","E","M","R","BOSS"],"build_version":"2018-10-04v2","purchased_purges":0,"victory":false,"max_hp_per_floor":[80,80,80,80,80,80,87,87,87,87,87,87,87,87,87,87],"card_choices":[{"not_picked":["Power Through","Shrug It Off"],"picked":"Inflame","floor":1},{"not_picked":["Rage","Armaments"],"picked":"Cleave","floor":2},{"not_picked":["Flame Barrier","Flex"],"picked":"Metallicize","floor":3},{"not_picked":["Flex","Clash"],"picked":"Twin Strike","floor":7},{"not_picked":["Iron Wave","Armaments"],"picked":"Double Tap","floor":10},{"not_picked":["Warcry","Flex","Cleave"],"picked":"SKIP","floor":11},{"not_picked":["Headbutt","Anger"],"picked":"Battle Trance","floor":12},{"not_picked":["Armaments","Intimidate","Clash"],"picked":"SKIP","floor":13},{"not_picked":["Ghostly Armor","Rampage","Wild Strike"],"picked":"SKIP","floor":14}],"player_experience":440371,"relics_obtained":[{"floor":7,"key":"Strawberry"},{"floor":8,"key":"Bag of Marbles"},{"floor":9,"key":"Centennial Puzzle"},{"floor":13,"key":"Vajra"}],"event_choices":[{"event_name":"Purifier","player_choice":"One Purge","floor":5,"damage_taken":0},{"event_name":"Dead Adventurer","player_choice":"Searched \u00271\u0027 times","floor":8,"damage_taken":0}],"is_beta":false,"boss_relics":[],"items_purged_floors":[],"is_endless":false,"potions_floor_spawned":[1,3,7,12],"killed_by":"Hexaghost","ascension_level":12}