{"gold_per_floor":[114,41,41,116,136,136,162,178,178,178,189,169,169,180,180,280,280,280,280,280,280],"floor_reached":21,"playtime":1758,"items_purged":[],"score":272,"play_id":"e4001e2a-8efb-4a3b-91b9-51aef2190354","local_time":"20190213123022","is_ascension_mode":true,"campfire_choices":[{"floor":13.0,"key":"REST"},{"floor":15.0,"key":"REST"}],"neow_cost":"NONE","seed_source_timestamp":29782507724891,"circlet_count":0,"master_deck":["AscendersBane","Strike_B+1","Strike_B+1","Strike_B+1","Strike_B+1","Defend_B+1","Defend_B+1","Defend_B+1","Defend_B+1","Zap","Dualcast","Multi-Cast","Conserve Battery","Defragment+1","Capacitor","Leap","Darkness","Doom and Gloom","Buffer","Ball Lightning","Turbo+1"],"special_seed":0,"relics":["Cracked Core","Dodecahedron","Bottled Lightning","Pantograph","Ectoplasm"],"potions_floor_usage":[21,21,21,21],"damage_taken":[{"damage":4.0,"enemies":"Small Slimes","floor":1.0,"turns":4.0},{"damage":0.0,"enemies":"Jaw Worm","floor":5.0,"turns":2.0},{"damage":31.0,"enemies":"Lagavulin","floor":7.0,"turns":6.0},{"damage":5.0,"enemies":"Cultist","floor":8.0,"turns":4.0},{"damage":0.0,"enemies":"Exordium Thugs","floor":10.0,"turns":1.0},{"damage":9.0,"enemies":"Blue Slaver","floor":11.0,"turns":4.0},{"damage":2.0,"enemies":"Red Slaver","floor":14.0,"turns":3.0},{"damage":33.0,"enemies":"The Guardian","floor":16.0,"turns":8.0},{"damage":29.0,"enemies":"Spheric Guardian","floor":18.0,"turns":6.0},{"damage":33,"enemies":"3 Byrds","floor":20,"turns":3},{"damage":8,"enemies":"Colosseum Slavers","floor":21,"turns":1}],"seed_played":"-6512171455445421318","potions_obtained":[{"floor":5.0,"key":"Ancient Potion"},{"floor":8.0,"key":"EntropicBrew"},{"floor":12.0,"key":"AttackPotion"},{"floor":20,"key":"EntropicBrew"}],"is_trial":false,"path_per_floor":["M","$","?","?","M","T","E","M","T","M","M","?","R","M","R","B",null,"M","?","M","?"],"character_chosen":"DEFECT","items_purchased":["Defragment"],"campfire_rested":2,"item_purchase_floors":[2],"current_hp_per_floor":[64,64,64,57,57,57,26,21,21,21,12,12,34,32,54,42,67,38,38,5,0],"gold":280,"neow_bonus":"ONE_RANDOM_RARE_CARD","is_prod":false,"is_daily":false,"chose_seed":false,"campfire_upgraded":0,"win_rate":0,"timestamp":1550082622,"path_taken":["M","$","?","?","?","?","E","M","T","M","M","?","R","M","R","BOSS","M","?","M","?"],"build_version":"2019-01-23","purchased_purges":0,"victory":false,"max_hp_per_floor":[75,75,75,75,75,75,75,75,75,75,75,75,75,75,75,75,75,75,75,75,75],"card_choices":[{"not_picked":["Gash","Tempest"],"picked":"Conserve Battery","floor":1.0},{"not_picked":["Rebound","Coolheaded","Aggregate"],"picked":"SKIP","floor":5.0},{"not_picked":["Blizzard","FTL"],"picked":"Capacitor","floor":7.0},{"not_picked":["Barrage","Redo"],"picked":"Leap","floor":8.0},{"not_picked":["Leap","Ball Lightning"],"picked":"Darkness","floor":11.0},{"not_picked":["Storm","Heatsinks"],"picked":"Doom and Gloom","floor":14.0},{"not_picked":["All For One","Meteor Strike"],"picked":"Buffer","floor":16.0},{"not_picked":["Doom and Gloom","Turbo"],"picked":"Ball Lightning","floor":18.0},{"not_picked":["Blizzard","Coolheaded"],"picked":"Turbo+1","floor":20}],"player_experience":287196,"relics_obtained":[{"floor":6.0,"key":"Dodecahedron"},{"floor":7.0,"key":"Bottled Lightning"},{"floor":9.0,"key":"Pantograph"}],"event_choices":[{"damage_healed":0.0,"max_hp_gain":0.0,"max_hp_loss":0.0,"gold_gain":0.0,"event_name":"Living Wall","player_choice":"Grow","floor":3.0,"gold_loss":0.0,"damage_taken":0.0,"cards_upgraded":["Defragment"]},{"damage_healed":0.0,"max_hp_gain":0.0,"max_hp_loss":0.0,"gold_gain":75.0,"event_name":"FaceTrader","player_choice":"Touch","floor":4.0,"gold_loss":0.0,"damage_taken":7.0},{"damage_healed":0.0,"max_hp_gain":0.0,"max_hp_loss":0.0,"gold_gain":0.0,"event_name":"The Woman in Blue","player_choice":"Bought 1 Potion","floor":12.0,"gold_loss":0.0,"damage_taken":0.0},{"damage_healed":0,"gold_gain":0,"player_choice":"Simplicity","damage_taken":0,"max_hp_gain":0,"max_hp_loss":0,"event_name":"Back to Basics","floor":19,"gold_loss":0,"cards_upgraded":["Strike_B","Strike_B","Strike_B","Strike_B","Defend_B","Defend_B","Defend_B","Defend_B"]},{"damage_healed":0,"gold_gain":0,"player_choice":"Fight","damage_taken":0,"max_hp_gain":0,"max_hp_loss":0,"event_name":"Colosseum","floor":21,"gold_loss":0}],"is_beta":false,"boss_relics":[{"not_picked":["Orrery","Pandora\u0027s Box"],"picked":"Ectoplasm"}],"items_purged_floors":[],"is_endless":false,"potions_floor_spawned":[5,8,10,20],"killed_by":"Colosseum Slavers","ascension_level":10}