{"gold_per_floor":[109,126,126,145,145,178,178,194,194,194],"floor_reached":10,"playtime":1389,"items_purged":[],"score":119,"play_id":"208b3c04-45bd-48e1-89b3-edbfd4b62490","local_time":"20190217123115","is_ascension_mode":true,"campfire_choices":[{"floor":7,"key":"REST"}],"neow_cost":"NONE","seed_source_timestamp":498192761190800,"circlet_count":0,"master_deck":["AscendersBane","Defend_G","Defend_G","Defend_G","Defend_G","Defend_G","Strike_G","Strike_G","Strike_G","Strike_G","Strike_G","Survivor","Neutralize+1","Dagger Throw","Underhanded Strike","Flying Knee"],"relics":["Ring of the Snake","Omamori","Ancient Tea Set"],"potions_floor_usage":[6,10],"damage_taken":[{"damage":6,"enemies":"Small Slimes","floor":1,"turns":6},{"damage":7,"enemies":"Jaw Worm","floor":2,"turns":4},{"damage":0,"enemies":"2 Louse","floor":4,"turns":3},{"damage":31,"enemies":"3 Sentries","floor":6,"turns":10},{"damage":1,"enemies":"Blue Slaver","floor":8,"turns":4},{"damage":44,"enemies":"Lagavulin","floor":10,"turns":9}],"seed_played":"-823125268919164904","potions_obtained":[{"floor":2,"key":"Energy Potion"},{"floor":8,"key":"SpeedPotion"}],"is_trial":false,"path_per_floor":["M","M","?","M","?","E","R","M","T","E"],"character_chosen":"THE_SILENT","items_purchased":[],"campfire_rested":1,"item_purchase_floors":[],"current_hp_per_floor":[59,52,52,52,41,10,31,30,30,0],"gold":194,"neow_bonus":"TEN_PERCENT_HP_BONUS","is_prod":false,"is_daily":false,"chose_seed":false,"campfire_upgraded":0,"win_rate":0,"timestamp":1550431875,"path_taken":["M","M","?","M","?","E","R","M","T","E"],"build_version":"2019-01-23","purchased_purges":0,"victory":false,"max_hp_per_floor":[72,72,72,72,72,72,72,72,72,72],"card_choices":[{"not_picked":["Dodge and Roll","Outmaneuver"],"picked":"Dagger Throw","floor":1},{"not_picked":["PiercingWail","Escape Plan"],"picked":"Underhanded Strike","floor":2},{"not_picked":["Blade Dance","Outmaneuver"],"picked":"Flying Knee","floor":4},{"not_picked":["Finisher","Phantasmal Killer","Poisoned Stab"],"picked":"SKIP","floor":6},{"not_picked":["Catalyst","Underhanded Strike","Choke"],"picked":"SKIP","floor":8}],"player_experience":962540,"relics_obtained":[{"floor":6,"key":"Omamori"},{"floor":9,"key":"Ancient Tea Set"}],"event_choices":[{"damage_healed":0,"gold_gain":0,"player_choice":"Grow","damage_taken":0,"max_hp_gain":0,"max_hp_loss":0,"event_name":"Living Wall","floor":3,"gold_loss":0,"cards_upgraded":["Neutralize"]},{"damage_healed":0,"gold_gain":0,"player_choice":"Fled","damage_taken":11,"max_hp_gain":0,"max_hp_loss":0,"event_name":"Scrap Ooze","floor":5,"gold_loss":0}],"is_beta":false,"boss_relics":[],"items_purged_floors":[],"is_endless":false,"potions_floor_spawned":[2,8],"killed_by":"Lagavulin","ascension_level":15}