{"path_per_floor":["M","M","?","?","?","R","E","$","T","M","R","?","?","M","R"],"character_chosen":"DEFECT","items_purchased":["Juzu Bracelet"],"gold_per_floor":[118,137,312,387,387,387,419,197,497,516,516,537,537,556,556,556],"floor_reached":16,"campfire_rested":2,"playtime":1570,"item_purchase_floors":[8],"current_hp_per_floor":[75,74,74,63,48,48,19,19,19,19,56,23,16,14,51,0],"items_purged":["Doubt"],"gold":556,"score":98,"play_id":"13dc6d14-14c5-4c61-9f4f-5a698952ae7b","local_time":"20180602150501","is_prod":false,"is_daily":false,"chose_seed":false,"is_ascension_mode":false,"campfire_upgraded":1,"win_rate":0.0,"timestamp":1527969901,"campfire_choices":[{"data":"Genetic Algorithm","floor":6,"key":"SMITH"},{"floor":11,"key":"REST"},{"floor":15,"key":"REST"}],"path_taken":["M","M","?","?","?","R","E","$","T","M","R","?","?","M","R","BOSS"],"build_version":"2018-05-31","seed_source_timestamp":923184474761481,"purchased_purges":1,"victory":false,"master_deck":["Strike_B","Strike_B","Strike_B","Defend_B","Defend_B+1","Defend_B","Defend_B+1","Zap","Dualcast","Compile Driver","Genetic Algorithm+1","Heatsinks","Coolheaded","Chill","Chaos"],"max_hp_per_floor":[75,75,75,75,75,75,75,75,75,75,75,75,75,75,75,75],"relics":["Cracked Core","Regal Pillow","Juzu Bracelet","Old Coin","Odd Mushroom"],"card_choices":[{"not_picked":["Ball Lightning","Beam Cell"],"picked":"Compile Driver","floor":1},{"not_picked":["Sweeping Beam","Stack"],"picked":"Genetic Algorithm","floor":2},{"not_picked":["Gash","Leap"],"picked":"Heatsinks","floor":7},{"not_picked":["Gash","Compile Driver"],"picked":"Coolheaded","floor":10},{"not_picked":["Aggregate","Streamline"],"picked":"Chill","floor":12},{"not_picked":["Hologram","Scrape"],"picked":"Chaos","floor":14}],"player_experience":78627,"potions_floor_usage":[16],"damage_taken":[{"damage":0,"enemies":"Small Slimes","floor":1,"turns":2},{"damage":1,"enemies":"Jaw Worm","floor":2,"turns":3},{"damage":29,"enemies":"Lagavulin","floor":7,"turns":8},{"damage":0,"enemies":"Cultist","floor":10,"turns":3},{"damage":33,"enemies":"The Mushroom Lair","floor":12,"turns":6},{"damage":2,"enemies":"Blue Slaver","floor":14,"turns":5},{"damage":51,"enemies":"The Guardian","floor":16,"turns":17}],"relics_obtained":[{"floor":7,"key":"Regal Pillow"},{"floor":9,"key":"Old Coin"},{"floor":12,"key":"Odd Mushroom"}],"event_choices":[{"event_name":"Liars Game","player_choice":"agreed","floor":3,"damage_taken":0},{"event_name":"World of Goop","player_choice":"Gather Gold","floor":4,"damage_taken":0},{"event_name":"Shining Light","player_choice":"Entered Light","floor":5,"damage_taken":0},{"event_name":"Mushrooms","player_choice":"Fought Mushrooms","floor":12,"damage_taken":0},{"event_name":"Golden Wing","player_choice":"Card Removal","floor":13,"damage_taken":0}],"boss_relics":[],"items_purged_floors":[8],"potions_floor_spawned":[2,10,14],"seed_played":"-3237851778503262930","killed_by":"The Guardian","ascension_level":0,"potions_obtained":[{"floor":2,"key":"GamblersBrew"},{"floor":10,"key":"LiquidBronze"},{"floor":14,"key":"Block Potion"}],"is_trial":false}