{"gold_per_floor":[111,111,131,143,158,158,136,136,136,136,168,168,67,77,77,177,177,190,140,55,55,72,98,117,117],"floor_reached":25,"playtime":1145,"items_purged":["Pain","Defend_B"],"score":221,"play_id":"32a301b2-ef54-495b-a04d-18621a80687c","local_time":"20190216014916","is_ascension_mode":false,"campfire_choices":[{"floor":6,"key":"REST"},{"data":"Barrage","floor":10,"key":"SMITH"},{"data":"Conserve Battery","floor":15,"key":"SMITH"}],"neow_cost":"NONE","seed_source_timestamp":25813465497905,"circlet_count":0,"master_deck":["Strike_B","Strike_B+1","Strike_B+1","Strike_B","Defend_B","Defend_B","Zap","Dualcast","Chill","Coolheaded","Barrage+1","Go for the Eyes","Conserve Battery+1","Gash","Rebound","Seek","Capacitor","Skim+1","Rebound+1","Reinforced Body"],"relics":["FrozenCore","Pantograph","Smiling Mask","StoneCalendar","WarpedTongs","Incense Burner","Whetstone"],"potions_floor_usage":[11],"damage_taken":[{"damage":0,"enemies":"Small Slimes","floor":1,"turns":4},{"damage":2,"enemies":"2 Louse","floor":3,"turns":2},{"damage":6,"enemies":"Jaw Worm","floor":4,"turns":4},{"damage":3,"enemies":"2 Fungi Beasts","floor":5,"turns":4},{"damage":3,"enemies":"3 Sentries","floor":11,"turns":11},{"damage":3,"enemies":"Exordium Thugs","floor":14,"turns":3},{"damage":27,"enemies":"Slime Boss","floor":16,"turns":7},{"damage":0,"enemies":"Chosen","floor":18,"turns":6},{"damage":9,"enemies":"Spheric Guardian","floor":22,"turns":6},{"damage":7,"enemies":"Book of Stabbing","floor":23,"turns":7},{"damage":8,"enemies":"3 Cultists","floor":24,"turns":5}],"seed_played":"-3238515789697732944","potions_obtained":[{"floor":1,"key":"FocusPotion"},{"floor":11,"key":"Weak Potion"},{"floor":16,"key":"Weak Potion"},{"floor":18,"key":"SkillPotion"},{"floor":24,"key":"Dexterity Potion"}],"is_trial":false,"path_per_floor":["M","?","M","M","M","R","?","?","T","R","E","?","$","M","R","B",null,"M","$","?","?","M","E","M","R"],"character_chosen":"DEFECT","items_purchased":["Gash"],"campfire_rested":1,"item_purchase_floors":[13],"current_hp_per_floor":[75,57,55,49,46,68,68,68,68,68,65,65,65,62,62,48,75,75,75,75,75,66,59,51,51],"gold":117,"neow_bonus":"TRANSFORM_CARD","is_prod":false,"is_daily":false,"chose_seed":false,"campfire_upgraded":2,"win_rate":0,"timestamp":1550299756,"path_taken":["M","?","M","M","M","R","?","?","T","R","E","?","$","M","R","BOSS","M","$","?","?","M","E","?","R"],"build_version":"2019-01-23","purchased_purges":2,"victory":false,"max_hp_per_floor":[75,75,75,75,75,75,75,75,75,75,75,75,75,75,75,75,75,75,75,75,75,75,75,75,75],"card_choices":[{"not_picked":["Force Field","Storm"],"picked":"Coolheaded","floor":1},{"not_picked":["Steam","Fusion"],"picked":"Barrage","floor":3},{"not_picked":["Self Repair","Sweeping Beam"],"picked":"Go for the Eyes","floor":4},{"not_picked":["Gash","Fusion","Go for the Eyes"],"picked":"SKIP","floor":5},{"not_picked":["Go for the Eyes","Genetic Algorithm"],"picked":"Conserve Battery","floor":11},{"not_picked":["Leap","Tempest"],"picked":"Rebound","floor":14},{"not_picked":["All For One","Biased Cognition"],"picked":"Seek","floor":16},{"not_picked":["Conserve Battery","Sweeping Beam"],"picked":"Capacitor","floor":18},{"not_picked":["Go for the Eyes","Static Discharge"],"picked":"Skim+1","floor":22},{"not_picked":["Buffer","Genetic Algorithm"],"picked":"Rebound+1","floor":23},{"not_picked":["Hologram","Static Discharge"],"picked":"Reinforced Body","floor":24}],"player_experience":60261,"relics_obtained":[{"floor":9,"key":"Smiling Mask"},{"floor":11,"key":"StoneCalendar"},{"floor":23,"key":"Whetstone"}],"event_choices":[{"damage_healed":0,"gold_gain":0,"player_choice":"Success","damage_taken":18,"relics_obtained":["Pantograph"],"max_hp_gain":0,"max_hp_loss":0,"event_name":"Scrap Ooze","floor":2,"gold_loss":0},{"damage_healed":0,"gold_gain":0,"player_choice":"Left Gold","damage_taken":0,"max_hp_gain":0,"max_hp_loss":0,"event_name":"World of Goop","floor":7,"gold_loss":22},{"damage_healed":0,"gold_gain":0,"player_choice":"Leave","damage_taken":0,"max_hp_gain":0,"max_hp_loss":0,"event_name":"The Cleric","floor":8,"gold_loss":0},{"damage_healed":0,"gold_gain":0,"player_choice":"Rummage","damage_taken":0,"relics_obtained":["WarpedTongs"],"max_hp_gain":0,"max_hp_loss":0,"event_name":"Accursed Blacksmith","floor":12,"gold_loss":0,"cards_obtained":["Pain"]},{"damage_healed":0,"gold_gain":0,"player_choice":"Obtained Relic","damage_taken":0,"relics_obtained":["Incense Burner"],"max_hp_gain":0,"max_hp_loss":0,"event_name":"Addict","floor":20,"gold_loss":85},{"damage_healed":0,"gold_gain":0,"player_choice":"Ignored","damage_taken":0,"max_hp_gain":0,"max_hp_loss":0,"event_name":"Vampires","floor":21,"gold_loss":0}],"is_beta":false,"boss_relics":[{"not_picked":["Sozu","Calling Bell"],"picked":"FrozenCore"}],"items_purged_floors":[13,19],"is_endless":false,"potions_floor_spawned":[1,11,16,18,24],"ascension_level":0}