{"gold_per_floor":[112,187,187,187,187,215,215,245,245,272,78,78,104,134,146,261,273,305,317,329,341,353,365,405,433,445,104,204,219,249,268,268,268],"floor_reached":33,"playtime":886,"items_purged":[],"score":471,"play_id":"95f70118-f51d-4314-890a-8674d0fcf5a1","local_time":"20190116200210","is_ascension_mode":true,"campfire_choices":[{"data":"Wild Strike","floor":7.0,"key":"SMITH"},{"data":"Spot Weakness","floor":15.0,"key":"SMITH"},{"data":"Iron Wave","floor":23,"key":"SMITH"},{"data":"Flex","floor":32,"key":"SMITH"}],"neow_cost":"NONE","seed_source_timestamp":92552969791663,"circlet_count":0,"master_deck":["Defend_R+1","Defend_R+1","Bash","Wild Strike+1","Spot Weakness+1","Clash","Iron Wave+1","Impervious+1","Bite","Bite","Bite","Bite","Bite","Pommel Strike","Finesse","Inflame","Flex+1","Pommel Strike","Twin Strike+1"],"special_seed":0,"relics":["Burning Blood","NeowsBlessing","Juzu Bracelet","Nunchaku","Thread and Needle","Calipers","Vajra","Whetstone","MawBank","Runic Dome","Dream Catcher","Bag of Marbles","War Paint","Bag of Preparation","Regal Pillow"],"potions_floor_usage":[24,31,33,33],"damage_taken":[{"damage":0.0,"enemies":"2 Louse","floor":1.0,"turns":1.0},{"damage":0.0,"enemies":"Gremlin Nob","floor":6.0,"turns":1.0},{"damage":0.0,"enemies":"Lagavulin","floor":8.0,"turns":1.0},{"damage":12.0,"enemies":"Gremlin Nob","floor":13.0,"turns":3.0},{"damage":0.0,"enemies":"Jaw Worm","floor":14.0,"turns":2.0},{"damage":18.0,"enemies":"The Guardian","floor":16.0,"turns":9.0},{"damage":0.0,"enemies":"Chosen","floor":18.0,"turns":3.0},{"damage":13,"enemies":"Slavers","floor":24,"turns":4},{"damage":0,"enemies":"2 Thieves","floor":25,"turns":3},{"damage":1,"enemies":"Shelled Parasite and Fungi","floor":29,"turns":4},{"damage":0,"enemies":"Gremlin Leader","floor":30,"turns":4},{"damage":0,"enemies":"Snake Plant","floor":31,"turns":2},{"damage":65,"enemies":"Champ","floor":33,"turns":7}],"seed_played":"8381991245167163859","potions_obtained":[{"floor":1.0,"key":"FearPotion"},{"floor":13.0,"key":"AttackPotion"},{"floor":18.0,"key":"Block Potion"},{"floor":24,"key":"Weak Potion"},{"floor":31,"key":"Dexterity Potion"}],"is_trial":false,"path_per_floor":["M","?","?","T","?","E","R","E","T","T","$","?","E","M","R","B",null,"M","?","?","?","?","R","E","M","T","$","?","M","E","M","R","B"],"character_chosen":"IRONCLAD","items_purchased":["Whetstone","Spot Weakness","Finesse","Inflame","Bag of Preparation","Flex"],"campfire_rested":0,"item_purchase_floors":[11,11,27,27,27,27],"current_hp_per_floor":[80,69,62,62,46,52,52,58,58,58,58,58,52,58,58,46,80,80,80,80,80,56,56,53,56,56,56,56,56,56,56,56,0],"gold":268,"neow_bonus":"THREE_ENEMY_KILL","is_prod":false,"is_daily":false,"chose_seed":false,"campfire_upgraded":4,"win_rate":0,"timestamp":1547679730,"path_taken":["M","?","?","?","?","E","R","E","T","?","?","?","E","M","R","BOSS","M","?","?","?","?","R","E","M","T","$","?","M","E","M","R","BOSS"],"build_version":"2018-11-15","purchased_purges":0,"victory":false,"max_hp_per_floor":[80,80,80,80,80,80,80,80,80,80,80,80,80,80,80,80,80,80,80,80,80,56,56,56,56,56,56,56,56,56,56,56,56],"card_choices":[{"not_picked":["Second Wind","Shrug It Off"],"picked":"Wild Strike","floor":1.0},{"not_picked":["Sword Boomerang","Clothesline","Dual Wield"],"picked":"SKIP","floor":6.0},{"not_picked":["Searing Blow","Reckless Charge","Cleave"],"picked":"SKIP","floor":8.0},{"not_picked":["Clothesline","Sever Soul"],"picked":"Clash","floor":13.0},{"not_picked":["Headbutt","Seeing Red"],"picked":"Iron Wave","floor":14.0},{"not_picked":["Brutality","Bludgeon"],"picked":"Impervious","floor":16.0},{"not_picked":["Second Wind","Anger","Rupture+1"],"picked":"SKIP","floor":18.0},{"not_picked":["Anger+1","Havoc"],"picked":"Pommel Strike","floor":24},{"not_picked":["Rupture","Sever Soul","Searing Blow"],"picked":"SKIP","floor":25},{"not_picked":["Iron Wave","Shockwave"],"picked":"Pommel Strike","floor":29},{"not_picked":["Rage","Bloodletting+1","Headbutt"],"picked":"SKIP","floor":30},{"not_picked":["Pommel Strike","Wild Strike"],"picked":"Twin Strike+1","floor":31}],"player_experience":22139,"relics_obtained":[{"floor":4.0,"key":"Juzu Bracelet"},{"floor":6.0,"key":"Nunchaku"},{"floor":8.0,"key":"Thread and Needle"},{"floor":9.0,"key":"Calipers"},{"floor":10.0,"key":"Vajra"},{"floor":13.0,"key":"MawBank"},{"floor":24,"key":"Bag of Marbles"},{"floor":26,"key":"War Paint"},{"floor":30,"key":"Regal Pillow"}],"event_choices":[{"damage_healed":0.0,"max_hp_gain":0.0,"max_hp_loss":0.0,"gold_gain":75.0,"event_name":"World of Goop","player_choice":"Gather Gold","floor":2.0,"gold_loss":0.0,"damage_taken":11.0},{"cards_removed":["Defend_R"],"damage_healed":0.0,"max_hp_gain":0.0,"max_hp_loss":0.0,"gold_gain":0.0,"event_name":"Golden Wing","player_choice":"Card Removal","floor":3.0,"gold_loss":0.0,"damage_taken":7.0},{"damage_healed":0.0,"max_hp_gain":0.0,"max_hp_loss":0.0,"gold_gain":0.0,"event_name":"Shining Light","player_choice":"Entered Light","floor":5.0,"gold_loss":0.0,"damage_taken":16.0,"cards_upgraded":["Defend_R","Defend_R"]},{"cards_removed":["Defend_R"],"damage_healed":0.0,"max_hp_gain":0.0,"max_hp_loss":0.0,"gold_gain":0.0,"event_name":"Bonfire Elementals","player_choice":"Offered Basic","floor":12.0,"gold_loss":0.0,"damage_taken":0.0},{"cards_removed":["Strike_R"],"damage_healed":0.0,"max_hp_gain":0.0,"max_hp_loss":0.0,"gold_gain":0.0,"event_name":"Purifier","player_choice":"Purged","floor":19.0,"gold_loss":0.0,"damage_taken":0.0},{"cards_removed":["Strike_R"],"damage_healed":0,"gold_gain":0,"player_choice":"Elegance","damage_taken":0,"max_hp_gain":0,"max_hp_loss":0,"event_name":"Back to Basics","floor":20,"gold_loss":0},{"damage_healed":0,"gold_gain":0,"player_choice":"Opened","damage_taken":0,"relics_obtained":["Dream Catcher"],"max_hp_gain":0,"max_hp_loss":0,"event_name":"The Mausoleum","floor":21,"gold_loss":0},{"damage_healed":0,"gold_gain":0,"player_choice":"Became a vampire","damage_taken":0,"max_hp_gain":0,"max_hp_loss":24,"event_name":"Vampires","floor":22,"gold_loss":0,"cards_obtained":["Bite","Bite","Bite","Bite","Bite"]},{"damage_healed":0,"gold_gain":100,"player_choice":"Pray","damage_taken":0,"max_hp_gain":0,"max_hp_loss":0,"event_name":"Golden Shrine","floor":28,"gold_loss":0}],"is_beta":false,"boss_relics":[{"not_picked":["Black Blood","Snecko Eye"],"picked":"Runic Dome"}],"items_purged_floors":[],"is_endless":false,"potions_floor_spawned":[1,13,18,24,31],"killed_by":"Champ","ascension_level":4}