{"gold_per_floor":[112,123,139,139,150,150,175,192,192,192,257,273,287,298,298,397,397,410,111,111,130,130,130,148,0,0,26,26,1,1,18,18,123,123,140,100,113,133,133,133,143,143,143,143,154,154,171,195,195,195,195,195,111,111],"floor_reached":54,"playtime":3170,"items_purged":[],"score":696,"play_id":"8770df4c-5eec-4d8d-ab0a-5001ee3631fc","local_time":"20190217014331","is_ascension_mode":false,"campfire_choices":[{"data":"Armaments","floor":6.0,"key":"SMITH"},{"floor":10.0,"key":"REST"},{"floor":15.0,"key":"REST"},{"floor":23.0,"key":"REST"},{"floor":30,"key":"REST"},{"floor":32,"key":"REST"},{"floor":40,"key":"REST"},{"floor":42,"key":"REST"},{"floor":44,"key":"REST"},{"floor":49,"key":"RECALL"},{"data":"Limit Break","floor":52,"key":"SMITH"}],"neow_cost":"TEN_PERCENT_HP_LOSS","seed_source_timestamp":0,"circlet_count":0,"master_deck":["Strike_R","Strike_R","Strike_R","Defend_R","Defend_R","Defend_R","Bash","Reaper","Heavy Blade","Ghostly Armor+1","Armaments+1","Battle Trance","Limit Break+1","Heavy Blade","Headbutt","Heavy Blade","Impervious","Infernal Blade","Limit Break","Offering+1","Dropkick+1","Uppercut+1","Flame Barrier","Spot Weakness","Flex","Pommel Strike+1","Sword Boomerang+1","Burning Pact+1","Warcry","Shrug It Off+1","Reaper","Shrug It Off+1","Corruption","Shrug It Off+1","Sever Soul"],"special_seed":0,"relics":["Burning Blood","Bronze Scales","PreservedInsect","Tiny Chest","Astrolabe","Bottled Lightning","MutagenicStrength","Anchor","Question Card","Sundial","Charon\u0027s Ashes","Runic Pyramid","Mercury Hourglass","Dream Catcher"],"potions_floor_usage":[33,38,50,54],"damage_taken":[{"damage":19.0,"enemies":"Jaw Worm","floor":1.0,"turns":6.0},{"damage":5.0,"enemies":"Cultist","floor":2.0,"turns":4.0},{"damage":3.0,"enemies":"2 Louse","floor":3.0,"turns":3.0},{"damage":13.0,"enemies":"Exordium Thugs","floor":5.0,"turns":6.0},{"damage":52.0,"enemies":"Lagavulin","floor":7.0,"turns":14.0},{"damage":11.0,"enemies":"3 Louse","floor":8.0,"turns":4.0},{"damage":28.0,"enemies":"Gremlin Nob","floor":11.0,"turns":4.0},{"damage":7.0,"enemies":"Red Slaver","floor":12.0,"turns":4.0},{"damage":18.0,"enemies":"Exordium Thugs","floor":13.0,"turns":5.0},{"damage":1.0,"enemies":"2 Fungi Beasts","floor":14.0,"turns":5.0},{"damage":65.0,"enemies":"Slime Boss","floor":16.0,"turns":15.0},{"damage":22.0,"enemies":"3 Byrds","floor":18.0,"turns":3.0},{"damage":28.0,"enemies":"Chosen","floor":21.0,"turns":8.0},{"damage":17.0,"enemies":"Centurion and Healer","floor":24.0,"turns":5.0},{"damage":19,"enemies":"Gremlin Leader","floor":27,"turns":6},{"damage":11,"enemies":"Shelled Parasite and Fungi","floor":31,"turns":3},{"damage":26,"enemies":"Automaton","floor":33,"turns":4},{"damage":8,"enemies":"Orb Walker","floor":35,"turns":3},{"damage":25,"enemies":"3 Darklings","floor":37,"turns":4},{"damage":24,"enemies":"Transient","floor":38,"turns":5},{"damage":54,"enemies":"Maw","floor":41,"turns":10},{"damage":7,"enemies":"Spire Growth","floor":45,"turns":4},{"damage":23,"enemies":"Transient","floor":47,"turns":5},{"damage":62,"enemies":"Donu and Deca","floor":50,"turns":8},{"damage":81,"enemies":"Shield and Spear","floor":54,"turns":5}],"seed_played":"-4903847624451734209","potions_obtained":[{"floor":3.0,"key":"EssenceOfSteel"},{"floor":7.0,"key":"Energy Potion"},{"floor":11.0,"key":"Ancient Potion"},{"floor":21.0,"key":"Strength Potion"},{"floor":27,"key":"AttackPotion"},{"floor":31,"key":"Ancient Potion"},{"floor":37,"key":"Regen Potion"},{"floor":38,"key":"FearPotion"},{"floor":41,"key":"PowerPotion"}],"is_trial":false,"path_per_floor":["M","M","M","?","M","R","E","M","T","R","E","M","M","M","R","B",null,"M","$","?","M","?","R","M","$","T","E","?","$","R","M","R","B",null,"M","?","M","M","T","R","M","R","T","R","M","?","M","T","R","B",null,"R","$","E"],"character_chosen":"IRONCLAD","items_purchased":["Bottled Lightning","Spot Weakness","Anchor","Warcry","Energy Potion","Sever Soul"],"campfire_rested":8,"item_purchase_floors":[19,19,25,29,53,53],"current_hp_per_floor":[63,65,72,72,69,69,23,30,30,51,35,34,30,43,64,15,72,59,59,59,37,37,58,47,47,47,34,34,34,55,50,71,51,72,70,70,51,33,33,54,28,49,49,70,69,69,52,52,52,56,72,72,72,0],"gold":111,"neow_bonus":"THREE_RARE_CARDS","is_prod":false,"is_daily":false,"chose_seed":false,"campfire_upgraded":2,"win_rate":0,"timestamp":1550385811,"path_taken":["M","M","M","?","M","R","E","M","T","R","E","?","M","M","R","BOSS","M","$","?","M","?","R","M","?","T","E","?","$","R","?","R","BOSS","M","?","M","?","?","R","M","R","T","R","M","?","M","?","R","BOSS","R","$","E"],"build_version":"2019-01-23","purchased_purges":0,"victory":false,"max_hp_per_floor":[72,72,72,72,72,72,72,72,72,72,72,72,72,72,72,72,72,72,72,72,72,72,72,72,72,72,72,72,72,72,72,72,72,72,72,72,72,72,72,72,72,72,72,72,72,72,72,72,72,72,72,72,72,72],"card_choices":[{"not_picked":["Barricade","Brutality"],"picked":"Reaper","floor":0.0},{"not_picked":["Sword Boomerang","Power Through"],"picked":"Heavy Blade","floor":1.0},{"not_picked":["Flex","Iron Wave"],"picked":"Ghostly Armor","floor":2.0},{"not_picked":["Pummel","Fire Breathing"],"picked":"Armaments","floor":3.0},{"not_picked":["Disarm","Body Slam"],"picked":"Battle Trance","floor":5.0},{"not_picked":["Metallicize","Dual Wield"],"picked":"Limit Break","floor":7.0},{"not_picked":["True Grit","Cleave"],"picked":"Heavy Blade","floor":8.0},{"not_picked":["Clash","Thunderclap"],"picked":"Headbutt","floor":11.0},{"not_picked":["Metallicize","Ghostly Armor"],"picked":"Heavy Blade","floor":12.0},{"not_picked":["Clash","Dropkick"],"picked":"Impervious","floor":13.0},{"not_picked":["Ghostly Armor","Dual Wield"],"picked":"Infernal Blade","floor":14.0},{"not_picked":["Double Tap","Impervious"],"picked":"Limit Break","floor":16.0},{"not_picked":["Headbutt","Flex+1"],"picked":"Flame Barrier","floor":18.0},{"not_picked":["Heavy Blade","Fire Breathing"],"picked":"Pommel Strike+1","floor":21.0},{"not_picked":["Body Slam","Combust"],"picked":"Sword Boomerang","floor":24.0},{"not_picked":["Dropkick+1","Combust+1","Entrench"],"picked":"Burning Pact+1","floor":27},{"not_picked":["Rage+1","Anger","Combust"],"picked":"Shrug It Off+1","floor":31},{"not_picked":["Impervious","Exhume","Bludgeon"],"picked":"Reaper","floor":33},{"not_picked":["Perfected Strike+1","Twin Strike+1","Carnage+1"],"picked":"Shrug It Off+1","floor":35},{"not_picked":["Rupture+1","Armaments","Blood for Blood","Uppercut"],"picked":"SKIP","floor":37},{"not_picked":["Clash+1","Bloodletting","Armaments"],"picked":"Corruption","floor":38},{"not_picked":["Offering","Intimidate","Infernal Blade"],"picked":"Shrug It Off+1","floor":41},{"not_picked":["Shrug It Off","Perfected Strike","Entrench","Iron Wave+1"],"picked":"SKIP","floor":45},{"not_picked":["Intimidate+1","Clash","Entrench","Rage+1"],"picked":"SKIP","floor":47}],"player_experience":90020,"relics_obtained":[{"floor":7.0,"key":"Bronze Scales"},{"floor":9.0,"key":"PreservedInsect"},{"floor":11.0,"key":"Tiny Chest"},{"floor":26.0,"key":"Question Card"},{"floor":27,"key":"Sundial"},{"floor":43,"key":"Mercury Hourglass"},{"floor":48,"key":"Dream Catcher"}],"event_choices":[{"damage_healed":0.0,"max_hp_gain":0.0,"max_hp_loss":0.0,"gold_gain":0.0,"event_name":"FaceTrader","player_choice":"Leave","floor":4.0,"gold_loss":0.0,"damage_taken":0.0},{"damage_healed":0.0,"max_hp_gain":0.0,"max_hp_loss":0.0,"gold_gain":0.0,"event_name":"The Library","player_choice":"Read","floor":20.0,"gold_loss":0.0,"damage_taken":0.0,"cards_obtained":["Flex"]},{"damage_healed":0.0,"max_hp_gain":0.0,"max_hp_loss":0.0,"gold_gain":0.0,"event_name":"Drug Dealer","player_choice":"Inject Mutagens","floor":22.0,"gold_loss":0.0,"damage_taken":0.0,"relics_obtained":["MutagenicStrength"]},{"damage_healed":0,"gold_gain":0,"player_choice":"Gave Potion","damage_taken":0,"relics_obtained":["Charon\u0027s Ashes"],"max_hp_gain":0,"max_hp_loss":0,"event_name":"WeMeetAgain","floor":28,"gold_loss":0},{"damage_healed":0,"gold_gain":0,"player_choice":"Upgraded Two","damage_taken":0,"max_hp_gain":0,"max_hp_loss":0,"event_name":"Designer","floor":36,"gold_loss":40,"cards_upgraded":["Ghostly Armor","Sword Boomerang"]},{"damage_healed":0,"gold_gain":0,"player_choice":"Memory 1","damage_taken":0,"max_hp_gain":0,"max_hp_loss":0,"event_name":"SensoryStone","floor":46,"gold_loss":0}],"is_beta":false,"boss_relics":[{"not_picked":["Calling Bell","Eternal Feather"],"picked":"Astrolabe"},{"not_picked":["Snecko Eye","Tiny House"],"picked":"Runic Pyramid"}],"items_purged_floors":[],"is_endless":false,"potions_floor_spawned":[3,7,11,12,21,27,31,37,38,41,45,47],"killed_by":"Shield and Spear","ascension_level":0}