{"gold_per_floor":[116,129,129,129,146,178,178,190,217,232,232,309,320,335,335,434,434,452,5,18,33,33,33,48,48,102,102,102],"floor_reached":28,"playtime":2836,"items_purged":["Strike_G"],"score":222,"play_id":"943ae2f1-ec1d-4e7c-b1eb-ed727484f69d","local_time":"20190204115043","is_ascension_mode":false,"campfire_choices":[{"floor":7.0,"key":"REST"},{"floor":15.0,"key":"REST"},{"floor":23.0,"key":"REST"},{"floor":27.0,"key":"REST"}],"neow_cost":"NONE","seed_source_timestamp":0,"circlet_count":0,"master_deck":["Defend_G","Defend_G","Defend_G","Defend_G","Defend_G+1","Strike_G","Strike_G","Strike_G","Survivor+1","Neutralize","Endless Agony","Escape Plan","Poisoned Stab","Prepared","Noxious Fumes","Poisoned Stab","Phantasmal Killer","Acrobatics","Underhanded Strike","Dodge and Roll","After Image","Bouncing Flask+1","Infinite Blades","Dramatic Entrance","Underhanded Strike","Cloak And Dagger","Bane+1","Finisher+1","Decay","Bullet Time"],"special_seed":0,"relics":["Ring of the Snake","Smiling Mask","Juzu Bracelet","Dream Catcher","Tiny Chest","White Beast Statue","Sundial","Bag of Marbles"],"potions_floor_usage":[],"damage_taken":[{"damage":0.0,"enemies":"Small Slimes","floor":1.0,"turns":4.0},{"damage":0.0,"enemies":"Jaw Worm","floor":2.0,"turns":4.0},{"damage":1.0,"enemies":"Cultist","floor":5.0,"turns":4.0},{"damage":33.0,"enemies":"Lagavulin","floor":6.0,"turns":9.0},{"damage":6.0,"enemies":"Blue Slaver","floor":8.0,"turns":4.0},{"damage":8.0,"enemies":"Gremlin Gang","floor":10.0,"turns":5.0},{"damage":21.0,"enemies":"Exordium Wildlife","floor":13.0,"turns":7.0},{"damage":3.0,"enemies":"3 Louse","floor":14.0,"turns":4.0},{"damage":36.0,"enemies":"The Guardian","floor":16.0,"turns":12.0},{"damage":20.0,"enemies":"3 Byrds","floor":18.0,"turns":5.0},{"damage":6.0,"enemies":"Spheric Guardian","floor":20.0,"turns":6.0},{"damage":9.0,"enemies":"Chosen and Byrds","floor":21.0,"turns":6.0},{"damage":26.0,"enemies":"Colosseum Slavers","floor":22.0,"turns":8.0},{"damage":17.0,"enemies":"Shelled Parasite and Fungi","floor":24.0,"turns":8.0},{"damage":47,"enemies":"Cultist and Chosen","floor":28,"turns":6}],"seed_played":"-9009400430868958993","potions_obtained":[{"floor":1.0,"key":"SpeedPotion"},{"floor":6.0,"key":"Regen Potion"},{"floor":10.0,"key":"Explosive Potion"},{"floor":16.0,"key":"Dexterity Potion"},{"floor":18.0,"key":"Weak Potion"},{"floor":20.0,"key":"PowerPotion"},{"floor":21.0,"key":"GhostInAJar"},{"floor":24.0,"key":"PowerPotion"}],"is_trial":false,"path_per_floor":["M","M","?","?","M","E","R","M","T","M","?","T","M","M","R","B",null,"M","$","M","M","?","R","M","?","T","R","M"],"character_chosen":"THE_SILENT","items_purchased":["Infinite Blades","Sundial","Dramatic Entrance"],"campfire_rested":4,"item_purchase_floors":[19,19,19],"current_hp_per_floor":[70,70,56,70,69,36,57,51,51,43,31,31,25,22,43,7,70,50,50,44,35,9,30,13,13,13,34,0],"gold":102,"neow_bonus":"TRANSFORM_CARD","is_prod":false,"is_daily":false,"chose_seed":false,"campfire_upgraded":0,"win_rate":0.0,"timestamp":1549270243,"path_taken":["M","M","?","?","?","E","R","M","T","M","?","?","M","M","R","BOSS","M","$","M","M","?","R","M","?","T","R","M"],"build_version":"2019-01-23","purchased_purges":1,"victory":false,"max_hp_per_floor":[70,70,70,70,70,70,70,70,70,70,70,70,70,70,70,70,70,70,70,70,70,70,70,70,70,70,70,70],"card_choices":[{"not_picked":["Catalyst","Blur"],"picked":"Escape Plan","floor":1.0},{"not_picked":["PiercingWail","Underhanded Strike"],"picked":"Poisoned Stab","floor":2.0},{"not_picked":["Dodge and Roll","Deflect"],"picked":"Prepared","floor":5.0},{"not_picked":["PiercingWail","Skewer"],"picked":"Noxious Fumes","floor":6.0},{"not_picked":["Dagger Spray","Escape Plan"],"picked":"Poisoned Stab","floor":8.0},{"not_picked":["Dagger Throw","Dagger Spray"],"picked":"Phantasmal Killer","floor":10.0},{"not_picked":["Cloak And Dagger","Deflect"],"picked":"Acrobatics","floor":13.0},{"not_picked":["Dagger Spray","Expertise"],"picked":"Underhanded Strike","floor":14.0},{"not_picked":["Dash","Dagger Spray"],"picked":"Dodge and Roll","floor":15.0},{"not_picked":["Unload","Bullet Time"],"picked":"After Image","floor":16.0},{"not_picked":["Backflip","Finisher"],"picked":"Bouncing Flask+1","floor":18.0},{"not_picked":["Blur","Riddle With Holes"],"picked":"Underhanded Strike","floor":20.0},{"not_picked":["Sucker Punch","Backstab+1"],"picked":"Cloak And Dagger","floor":21.0},{"not_picked":["Blade Dance","Calculated Gamble+1"],"picked":"Bane+1","floor":23.0},{"not_picked":["Slice","Predator"],"picked":"Finisher+1","floor":24.0},{"not_picked":["Deflect+1","Dodge and Roll"],"picked":"Bullet Time","floor":27.0}],"player_experience":165080,"relics_obtained":[{"floor":6.0,"key":"Smiling Mask"},{"floor":9.0,"key":"Juzu Bracelet"},{"floor":12.0,"key":"Tiny Chest"},{"floor":26.0,"key":"Bag of Marbles"}],"event_choices":[{"damage_healed":0.0,"max_hp_gain":0.0,"max_hp_loss":0.0,"gold_gain":0.0,"event_name":"Shining Light","player_choice":"Entered Light","floor":3.0,"gold_loss":0.0,"damage_taken":14.0,"cards_upgraded":["Survivor","Defend_G"]},{"damage_healed":14.0,"max_hp_gain":0.0,"max_hp_loss":0.0,"gold_gain":0.0,"event_name":"Wheel of Change","player_choice":"Full Heal","floor":4.0,"gold_loss":0.0,"damage_taken":0.0},{"damage_healed":0.0,"max_hp_gain":0.0,"max_hp_loss":0.0,"gold_gain":0.0,"event_name":"Scrap Ooze","player_choice":"Success","floor":11.0,"gold_loss":0.0,"damage_taken":12.0,"relics_obtained":["Dream Catcher"]},{"damage_healed":0.0,"max_hp_gain":0.0,"max_hp_loss":0.0,"gold_gain":0.0,"event_name":"Colosseum","player_choice":"Fight","floor":22.0,"gold_loss":0.0,"damage_taken":0.0},{"damage_healed":0.0,"max_hp_gain":0.0,"max_hp_loss":0.0,"gold_gain":0.0,"event_name":"Colosseum","player_choice":"Fled From Nobs","floor":22.0,"gold_loss":0.0,"damage_taken":0.0},{"damage_healed":0.0,"max_hp_gain":0.0,"max_hp_loss":0.0,"gold_gain":0.0,"event_name":"Forgotten Altar","player_choice":"Smashed Altar","floor":25.0,"gold_loss":0.0,"damage_taken":0.0,"cards_obtained":["Decay"]}],"is_beta":false,"boss_relics":[{"not_picked":["Runic Dome","Philosopher\u0027s Stone"],"picked":"White Beast Statue"}],"items_purged_floors":[19],"is_endless":false,"potions_floor_spawned":[1,6,10,16,18,20,21,22,24],"killed_by":"Cultist and Chosen","ascension_level":0}