{"gold_per_floor":[112,37,37,53,68,85,85,101,101,276,294,11,11,11,11,108,108,119,137,137,148,148,181,181,194,194,205,225,225,243,257,257,361,361,375,97,97,123,123,123,156,156,180,180,24,41,41,52,52,52,52,52,3,30,30],"floor_reached":56,"playtime":2582,"items_purged":["Strike_G","Doubt","Strike_G"],"score":1239,"play_id":"cc0ba170-a62c-427b-b1c4-9dc8ab7bc597","local_time":"20190216082217","is_ascension_mode":false,"campfire_choices":[{"floor":7.0,"key":"RECALL"},{"floor":15.0,"key":"REST"},{"floor":24,"key":"REST"},{"floor":32,"key":"REST"},{"floor":40,"key":"REST"},{"floor":42,"key":"REST"},{"floor":49,"key":"REST"},{"floor":52,"key":"REST"}],"neow_cost":"NONE","seed_source_timestamp":1173901157721,"circlet_count":0,"master_deck":["Defend_G+1","Defend_G+1","Defend_G+1","Defend_G+1","Defend_G+1","Strike_G+1","Strike_G+1","Strike_G+1","Survivor+1","Neutralize+1","Deadly Poison+1","Bane+1","Noxious Fumes+1","Noxious Fumes+1","Night Terror+1","Ghostly+1","Ghostly+1","Ghostly+1","Ghostly+1","Ghostly+1","Noxious Fumes+1","Poisoned Stab+1","Acrobatics+1","Flechettes+1","After Image"],"special_seed":0,"relics":["Lizard Tail","CultistMask","Bag of Marbles","Oddly Smooth Stone","Vajra","Busted Crown","Whetstone","Runic Pyramid","Snake Skull","Mark of the Bloom","Juzu Bracelet","Lantern","Potion Belt","Bronze Scales","Bottled Tornado","Bottled Lightning"],"potions_floor_usage":[27,33,50,55,55],"damage_taken":[{"damage":1.0,"enemies":"Cultist","floor":1.0,"turns":5.0},{"damage":0.0,"enemies":"Jaw Worm","floor":4.0,"turns":5.0},{"damage":1.0,"enemies":"2 Louse","floor":5.0,"turns":4.0},{"damage":6.0,"enemies":"Red Slaver","floor":6.0,"turns":6.0},{"damage":0.0,"enemies":"Looter","floor":8.0,"turns":4.0},{"damage":18.0,"enemies":"Exordium Thugs","floor":11.0,"turns":7.0},{"damage":30.0,"enemies":"Hexaghost","floor":16.0,"turns":9.0},{"damage":20.0,"enemies":"3 Byrds","floor":18.0,"turns":5.0},{"damage":10,"enemies":"Chosen","floor":19,"turns":4},{"damage":18,"enemies":"Snake Plant","floor":21,"turns":5},{"damage":6,"enemies":"Slavers","floor":23,"turns":7},{"damage":4,"enemies":"3 Cultists","floor":25,"turns":6},{"damage":1,"enemies":"Chosen and Byrds","floor":27,"turns":6},{"damage":0,"enemies":"Centurion and Healer","floor":28,"turns":7},{"damage":6,"enemies":"Snake Plant","floor":30,"turns":5},{"damage":7,"enemies":"Shelled Parasite and Fungi","floor":31,"turns":5},{"damage":4,"enemies":"Automaton","floor":33,"turns":10},{"damage":4,"enemies":"3 Darklings","floor":35,"turns":5},{"damage":0,"enemies":"Nemesis","floor":41,"turns":7},{"damage":1,"enemies":"Orb Walker","floor":46,"turns":3},{"damage":0,"enemies":"Jaw Worm Horde","floor":48,"turns":4},{"damage":6,"enemies":"Donu and Deca","floor":50,"turns":9},{"damage":0,"enemies":"Shield and Spear","floor":54,"turns":6},{"damage":23,"enemies":"The Heart","floor":55,"turns":11}],"seed_played":"8172060672743750598","potions_obtained":[{"floor":4.0,"key":"Block Potion"},{"floor":8.0,"key":"Energy Potion"},{"floor":18.0,"key":"Block Potion"},{"floor":25,"key":"SneckoOil"},{"floor":27,"key":"GhostInAJar"}],"is_trial":false,"path_per_floor":["M","$","?","M","M","M","R","M","T","?","M","$","T","?","R","B",null,"M","M","?","M","?","E","R","M","T","M","M","?","M","M","R","B",null,"M","$","?","T","?","R","E","R","T","?","$","M","T","M","R","B",null,"R","$","E","B",null],"character_chosen":"THE_SILENT","items_purchased":["Noxious Fumes","Oddly Smooth Stone","Snake Skull","Bronze Scales","Weak Potion"],"campfire_rested":7,"item_purchase_floors":[12,12,36,45,53],"current_hp_per_floor":[69,69,69,69,68,62,62,62,62,62,44,44,44,44,65,35,70,50,40,35,17,17,11,21,17,17,16,16,28,22,15,25,21,35,31,31,31,31,31,31,31,31,31,31,31,30,30,30,30,24,24,24,24,24,1],"gold":30,"neow_bonus":"BOSS_RELIC","is_prod":false,"is_daily":false,"chose_seed":false,"campfire_upgraded":0,"win_rate":0,"timestamp":1550294537,"path_taken":["M","$","?","M","M","?","R","M","T","?","M","$","?","?","R","BOSS","M","M","?","M","?","E","R","M","T","M","?","?","M","M","R","BOSS","M","$","?","?","?","R","E","R","T","?","$","M","?","M","R","BOSS","R","$","E","BOSS"],"build_version":"2019-01-23","purchased_purges":3,"victory":true,"max_hp_per_floor":[70,70,70,70,70,70,70,70,70,70,70,70,70,70,70,70,70,70,70,35,35,35,35,35,35,35,35,35,35,35,35,35,35,35,35,35,35,35,35,35,35,35,35,35,35,35,35,35,35,35,35,35,35,35,35],"card_choices":[{"not_picked":["Blade Dance","Dagger Spray"],"picked":"Deadly Poison","floor":1.0},{"not_picked":["PiercingWail","Riddle With Holes","Outmaneuver"],"picked":"SKIP","floor":4.0},{"not_picked":["Riddle With Holes","Flying Knee"],"picked":"Bane","floor":5.0},{"not_picked":["Blade Dance","Poisoned Stab"],"picked":"Noxious Fumes","floor":6.0},{"not_picked":["Phantasmal Killer","Underhanded Strike","Masterful Stab"],"picked":"SKIP","floor":8.0},{"not_picked":["Dodge and Roll","PiercingWail","Dash"],"picked":"SKIP","floor":11.0},{"not_picked":["Wraith Form v2","Bullet Time"],"picked":"Night Terror","floor":16.0},{"not_picked":["Slice"],"picked":"SKIP","floor":18.0},{"not_picked":["Sucker Punch"],"picked":"SKIP","floor":19},{"not_picked":["Choke"],"picked":"SKIP","floor":21},{"not_picked":["Sucker Punch+1"],"picked":"SKIP","floor":23},{"not_picked":["Outmaneuver"],"picked":"SKIP","floor":25},{"not_picked":[],"picked":"Poisoned Stab","floor":27},{"not_picked":[],"picked":"Acrobatics","floor":28},{"not_picked":["Slice+1"],"picked":"SKIP","floor":30},{"not_picked":["Quick Slash"],"picked":"SKIP","floor":31},{"not_picked":[],"picked":"Flechettes+1","floor":35},{"not_picked":["Distraction"],"picked":"SKIP","floor":41},{"not_picked":["Flying Knee+1"],"picked":"SKIP","floor":46},{"not_picked":["Predator"],"picked":"SKIP","floor":48},{"not_picked":[],"picked":"After Image","floor":54}],"player_experience":387127,"relics_obtained":[{"floor":9.0,"key":"Bag of Marbles"},{"floor":26,"key":"Whetstone"},{"floor":38,"key":"Juzu Bracelet"},{"floor":41,"key":"Lantern"},{"floor":43,"key":"Potion Belt"},{"floor":47,"key":"Bottled Tornado"},{"floor":54,"key":"Bottled Lightning"}],"event_choices":[{"damage_healed":0.0,"max_hp_gain":0.0,"max_hp_loss":0.0,"gold_gain":0.0,"event_name":"FaceTrader","player_choice":"Trade","floor":3.0,"gold_loss":0.0,"damage_taken":0.0,"relics_obtained":["CultistMask"]},{"damage_healed":0.0,"max_hp_gain":0.0,"max_hp_loss":0.0,"gold_gain":175.0,"event_name":"Liars Game","player_choice":"AGREE","floor":10.0,"gold_loss":0.0,"damage_taken":0.0,"cards_obtained":["Doubt"]},{"damage_healed":0.0,"max_hp_gain":0.0,"max_hp_loss":0.0,"gold_gain":0.0,"event_name":"WeMeetAgain","player_choice":"Gave Potion","floor":14.0,"gold_loss":0.0,"damage_taken":0.0,"relics_obtained":["Vajra"]},{"damage_healed":0,"gold_gain":0,"player_choice":"Became a Ghost","damage_taken":0,"max_hp_gain":0,"max_hp_loss":35,"event_name":"Ghosts","floor":20,"gold_loss":0,"cards_obtained":["Ghostly","Ghostly","Ghostly","Ghostly","Ghostly"]},{"damage_healed":0,"gold_gain":0,"player_choice":"Copied","damage_taken":0,"max_hp_gain":0,"max_hp_loss":0,"event_name":"Duplicator","floor":22,"gold_loss":0,"cards_obtained":["Noxious Fumes"]},{"damage_healed":12,"gold_gain":0,"player_choice":"Heal","damage_taken":0,"max_hp_gain":0,"max_hp_loss":0,"event_name":"The Library","floor":29,"gold_loss":0},{"damage_healed":0,"gold_gain":0,"player_choice":"Upgrade","damage_taken":0,"relics_obtained":["Mark of the Bloom"],"max_hp_gain":0,"max_hp_loss":0,"event_name":"MindBloom","floor":37,"gold_loss":0,"cards_upgraded":["Defend_G","Defend_G","Defend_G","Defend_G","Defend_G","Strike_G","Strike_G","Survivor","Deadly Poison","Bane","Noxious Fumes","Noxious Fumes","Night Terror","Ghostly","Ghostly","Ghostly","Ghostly","Ghostly","Noxious Fumes","Poisoned Stab","Acrobatics"]},{"damage_healed":0,"gold_gain":0,"player_choice":"Memory 1","damage_taken":0,"max_hp_gain":0,"max_hp_loss":0,"event_name":"SensoryStone","floor":39,"gold_loss":0},{"damage_healed":0,"gold_gain":0,"player_choice":"Ignored","damage_taken":0,"max_hp_gain":0,"max_hp_loss":0,"event_name":"Tomb of Lord Red Mask","floor":44,"gold_loss":0}],"is_beta":false,"boss_relics":[{"not_picked":["Sozu","Ectoplasm"],"picked":"Busted Crown"},{"not_picked":["Snecko Eye","Pandora\u0027s Box"],"picked":"Runic Pyramid"}],"items_purged_floors":[2,12,36],"is_endless":false,"potions_floor_spawned":[4,8,18,25,27,28,31],"ascension_level":0}