{"gold_per_floor":[119,136,136,136,154,154,154,170,170,170,170,196,209,235,235,330,330,342,360,360,285,305,305,340,340],"floor_reached":25,"playtime":1345,"items_purged":[],"score":256,"play_id":"be6c8b5e-ecd7-46cf-8333-00ef4ed21851","local_time":"20190205094714","is_ascension_mode":false,"campfire_choices":[{"data":"Infernal Blade","floor":6.0,"key":"SMITH"},{"data":"Dropkick","floor":11.0,"key":"SMITH"},{"floor":15.0,"key":"REST"},{"floor":23.0,"key":"REST"}],"neow_cost":"NONE","seed_source_timestamp":28002643498107,"circlet_count":0,"master_deck":["Strike_R","Strike_R","Strike_R","Strike_R","Strike_R","Defend_R","Defend_R","Bash+1","Dramatic Entrance","Perfected Strike+1","Infernal Blade+1","Dropkick+1","Armaments","Berserk+1","Infernal Blade","Feed","Perfected Strike","Shrug It Off","Perfected Strike"],"special_seed":0,"relics":["Burning Blood","Frozen Egg 2","Pear","Boot","Eternal Feather","Vajra"],"potions_floor_usage":[],"damage_taken":[{"damage":7.0,"enemies":"2 Louse","floor":1.0,"turns":2.0},{"damage":6.0,"enemies":"Jaw Worm","floor":2.0,"turns":2.0},{"damage":1.0,"enemies":"Cultist","floor":5.0,"turns":3.0},{"damage":0.0,"enemies":"Looter","floor":8.0,"turns":2.0},{"damage":31.0,"enemies":"3 Sentries","floor":12.0,"turns":6.0},{"damage":10.0,"enemies":"Exordium Thugs","floor":13.0,"turns":2.0},{"damage":13.0,"enemies":"Lagavulin","floor":14.0,"turns":3.0},{"damage":34.0,"enemies":"Slime Boss","floor":16.0,"turns":9.0},{"damage":7.0,"enemies":"Shell Parasite","floor":18.0,"turns":3.0},{"damage":20.0,"enemies":"2 Thieves","floor":19.0,"turns":4.0},{"damage":15.0,"enemies":"Snecko","floor":22.0,"turns":3.0},{"damage":83.0,"enemies":"Slavers","floor":24.0,"turns":7.0},{"damage":24,"enemies":"Sentry and Sphere","floor":25,"turns":3}],"seed_played":"7785142366948843387","potions_obtained":[{"floor":5.0,"key":"Regen Potion"},{"floor":8.0,"key":"Ancient Potion"},{"floor":13.0,"key":"FearPotion"},{"floor":16.0,"key":"Dexterity Potion"}],"is_trial":false,"path_per_floor":["M","M","?","?","M","R","?","M","T","?","R","E","M","E","R","B",null,"M","M","?","?","M","R","E","M"],"character_chosen":"IRONCLAD","items_purchased":[],"campfire_rested":2,"item_purchase_floors":[],"current_hp_per_floor":[79,79,79,79,80,80,80,80,80,80,80,65,61,54,81,53,90,92,81,62,62,53,92,18,0],"gold":340,"neow_bonus":"RANDOM_COLORLESS","is_prod":false,"is_daily":false,"chose_seed":false,"campfire_upgraded":2,"win_rate":0,"timestamp":1549349234,"path_taken":["M","M","?","?","?","R","?","?","T","?","R","E","M","E","R","BOSS","M","?","?","?","M","R","E","?"],"build_version":"2019-01-23","purchased_purges":0,"victory":false,"max_hp_per_floor":[80,80,80,80,80,80,80,80,80,80,80,90,90,90,90,90,90,93,96,101,101,101,101,104,107],"card_choices":[{"not_picked":["Warcry","Wild Strike"],"picked":"Perfected Strike","floor":1.0},{"not_picked":["Second Wind","Cleave","Havoc"],"picked":"SKIP","floor":2.0},{"not_picked":["Hemokinesis","Cleave"],"picked":"Infernal Blade","floor":5.0},{"not_picked":["Shrug It Off","Iron Wave"],"picked":"Dropkick","floor":8.0},{"not_picked":["Cleave","Feel No Pain+1"],"picked":"Armaments","floor":12.0},{"not_picked":["Reckless Charge","Headbutt"],"picked":"Berserk+1","floor":13.0},{"not_picked":["Havoc","Bloodletting"],"picked":"Infernal Blade","floor":14.0},{"not_picked":["Offering","Fiend Fire"],"picked":"Feed","floor":16.0},{"not_picked":["Rampage+1","Hemokinesis+1"],"picked":"Perfected Strike","floor":18.0},{"not_picked":["Cleave+1","True Grit","Sword Boomerang"],"picked":"SKIP","floor":19.0},{"not_picked":["Warcry+1","Sword Boomerang"],"picked":"Shrug It Off","floor":22.0},{"not_picked":["Sword Boomerang","Twin Strike+1"],"picked":"Perfected Strike","floor":24.0}],"player_experience":199945,"relics_obtained":[{"floor":9.0,"key":"Frozen Egg 2"},{"floor":12.0,"key":"Pear"},{"floor":14.0,"key":"Boot"},{"floor":24.0,"key":"Vajra"}],"event_choices":[{"damage_healed":0.0,"max_hp_gain":0.0,"max_hp_loss":0.0,"gold_gain":0.0,"event_name":"Living Wall","player_choice":"Grow","floor":3.0,"gold_loss":0.0,"damage_taken":0.0,"cards_upgraded":["Perfected Strike"]},{"damage_healed":0.0,"max_hp_gain":0.0,"max_hp_loss":0.0,"gold_gain":0.0,"event_name":"Upgrade Shrine","player_choice":"Upgraded","floor":4.0,"gold_loss":0.0,"damage_taken":0.0,"cards_upgraded":["Bash"]},{"damage_healed":0.0,"max_hp_gain":0.0,"max_hp_loss":0.0,"gold_gain":0.0,"event_name":"The Woman in Blue","player_choice":"Bought 0 Potions","floor":7.0,"gold_loss":0.0,"damage_taken":0.0},{"cards_removed":["Defend_R"],"damage_healed":0.0,"max_hp_gain":0.0,"max_hp_loss":0.0,"gold_gain":0.0,"event_name":"Purifier","player_choice":"Purged","floor":10.0,"gold_loss":0.0,"damage_taken":0.0},{"damage_healed":0.0,"max_hp_gain":5.0,"max_hp_loss":0.0,"gold_gain":0.0,"event_name":"Forgotten Altar","player_choice":"Shed Blood","floor":20.0,"gold_loss":0.0,"damage_taken":24.0},{"cards_removed":["Defend_R"],"damage_healed":0.0,"max_hp_gain":0.0,"max_hp_loss":0.0,"gold_gain":0.0,"event_name":"Beggar","player_choice":"Gave Gold","floor":21.0,"gold_loss":75.0,"damage_taken":0.0}],"is_beta":false,"boss_relics":[{"not_picked":["Tiny House","Runic Pyramid"],"picked":"Eternal Feather"}],"items_purged_floors":[],"is_endless":false,"potions_floor_spawned":[5,8,13,16,19,24],"killed_by":"Sentry and Sphere","ascension_level":0}