{"path_per_floor":["M","?","M","M","M","E","M","R","T","R","M","E","M","?","R","B",null,"M","M","M","$","M"],"character_chosen":"IRONCLAD","items_purchased":["Shuriken"],"gold_per_floor":[117,117,128,141,152,177,195,195,195,195,212,246,257,207,207,311,311,322,341,355,29,47,47],"floor_reached":23,"campfire_rested":1,"playtime":2274,"item_purchase_floors":[21],"current_hp_per_floor":[80,80,80,80,75,59,55,55,55,55,55,45,36,36,60,20,80,74,51,34,34,23,0],"items_purged":["Dark Embrace"],"gold":47,"score":207,"play_id":"6f89f38f-b47d-4c9f-8902-83949d46c7c4","local_time":"20180529233906","is_prod":false,"is_daily":false,"chose_seed":false,"is_ascension_mode":false,"campfire_upgraded":2,"win_rate":0,"timestamp":1527655146,"campfire_choices":[{"data":"Corruption","floor":8,"key":"SMITH"},{"data":"Bash","floor":10,"key":"SMITH"},{"floor":15,"key":"REST"}],"path_taken":["M","?","M","M","M","E","M","R","T","R","M","E","?","?","R","BOSS","M","M","M","$","M","E"],"build_version":"2018-05-24","seed_source_timestamp":607728958314666,"purchased_purges":1,"victory":false,"master_deck":["Strike_R","Strike_R","Strike_R","Strike_R","Strike_R","Defend_R","Defend_R+1","Defend_R+1","Bash+1","Perfected Strike+1","Corruption+1","Perfected Strike","Twin Strike","Combust","Twin Strike","Seeing Red","Feed","Metallicize","Pommel Strike"],"max_hp_per_floor":[80,80,80,80,80,80,80,80,80,80,80,80,80,80,80,80,80,80,83,83,83,86,86],"relics":["Burning Blood","Boot","War Paint","Paper Frog","Question Card","Black Star","Shuriken"],"card_choices":[{"not_picked":["Sentinel","Warcry"],"picked":"Perfected Strike","floor":1},{"not_picked":["Clothesline","Whirlwind"],"picked":"Corruption","floor":3},{"not_picked":["True Grit","Second Wind"],"picked":"Perfected Strike","floor":4},{"not_picked":["Shrug It Off","Disarm"],"picked":"Twin Strike","floor":5},{"not_picked":["Shrug It Off","Uppercut"],"picked":"Combust","floor":6},{"not_picked":["Warcry","Reckless Charge"],"picked":"Twin Strike","floor":7},{"not_picked":["Ghostly Armor","Shrug It Off"],"picked":"Dark Embrace","floor":11},{"not_picked":["Flame Barrier","Intimidate","Whirlwind"],"picked":"SKIP","floor":12},{"not_picked":["Clothesline","Entrench","Burning Pact"],"picked":"Seeing Red","floor":13},{"not_picked":["Impervious","Fiend Fire","Barricade"],"picked":"Feed","floor":16},{"not_picked":["Heavy Blade","Clothesline","Wild Strike"],"picked":"Metallicize","floor":18},{"not_picked":["Flame Barrier","Shrug It Off+1","Body Slam","Uppercut+1"],"picked":"SKIP","floor":19},{"not_picked":["Rupture","Power Through","Evolve"],"picked":"Pommel Strike","floor":20},{"not_picked":["Clothesline","Shrug It Off","Headbutt","Intimidate"],"picked":"SKIP","floor":22}],"player_experience":62067,"potions_floor_usage":[5,6,12,12,16,16,23],"damage_taken":[{"damage":6,"enemies":"Jaw Worm","floor":1,"turns":4},{"damage":1,"enemies":"Cultist","floor":3,"turns":3},{"damage":0,"enemies":"2 Louse","floor":4,"turns":3},{"damage":11,"enemies":"Large Slime","floor":5,"turns":2},{"damage":30,"enemies":"3 Sentries","floor":6,"turns":7},{"damage":10,"enemies":"Lots of Slimes","floor":7,"turns":3},{"damage":6,"enemies":"Exordium Wildlife","floor":11,"turns":3},{"damage":16,"enemies":"Gremlin Nob","floor":12,"turns":3},{"damage":15,"enemies":"3 Louse","floor":13,"turns":3},{"damage":46,"enemies":"Hexaghost","floor":16,"turns":7},{"damage":12,"enemies":"Chosen","floor":18,"turns":3},{"damage":32,"enemies":"2 Thieves","floor":19,"turns":3},{"damage":23,"enemies":"Snake Plant","floor":20,"turns":4},{"damage":20,"enemies":"Chosen and Byrds","floor":22,"turns":5},{"damage":27,"enemies":"Slavers","floor":23,"turns":2}],"relics_obtained":[{"floor":6,"key":"War Paint"},{"floor":9,"key":"Paper Frog"},{"floor":12,"key":"Question Card"}],"event_choices":[{"event_name":"Upgrade Shrine","player_choice":"Upgraded","floor":2,"damage_taken":0},{"event_name":"The Cleric","player_choice":"Card Removal","floor":14,"damage_taken":0}],"boss_relics":[{"not_picked":["Black Blood","White Beast Statue"],"picked":"Black Star"}],"items_purged_floors":[21],"potions_floor_spawned":[1,5,7,11,12,13,22],"seed_played":"-3035416385421621700","killed_by":"Slavers","ascension_level":0,"potions_obtained":[{"floor":1,"key":"Strength Potion"},{"floor":5,"key":"BloodPotion"},{"floor":7,"key":"SkillPotion"},{"floor":11,"key":"AttackPotion"},{"floor":12,"key":"PowerPotion"},{"floor":13,"key":"EssenceOfSteel"},{"floor":22,"key":"LiquidBronze"}],"is_trial":false}