{"gold_per_floor":[116,135,310,321,335,365,365,395],"floor_reached":8,"playtime":402,"items_purged":[],"score":58,"play_id":"c74293f5-77c7-452c-9f40-e5f3b5d83e84","local_time":"20190212172640","is_ascension_mode":false,"campfire_choices":[{"data":"Echo Form","floor":7,"key":"SMITH"}],"neow_cost":"NONE","seed_source_timestamp":72889315671215,"circlet_count":0,"master_deck":["Strike_B","Strike_B","Strike_B","Defend_B","Defend_B","Defend_B","Defend_B","Zap","Dualcast","Cold Snap","Skim","Doubt","Echo Form+1"],"relics":["Cracked Core","Letter Opener"],"potions_floor_usage":[8],"damage_taken":[{"damage":4,"enemies":"Cultist","floor":1,"turns":4},{"damage":1,"enemies":"Jaw Worm","floor":2,"turns":4},{"damage":3,"enemies":"Small Slimes","floor":4,"turns":4},{"damage":11,"enemies":"Blue Slaver","floor":5,"turns":5},{"damage":27,"enemies":"3 Sentries","floor":6,"turns":11},{"damage":30,"enemies":"Lagavulin Event","floor":8,"turns":8}],"seed_played":"4458054639779122225","potions_obtained":[{"floor":2,"key":"SpeedPotion"},{"floor":4,"key":"Strength Potion"}],"is_trial":false,"path_per_floor":["M","M","?","M","M","E","R","?"],"character_chosen":"DEFECT","items_purchased":[],"campfire_rested":0,"item_purchase_floors":[],"current_hp_per_floor":[71,70,70,67,56,29,29,0],"gold":395,"neow_bonus":"REMOVE_CARD","is_prod":false,"is_daily":false,"chose_seed":false,"campfire_upgraded":1,"win_rate":0.0,"timestamp":1549981600,"path_taken":["M","?","?","M","M","E","R","?"],"build_version":"2019-01-23","purchased_purges":0,"victory":false,"max_hp_per_floor":[75,75,75,75,75,75,75,75],"card_choices":[{"not_picked":["Barrage","Coolheaded"],"picked":"Cold Snap","floor":1},{"not_picked":["Compile Driver","Ball Lightning"],"picked":"Skim","floor":2},{"not_picked":["Glacier","Go for the Eyes"],"picked":"Echo Form","floor":4},{"not_picked":["Barrage","Scrape","Glacier"],"picked":"SKIP","floor":5},{"not_picked":["Hologram","Streamline","Ball Lightning"],"picked":"SKIP","floor":6}],"player_experience":354794,"relics_obtained":[{"floor":6,"key":"Letter Opener"}],"event_choices":[{"damage_healed":0,"gold_gain":175,"player_choice":"AGREE","damage_taken":0,"max_hp_gain":0,"max_hp_loss":0,"event_name":"Liars Game","floor":3,"gold_loss":0,"cards_obtained":["Doubt"]},{"damage_healed":0,"gold_gain":30,"player_choice":"Searched \u00272\u0027 times","damage_taken":0,"max_hp_gain":0,"max_hp_loss":0,"event_name":"Dead Adventurer","floor":8,"gold_loss":0}],"is_beta":false,"boss_relics":[],"items_purged_floors":[],"is_endless":false,"potions_floor_spawned":[2,4],"killed_by":"Lagavulin Event","ascension_level":0}