{"gold_per_floor":[210,210,158,158,40,67,67,79,79,111,111,123,123,123,123,227,227,242,260,260,260,260],"floor_reached":22,"playtime":872,"items_purged":[],"score":190,"play_id":"a900e439-5ebe-4621-b55e-0b3e30a1795b","local_time":"20190212161303","is_ascension_mode":false,"campfire_choices":[{"floor":7.0,"key":"REST"},{"floor":11,"key":"REST"},{"floor":13,"key":"REST"},{"floor":15,"key":"REST"}],"neow_cost":"NONE","seed_source_timestamp":67979191754462,"circlet_count":0,"master_deck":["Strike_B","Strike_B","Strike_B","Defend_B+1","Defend_B","Defend_B","Defend_B","Zap","Dualcast","Loop","Ball Lightning","Self Repair","Gash","Recycle","Double Energy+1","Creative AI","BootSequence","Machine Learning","Force Field+1"],"special_seed":0,"relics":["Cracked Core","Dead Branch","Du-Vu Doll","Art of War","Philosopher\u0027s Stone","Kunai"],"potions_floor_usage":[],"damage_taken":[{"damage":6.0,"enemies":"Jaw Worm","floor":1.0,"turns":4.0},{"damage":41.0,"enemies":"Lagavulin","floor":6.0,"turns":6.0},{"damage":1.0,"enemies":"2 Louse","floor":8.0,"turns":2.0},{"damage":41,"enemies":"Gremlin Nob","floor":10,"turns":5},{"damage":18,"enemies":"Cultist","floor":12,"turns":6},{"damage":34,"enemies":"The Guardian","floor":16,"turns":10},{"damage":19,"enemies":"Spheric Guardian","floor":18,"turns":6},{"damage":13,"enemies":"2 Thieves","floor":19,"turns":4},{"damage":45,"enemies":"Cultist and Chosen","floor":22,"turns":4}],"seed_played":"-1428177114236840873","potions_obtained":[{"floor":4.0,"key":"FearPotion"},{"floor":4.0,"key":"SkillPotion"},{"floor":4.0,"key":"FearPotion"},{"floor":18,"key":"Ancient Potion"}],"is_trial":false,"path_per_floor":["M","?","$","?","$","E","R","M","T","E","R","M","R","?","R","B",null,"M","M","?","?","M"],"character_chosen":"DEFECT","items_purchased":["Ball Lightning","Self Repair","Gash"],"campfire_rested":4,"item_purchase_floors":[3,5,5],"current_hp_per_floor":[69,62,62,62,62,28,50,56,56,22,44,33,55,40,62,35,75,63,57,43,43,0],"gold":260,"neow_bonus":"HUNDRED_GOLD","is_prod":false,"is_daily":false,"chose_seed":false,"campfire_upgraded":0,"win_rate":0.0,"timestamp":1549977183,"path_taken":["M","?","$","?","$","E","R","?","T","E","R","M","R","?","R","BOSS","M","M","?","?","M"],"build_version":"2019-01-23","purchased_purges":0,"victory":false,"max_hp_per_floor":[75,75,75,75,75,75,75,75,75,75,75,75,75,75,75,75,75,75,75,80,80,80],"card_choices":[{"not_picked":["Ball Lightning","Coolheaded"],"picked":"Loop","floor":1.0},{"not_picked":["Cold Snap","Stack"],"picked":"Recycle","floor":6.0},{"not_picked":["Scrape","Stack"],"picked":"Double Energy","floor":8.0},{"not_picked":["Storm","Barrage"],"picked":"Creative AI","floor":10},{"not_picked":["Tempest","Leap"],"picked":"BootSequence","floor":12},{"not_picked":["Amplify","Seek"],"picked":"Machine Learning","floor":16},{"not_picked":["Doom and Gloom","Steam"],"picked":"Force Field+1","floor":18},{"not_picked":["Beam Cell","Undo+1","Leap"],"picked":"SKIP","floor":19}],"player_experience":349973,"relics_obtained":[{"floor":6.0,"key":"Dead Branch"},{"floor":9.0,"key":"Du-Vu Doll"},{"floor":10,"key":"Art of War"}],"event_choices":[{"cards_removed":["Strike_B"],"damage_healed":0.0,"max_hp_gain":0.0,"max_hp_loss":0.0,"gold_gain":0.0,"event_name":"Golden Wing","player_choice":"Card Removal","floor":2.0,"gold_loss":0.0,"damage_taken":7.0},{"damage_healed":0.0,"max_hp_gain":0.0,"max_hp_loss":0.0,"gold_gain":0.0,"event_name":"Lab","player_choice":"Got Potions","floor":4.0,"gold_loss":0.0,"damage_taken":0.0},{"damage_healed":0,"gold_gain":0,"player_choice":"Entered Light","damage_taken":15,"max_hp_gain":0,"max_hp_loss":0,"event_name":"Shining Light","floor":14,"gold_loss":0,"cards_upgraded":["Defend_B","Double Energy"]},{"damage_healed":0,"gold_gain":0,"player_choice":"Shed Blood","damage_taken":19,"max_hp_gain":5,"max_hp_loss":0,"event_name":"Forgotten Altar","floor":20,"gold_loss":0},{"damage_healed":0,"gold_gain":0,"player_choice":"Opened","damage_taken":0,"relics_obtained":["Kunai"],"max_hp_gain":0,"max_hp_loss":0,"event_name":"The Mausoleum","floor":21,"gold_loss":0}],"is_beta":false,"boss_relics":[{"not_picked":["Runic Dome","Coffee Dripper"],"picked":"Philosopher\u0027s Stone"}],"items_purged_floors":[],"is_endless":false,"potions_floor_spawned":[6,10,12,16,18],"killed_by":"Cultist and Chosen","ascension_level":0}