{"gold_per_floor":[364,50,65,79,99,99,24,24,71,148,181,200,234,223,223,294,294,313,30,30,34,46,46,79,79,104,304,322,48,67,77,77,77],"floor_reached":33,"playtime":2734,"items_purged":["Strike_G","Strike_G"],"score":460,"play_id":"a52a4451-597a-46ff-880a-711d7c8b4909","local_time":"20190212190243","is_ascension_mode":true,"campfire_choices":[{"data":"Glass Knife","floor":6.0,"key":"SMITH"},{"data":"Neutralize","floor":8.0,"key":"SMITH"},{"data":"Well Laid Plans","floor":15.0,"key":"SMITH"},{"data":"Footwork","floor":23,"key":"SMITH"},{"floor":25,"key":"REST"},{"floor":32,"key":"REST"}],"neow_cost":"PERCENT_DAMAGE","seed_source_timestamp":0,"circlet_count":0,"master_deck":["AscendersBane","Defend_G","Defend_G","Defend_G","Defend_G","Defend_G","Strike_G","Strike_G","Strike_G","Survivor","Neutralize+1","Flying Knee","Glass Knife+1","All Out Attack","Caltrops","PiercingWail","Well Laid Plans+1","Blur","Deflect","Adrenaline","Blur","Dodge and Roll","Footwork+1","Calculated Gamble","Caltrops"],"special_seed":0,"relics":["Ring of the Snake","Vajra","Potion Belt","Art of War","Blood Vial","Philosopher\u0027s Stone","Letter Opener","Pen Nib","Centennial Puzzle"],"potions_floor_usage":[18,22,33,33,33,33,33,33,33,33],"damage_taken":[{"damage":1.0,"enemies":"Small Slimes","floor":1.0,"turns":4.0},{"damage":0.0,"enemies":"Jaw Worm","floor":3.0,"turns":3.0},{"damage":0.0,"enemies":"Cultist","floor":4.0,"turns":2.0},{"damage":2.0,"enemies":"3 Louse","floor":5.0,"turns":3.0},{"damage":2.0,"enemies":"3 Sentries","floor":11.0,"turns":5.0},{"damage":2.0,"enemies":"Large Slime","floor":12.0,"turns":7.0},{"damage":4.0,"enemies":"Lagavulin","floor":13.0,"turns":5.0},{"damage":3.0,"enemies":"Exordium Thugs","floor":14.0,"turns":4.0},{"damage":4.0,"enemies":"Hexaghost","floor":16.0,"turns":11.0},{"damage":0,"enemies":"Spheric Guardian","floor":18,"turns":3},{"damage":1,"enemies":"2 Thieves","floor":21,"turns":4},{"damage":23,"enemies":"Chosen and Byrds","floor":22,"turns":5},{"damage":32,"enemies":"Slavers","floor":24,"turns":7},{"damage":4,"enemies":"Centurion and Healer","floor":28,"turns":9},{"damage":13,"enemies":"Snake Plant","floor":30,"turns":5},{"damage":0,"enemies":"3 Cultists","floor":31,"turns":5},{"damage":46,"enemies":"Champ","floor":33,"turns":19}],"seed_played":"2322971360242644701","potions_obtained":[{"floor":3.0,"key":"Fire Potion"},{"floor":5.0,"key":"AttackPotion"},{"floor":12.0,"key":"LiquidBronze"},{"floor":18,"key":"Fire Potion"},{"floor":30,"key":"AttackPotion"}],"is_trial":false,"path_per_floor":["M","$","M","M","M","R","$","R","T","?","E","M","E","M","R","B",null,"M","$","?","M","M","R","E","R","T","?","M","$","M","M","R","B"],"character_chosen":"THE_SILENT","items_purchased":["Vajra","Glass Knife","Letter Opener","Blur","GhostInAJar","EntropicBrew"],"campfire_rested":2,"item_purchase_floors":[2,2,19,19,29,29],"current_hp_per_floor":[44,44,44,44,42,42,42,42,42,42,40,38,34,33,33,31,60,62,62,62,63,42,42,12,33,33,33,31,31,20,22,43,0],"gold":77,"neow_bonus":"TWO_FIFTY_GOLD","is_prod":false,"is_daily":false,"chose_seed":false,"campfire_upgraded":4,"win_rate":0,"timestamp":1550023363,"path_taken":["M","$","M","M","M","R","$","R","T","?","E","M","E","M","R","BOSS","M","$","?","M","M","R","E","R","T","?","M","$","?","M","R","BOSS"],"build_version":"2019-01-23","purchased_purges":2,"victory":false,"max_hp_per_floor":[70,70,70,70,70,70,70,70,70,70,70,70,70,70,70,70,70,70,70,70,70,70,70,70,70,70,70,70,70,70,70,70,70],"card_choices":[{"not_picked":["Slice","Blade Dance"],"picked":"Flying Knee","floor":1.0},{"not_picked":["PiercingWail","Choke"],"picked":"All Out Attack","floor":3.0},{"not_picked":["Catalyst","Leg Sweep"],"picked":"Caltrops","floor":4.0},{"not_picked":["Endless Agony","Predator"],"picked":"PiercingWail","floor":5.0},{"not_picked":["Sucker Punch","Dagger Spray"],"picked":"Well Laid Plans","floor":11.0},{"not_picked":["Bane","Accuracy"],"picked":"Blur","floor":12.0},{"not_picked":["Terror","Storm of Steel"],"picked":"Deflect","floor":13.0},{"not_picked":["Flying Knee","Sucker Punch","Catalyst"],"picked":"SKIP","floor":14.0},{"not_picked":["Doppelganger","Night Terror"],"picked":"Adrenaline","floor":16.0},{"not_picked":["Dagger Spray","Dagger Throw","Predator"],"picked":"SKIP","floor":18},{"not_picked":["Flying Knee","Sucker Punch"],"picked":"Footwork","floor":21},{"not_picked":["Tactician","Dagger Throw","Dodge and Roll"],"picked":"SKIP","floor":22},{"not_picked":["Underhanded Strike","Flying Knee"],"picked":"Calculated Gamble","floor":24},{"not_picked":["Dodge and Roll","Cloak And Dagger","Bane+1"],"picked":"SKIP","floor":28},{"not_picked":["Leg Sweep+1","Quick Slash"],"picked":"Caltrops","floor":30},{"not_picked":["Accuracy","Underhanded Strike","Leg Sweep"],"picked":"SKIP","floor":31}],"player_experience":910261,"relics_obtained":[{"floor":9.0,"key":"Potion Belt"},{"floor":11.0,"key":"Art of War"},{"floor":13.0,"key":"Blood Vial"},{"floor":24,"key":"Pen Nib"},{"floor":26,"key":"Centennial Puzzle"}],"event_choices":[{"damage_healed":0.0,"max_hp_gain":0.0,"max_hp_loss":0.0,"gold_gain":77.0,"event_name":"Golden Wing","player_choice":"Gained Gold","floor":10.0,"gold_loss":0.0,"damage_taken":0.0},{"damage_healed":0,"gold_gain":0,"player_choice":"Read","damage_taken":0,"max_hp_gain":0,"max_hp_loss":0,"event_name":"The Library","floor":20,"gold_loss":0,"cards_obtained":["Dodge and Roll"]},{"damage_healed":0,"gold_gain":200,"player_choice":"Gold","damage_taken":0,"max_hp_gain":0,"max_hp_loss":0,"event_name":"Wheel of Change","floor":27,"gold_loss":0}],"is_beta":false,"boss_relics":[{"not_picked":["Sozu","Runic Pyramid"],"picked":"Philosopher\u0027s Stone"}],"items_purged_floors":[7,29],"is_endless":false,"potions_floor_spawned":[3,5,12,18,30],"killed_by":"Champ","ascension_level":13}