{"gold_per_floor":[118,44,44,60,70,70,70,70,119,132,132,160,160,173,173,274,274,286,286,298,409,65,65,83,83,83,113,113,113],"floor_reached":29,"playtime":762,"items_purged":["Wild Strike"],"score":330,"play_id":"9416d7b3-4435-480f-8e8d-f50f0a47e12f","local_time":"20190127010417","is_ascension_mode":true,"campfire_choices":[{"data":"Demon Form","floor":6,"key":"SMITH"},{"data":"Armaments","floor":8,"key":"SMITH"},{"data":"Metallicize","floor":11,"key":"SMITH"},{"data":"Disarm","floor":15,"key":"SMITH"},{"data":"Seeing Red","floor":23,"key":"SMITH"},{"data":"Flame Barrier","floor":25,"key":"SMITH"},{"data":"Ghostly Armor","floor":28,"key":"SMITH"}],"neow_cost":"TEN_PERCENT_HP_LOSS","seed_source_timestamp":5105092825236,"circlet_count":0,"master_deck":["Strike_R","Strike_R","Defend_R+1","Defend_R","Defend_R+1","Defend_R","Bash","Armaments+1","Metallicize+1","Twin Strike","Demon Form+1","Flame Barrier+1","Disarm+1","Seeing Red+1","Impervious","Shrug It Off+1","Ghostly Armor+1","Dark Shackles+1"],"relics":["Burning Blood","Champion Belt","Sundial","Blue Candle","Philosopher\u0027s Stone","MawBank","Medical Kit","War Paint","Omamori"],"potions_floor_usage":[16,27,29,29,29],"damage_taken":[{"damage":6,"enemies":"Jaw Worm","floor":1,"turns":4},{"damage":3,"enemies":"Small Slimes","floor":4,"turns":3},{"damage":6,"enemies":"2 Louse","floor":5,"turns":3},{"damage":0,"enemies":"Blue Slaver","floor":10,"turns":5},{"damage":23,"enemies":"3 Sentries","floor":12,"turns":7},{"damage":0,"enemies":"2 Fungi Beasts","floor":14,"turns":5},{"damage":34,"enemies":"Slime Boss","floor":16,"turns":7},{"damage":5,"enemies":"Shell Parasite","floor":18,"turns":6},{"damage":0,"enemies":"Chosen","floor":24,"turns":7},{"damage":0,"enemies":"Gremlin Leader","floor":27,"turns":6},{"damage":79,"enemies":"Slavers","floor":29,"turns":5}],"seed_played":"6460950542524058612","potions_obtained":[{"floor":4,"key":"Weak Potion"},{"floor":10,"key":"EssenceOfSteel"},{"floor":12,"key":"Fire Potion"},{"floor":18,"key":"GamblersBrew"},{"floor":27,"key":"BloodPotion"}],"is_trial":false,"path_per_floor":["M","$","?","M","M","R","T","R","T","M","R","E","?","M","R","B",null,"M","?","?","?","$","R","M","R","T","E","R","E"],"character_chosen":"IRONCLAD","items_purchased":["Metallicize","Medical Kit","Dark Shackles"],"campfire_rested":0,"item_purchase_floors":[2,22,22],"current_hp_per_floor":[72,72,58,61,61,61,61,61,61,67,67,50,43,49,49,21,59,60,60,60,60,60,60,66,66,66,72,72,0],"gold":113,"neow_bonus":"ONE_RARE_RELIC","is_prod":false,"is_daily":false,"chose_seed":false,"campfire_upgraded":7,"win_rate":0,"timestamp":1548561857,"path_taken":["M","$","?","M","M","R","?","R","T","M","R","E","?","M","R","BOSS","M","?","?","?","?","R","?","R","T","E","R","E"],"build_version":"2018-11-15","purchased_purges":1,"victory":false,"max_hp_per_floor":[72,72,72,72,72,72,72,72,72,72,72,72,72,72,72,72,72,72,72,72,72,72,72,72,72,72,72,72,72],"card_choices":[{"not_picked":["Shockwave","Wild Strike"],"picked":"Armaments","floor":1},{"not_picked":["Headbutt","Heavy Blade"],"picked":"Twin Strike","floor":4},{"not_picked":["Flex","Clash"],"picked":"Demon Form","floor":5},{"not_picked":["Burning Pact","Perfected Strike"],"picked":"Flame Barrier","floor":10},{"not_picked":["Immolate","Wild Strike"],"picked":"Disarm","floor":12},{"not_picked":["Clothesline","Corruption"],"picked":"Seeing Red","floor":14},{"not_picked":["Brutality","Immolate"],"picked":"Impervious","floor":16},{"not_picked":["Rampage","Burning Pact"],"picked":"Shrug It Off","floor":18},{"not_picked":["Warcry","Wild Strike","Cleave"],"picked":"SKIP","floor":24},{"not_picked":["Rage","Armaments","Shockwave"],"picked":"SKIP","floor":27}],"player_experience":37632,"relics_obtained":[{"floor":7,"key":"Sundial"},{"floor":12,"key":"Blue Candle"},{"floor":26,"key":"War Paint"},{"floor":27,"key":"Omamori"}],"event_choices":[{"damage_healed":0,"gold_gain":0,"player_choice":"Entered Light","damage_taken":14,"max_hp_gain":0,"max_hp_loss":0,"event_name":"Shining Light","floor":3,"gold_loss":0,"cards_upgraded":["Defend_R","Defend_R"]},{"cards_removed":["Strike_R"],"damage_healed":0,"gold_gain":0,"player_choice":"Card Removal","damage_taken":7,"max_hp_gain":0,"max_hp_loss":0,"event_name":"Golden Wing","floor":13,"gold_loss":0},{"damage_healed":0,"gold_gain":0,"player_choice":"Opened","damage_taken":0,"relics_obtained":["MawBank"],"max_hp_gain":0,"max_hp_loss":0,"event_name":"The Mausoleum","floor":19,"gold_loss":0},{"damage_healed":0,"gold_gain":0,"cards_transformed":["Strike_R","Strike_R"],"player_choice":"Became Test Subject","damage_taken":0,"max_hp_gain":0,"max_hp_loss":0,"event_name":"Drug Dealer","floor":20,"gold_loss":0,"cards_obtained":["Wild Strike","Ghostly Armor"]},{"damage_healed":0,"gold_gain":99,"player_choice":"Stole From Cult","damage_taken":0,"max_hp_gain":0,"max_hp_loss":0,"event_name":"Nest","floor":21,"gold_loss":0}],"is_beta":false,"boss_relics":[{"not_picked":["Busted Crown","Tiny House"],"picked":"Philosopher\u0027s Stone"}],"items_purged_floors":[22],"is_endless":false,"potions_floor_spawned":[4,10,12,18,27],"killed_by":"Slavers","ascension_level":5}