{"gold_per_floor":[110,120,136,150,54,54,82,97,97,112,82,82,82,92,92,196,196,215,215,225,152,152,152,182,182,182,182],"floor_reached":27,"playtime":1134,"items_purged":[],"score":258,"play_id":"28448167-e659-4e93-a019-048565a58aa2","local_time":"20190209174559","is_ascension_mode":false,"campfire_choices":[{"floor":6.0,"key":"REST"},{"floor":15.0,"key":"REST"},{"floor":23.0,"key":"REST"},{"floor":25,"key":"REST"}],"neow_cost":"NONE","seed_source_timestamp":72997396392132,"circlet_count":0,"master_deck":["Strike_R","Strike_R","Strike_R","Strike_R","Strike_R","Defend_R","Defend_R","Defend_R","Defend_R","Bash","Shrug It Off","Impervious","PanicButton","Battle Trance","Dark Embrace","Ghostly","Ghostly","Ghostly","Ghostly","Ghostly","Body Slam+1","Feel No Pain","Body Slam+1"],"special_seed":0,"relics":["Burning Blood","Pantograph","Charon\u0027s Ashes","Runic Cube","Molten Egg 2","Mango"],"potions_floor_usage":[],"damage_taken":[{"damage":1.0,"enemies":"Cultist","floor":1.0,"turns":3.0},{"damage":12.0,"enemies":"2 Louse","floor":2.0,"turns":4.0},{"damage":12.0,"enemies":"Jaw Worm","floor":3.0,"turns":4.0},{"damage":24.0,"enemies":"Exordium Thugs","floor":4.0,"turns":7.0},{"damage":52.0,"enemies":"Lagavulin","floor":7.0,"turns":10.0},{"damage":2.0,"enemies":"3 Louse","floor":8.0,"turns":6.0},{"damage":3.0,"enemies":"Red Slaver","floor":10.0,"turns":4.0},{"damage":2.0,"enemies":"Looter","floor":11.0,"turns":4.0},{"damage":13.0,"enemies":"3 Louse","floor":14.0,"turns":5.0},{"damage":70.0,"enemies":"Slime Boss","floor":16.0,"turns":15.0},{"damage":29.0,"enemies":"Chosen","floor":18.0,"turns":6.0},{"damage":24.0,"enemies":"Spheric Guardian","floor":20.0,"turns":8.0},{"damage":21,"enemies":"Slavers","floor":24,"turns":10},{"damage":8,"enemies":"Centurion and Healer","floor":27,"turns":5}],"seed_played":"-6298434175593478555","potions_obtained":[{"floor":1.0,"key":"SkillPotion"},{"floor":2.0,"key":"Strength Potion"},{"floor":10.0,"key":"Swift Potion"},{"floor":18.0,"key":"Explosive Potion"}],"is_trial":false,"path_per_floor":["M","M","M","M","$","R","E","M","T","M","M","?","$","M","R","B",null,"M","?","M","$","?","R","E","R","T","M"],"character_chosen":"IRONCLAD","items_purchased":["PanicButton","Feel No Pain"],"campfire_rested":4,"item_purchase_floors":[5,21],"current_hp_per_floor":[88,82,76,58,58,84,38,42,42,45,49,49,49,42,68,24,88,65,44,26,26,26,39,24,37,51,43],"gold":182,"neow_bonus":"TEN_PERCENT_HP_BONUS","is_prod":false,"is_daily":false,"chose_seed":false,"campfire_upgraded":0,"win_rate":0,"timestamp":1549723559,"path_taken":["M","M","M","M","$","R","E","?","T","M","M","?","$","M","R","BOSS","M","?","M","$","?","R","E","R","T","M"],"build_version":"2019-01-23","purchased_purges":0,"victory":false,"max_hp_per_floor":[88,88,88,88,88,88,88,88,88,88,88,88,88,88,88,88,88,88,44,44,44,44,44,44,44,58,58],"card_choices":[{"not_picked":["Feel No Pain","Inflame","Power Through"],"picked":"SKIP","floor":1.0},{"not_picked":["Sever Soul","Headbutt"],"picked":"Shrug It Off","floor":2.0},{"not_picked":["Twin Strike","Headbutt","Pommel Strike"],"picked":"SKIP","floor":3.0},{"not_picked":["Iron Wave","Feel No Pain"],"picked":"Impervious","floor":4.0},{"not_picked":["Pummel","Anger","Iron Wave"],"picked":"SKIP","floor":7.0},{"not_picked":["Clash","Heavy Blade","Body Slam"],"picked":"SKIP","floor":8.0},{"not_picked":["Inflame","Shrug It Off","Intimidate"],"picked":"SKIP","floor":10.0},{"not_picked":["Double Tap","Twin Strike","True Grit"],"picked":"SKIP","floor":11.0},{"not_picked":["Havoc","Perfected Strike"],"picked":"Battle Trance","floor":14.0},{"not_picked":["Reaper","Bludgeon"],"picked":"Dark Embrace","floor":16.0},{"not_picked":["Havoc","Iron Wave","Sword Boomerang"],"picked":"SKIP","floor":18.0},{"not_picked":["Seeing Red","Clothesline"],"picked":"Body Slam+1","floor":20.0},{"not_picked":["Fire Breathing","Hemokinesis"],"picked":"Body Slam","floor":24}],"player_experience":267344,"relics_obtained":[{"floor":7.0,"key":"Pantograph"},{"floor":9.0,"key":"Charon\u0027s Ashes"},{"floor":24,"key":"Molten Egg 2"},{"floor":26,"key":"Mango"}],"event_choices":[{"damage_healed":0.0,"max_hp_gain":0.0,"max_hp_loss":0.0,"gold_gain":0.0,"event_name":"Golden Wing","player_choice":"Ignored","floor":12.0,"gold_loss":0.0,"damage_taken":0.0},{"damage_healed":0.0,"max_hp_gain":0.0,"max_hp_loss":44.0,"gold_gain":0.0,"event_name":"Ghosts","player_choice":"Became a Ghost","floor":19.0,"gold_loss":0.0,"damage_taken":0.0,"cards_obtained":["Ghostly","Ghostly","Ghostly","Ghostly","Ghostly"]},{"damage_healed":0.0,"max_hp_gain":0.0,"max_hp_loss":0.0,"gold_gain":0.0,"event_name":"Beggar","player_choice":"Ignored","floor":22.0,"gold_loss":0.0,"damage_taken":0.0}],"is_beta":false,"boss_relics":[{"not_picked":["Empty Cage","Sozu"],"picked":"Runic Cube"}],"items_purged_floors":[],"is_endless":false,"potions_floor_spawned":[1,2,10,18],"killed_by":"Centurion and Healer","ascension_level":0}