{"gold_per_floor":[114,127,127,52,127,127,154,172,195,195,205,205,205,224,224,328,328,342,362,53,53,68,68,81,81,81,81,81,107,127,137,137,237,237,247,247,262,262,214,214,234,234,261,285,308,320],"floor_reached":46,"playtime":1423,"items_purged":["Defend_R"],"score":467,"play_id":"dc1b6cda-4930-4729-b292-65d369469bc0","local_time":"20190212124019","is_ascension_mode":false,"campfire_choices":[{"data":"Clash","floor":6.0,"key":"SMITH"},{"floor":10.0,"key":"REST"},{"floor":12.0,"key":"REST"},{"data":"Cleave","floor":15.0,"key":"SMITH"},{"floor":23.0,"key":"REST"},{"floor":25.0,"key":"REST"},{"data":"Shrug It Off","floor":27.0,"key":"SMITH"},{"floor":32.0,"key":"REST"},{"floor":40.0,"key":"REST"},{"floor":42.0,"key":"REST"}],"neow_cost":"NONE","seed_source_timestamp":54590913835854,"circlet_count":0,"master_deck":["Strike_R","Strike_R","Strike_R","Strike_R","Strike_R","Defend_R","Defend_R","Bash+1","Clash+1","Cleave+1","Clash+1","Clash","Shrug It Off+1","Flex","Clash","Wild Strike","Cleave+1"],"special_seed":0,"relics":["Burning Blood","Dream Catcher","Bronze Scales","Philosopher\u0027s Stone","Orichalcum","Blood Vial","PreservedInsect","Meat on the Bone","Gremlin Horn","Fusion Hammer","Singing Bowl","MawBank"],"potions_floor_usage":[],"damage_taken":[{"damage":6.0,"enemies":"Jaw Worm","floor":1.0,"turns":3.0},{"damage":10.0,"enemies":"Small Slimes","floor":2.0,"turns":3.0},{"damage":44.0,"enemies":"3 Sentries","floor":7.0,"turns":8.0},{"damage":6.0,"enemies":"2 Louse","floor":8.0,"turns":2.0},{"damage":8.0,"enemies":"Red Slaver","floor":11.0,"turns":2.0},{"damage":9.0,"enemies":"Exordium Wildlife","floor":14.0,"turns":3.0},{"damage":49.0,"enemies":"Hexaghost","floor":16.0,"turns":7.0},{"damage":28.0,"enemies":"3 Byrds","floor":18.0,"turns":3.0},{"damage":18.0,"enemies":"Shell Parasite","floor":19.0,"turns":3.0},{"damage":8.0,"enemies":"3 Cultists","floor":22.0,"turns":4.0},{"damage":33.0,"enemies":"Shelled Parasite and Fungi","floor":24.0,"turns":3.0},{"damage":19.0,"enemies":"Book of Stabbing","floor":29.0,"turns":3.0},{"damage":8.0,"enemies":"Snake Plant","floor":30.0,"turns":2.0},{"damage":17.0,"enemies":"Chosen and Byrds","floor":31.0,"turns":2.0},{"damage":64.0,"enemies":"Collector","floor":33.0,"turns":5.0},{"damage":10.0,"enemies":"3 Darklings","floor":35.0,"turns":4.0},{"damage":24.0,"enemies":"3 Shapes","floor":37.0,"turns":3.0},{"damage":19.0,"enemies":"Sphere and 2 Shapes","floor":41.0,"turns":4.0},{"damage":19.0,"enemies":"3 Darklings","floor":44.0,"turns":5.0},{"damage":21.0,"enemies":"4 Shapes","floor":45.0,"turns":2.0},{"damage":79,"enemies":"Nemesis","floor":46,"turns":4}],"seed_played":"-3479233728543905856","potions_obtained":[{"floor":1.0,"key":"Explosive Potion"},{"floor":8.0,"key":"PowerPotion"},{"floor":19.0,"key":"Swift Potion"},{"floor":24.0,"key":"Fire Potion"},{"floor":31.0,"key":"Explosive Potion"},{"floor":35.0,"key":"Poison Potion"},{"floor":44.0,"key":"AttackPotion"}],"is_trial":false,"path_per_floor":["M","M","?","$","?","R","E","M","T","R","M","R","?","M","R","B",null,"M","M","$","?","M","R","M","R","T","R","?","E","M","M","R","B",null,"M","T","M","?","$","R","M","R","T","M","M","E"],"character_chosen":"IRONCLAD","items_purchased":["Orichalcum","Blood Vial","Clash"],"campfire_rested":7,"item_purchase_floors":[20,20,39],"current_hp_per_floor":[80,76,76,76,65,65,27,27,27,51,49,73,73,70,70,27,80,58,46,46,46,46,70,45,69,69,69,69,58,58,49,73,29,80,76,76,62,64,64,84,73,88,88,75,64,0],"gold":320,"neow_bonus":"UPGRADE_CARD","is_prod":false,"is_daily":false,"chose_seed":false,"campfire_upgraded":3,"win_rate":0,"timestamp":1549964419,"path_taken":["M","M","?","$","?","R","E","M","T","R","M","R","?","M","R","BOSS","M","M","$","?","?","R","M","R","T","R","?","E","M","M","R","BOSS","M","?","M","?","$","R","M","R","T","M","M","E"],"build_version":"2019-01-23","purchased_purges":1,"victory":false,"max_hp_per_floor":[80,80,80,80,80,80,80,80,80,80,80,80,80,80,80,80,80,80,80,80,80,80,80,80,80,80,80,80,80,80,80,80,80,80,80,80,82,84,84,84,86,88,88,88,90,90],"card_choices":[{"not_picked":["Combust","Sword Boomerang"],"picked":"Clash","floor":1.0},{"not_picked":["Flame Barrier","Ghostly Armor","Sentinel"],"picked":"SKIP","floor":2.0},{"not_picked":["Power Through","Rampage","True Grit"],"picked":"SKIP","floor":7.0},{"not_picked":["Shockwave","Hemokinesis","Searing Blow"],"picked":"SKIP","floor":8.0},{"not_picked":["Havoc","Limit Break"],"picked":"Cleave","floor":11.0},{"not_picked":["Power Through","Rage","Infernal Blade"],"picked":"SKIP","floor":14.0},{"not_picked":["Havoc+1","Clothesline","Flame Barrier"],"picked":"SKIP","floor":18.0},{"not_picked":["Shockwave","Power Through","Disarm"],"picked":"SKIP","floor":19.0},{"not_picked":["Body Slam+1","Reckless Charge","Clothesline"],"picked":"SKIP","floor":22.0},{"not_picked":["Dropkick+1","Cleave"],"picked":"Clash","floor":23.0},{"not_picked":["Whirlwind","Havoc"],"picked":"Shrug It Off","floor":24.0},{"not_picked":["Rage","Ghostly Armor","True Grit"],"picked":"SKIP","floor":29.0},{"not_picked":["Evolve","Heavy Blade"],"picked":"Flex","floor":30.0},{"not_picked":["Evolve+1","Clothesline+1","Infernal Blade"],"picked":"SKIP","floor":31.0},{"not_picked":["Sever Soul","True Grit+1","Body Slam+1"],"picked":"SKIP","floor":35.0},{"not_picked":["Intimidate+1","Reckless Charge","Seeing Red+1"],"picked":"Singing Bowl","floor":37.0},{"not_picked":["Secret Technique","Bandage Up","Finesse"],"picked":"Singing Bowl","floor":38.0},{"not_picked":["Havoc","Sentinel"],"picked":"Wild Strike","floor":40.0},{"not_picked":["Armaments","Headbutt+1","Battle Trance+1"],"picked":"Singing Bowl","floor":41.0},{"not_picked":["Armaments","Evolve+1","Anger+1"],"picked":"Singing Bowl","floor":42.0},{"not_picked":["Thunderclap+1","Headbutt"],"picked":"Cleave+1","floor":44.0},{"not_picked":["Thunderclap","Burning Pact+1","Havoc"],"picked":"Singing Bowl","floor":45.0}],"player_experience":343357,"relics_obtained":[{"floor":7.0,"key":"Dream Catcher"},{"floor":9.0,"key":"Bronze Scales"},{"floor":26.0,"key":"PreservedInsect"},{"floor":29.0,"key":"Gremlin Horn"},{"floor":36.0,"key":"Singing Bowl"},{"floor":43.0,"key":"MawBank"}],"event_choices":[{"cards_removed":["Defend_R"],"damage_healed":0.0,"max_hp_gain":0.0,"max_hp_loss":0.0,"gold_gain":0.0,"event_name":"Living Wall","player_choice":"Forget","floor":3.0,"gold_loss":0.0,"damage_taken":0.0},{"damage_healed":0.0,"max_hp_gain":0.0,"max_hp_loss":0.0,"gold_gain":75.0,"event_name":"World of Goop","player_choice":"Gather Gold","floor":5.0,"gold_loss":0.0,"damage_taken":11.0},{"damage_healed":0.0,"max_hp_gain":0.0,"max_hp_loss":0.0,"gold_gain":0.0,"event_name":"Match and Keep!","player_choice":"0 cards matched","floor":13.0,"gold_loss":0.0,"damage_taken":0.0,"cards_obtained":[]},{"damage_healed":0.0,"max_hp_gain":0.0,"max_hp_loss":0.0,"gold_gain":0.0,"event_name":"Duplicator","player_choice":"Copied","floor":21.0,"gold_loss":0.0,"damage_taken":0.0,"cards_obtained":["Clash"]},{"damage_healed":0.0,"max_hp_gain":0.0,"max_hp_loss":0.0,"gold_gain":0.0,"event_name":"WeMeetAgain","player_choice":"Gave Potion","floor":28.0,"gold_loss":0.0,"damage_taken":0.0,"relics_obtained":["Meat on the Bone"]},{"damage_healed":0.0,"max_hp_gain":0.0,"max_hp_loss":0.0,"gold_gain":0.0,"event_name":"SensoryStone","player_choice":"Memory 1","floor":38.0,"gold_loss":0.0,"damage_taken":0.0}],"is_beta":false,"boss_relics":[{"not_picked":["Ectoplasm","Velvet Choker"],"picked":"Philosopher\u0027s Stone"},{"not_picked":["Mark of Pain","Orrery"],"picked":"Fusion Hammer"}],"items_purged_floors":[4],"is_endless":false,"potions_floor_spawned":[1,8,19,24,31,35,44],"killed_by":"Nemesis","ascension_level":0}