{"gold_per_floor":[109,109,109,121,121,121,2,2,2,19,19,19,19,19,19,115,115,95,106,132,151,151,151],"floor_reached":23,"playtime":1743,"items_purged":[],"score":186,"play_id":"64793d57-3940-49a0-8cc2-59b501f74fe3","local_time":"20180710211507","is_ascension_mode":true,"campfire_choices":[{"data":"Fusion","floor":6.0,"key":"SMITH"},{"data":"Defragment","floor":8.0,"key":"SMITH"},{"floor":15.0,"key":"REST"}],"neow_cost":"NONE","seed_source_timestamp":0,"circlet_count":0,"master_deck":["Strike_B","Strike_B","Strike_B","Defend_B","Defend_B","Defend_B","Defend_B","Zap+1","Dualcast","Go for the Eyes","Fusion+1","Darkness+1","Defragment+1","Multi-Cast","Loop+1","Consume"],"special_seed":0,"relics":["NlothsMask","Nuclear Battery","Bronze Scales","Nloth\u0027s Gift"],"potions_floor_usage":[],"damage_taken":[{"damage":2.0,"enemies":"2 Louse","floor":1.0,"turns":3.0},{"damage":0.0,"enemies":"Cultist","floor":4.0,"turns":4.0},{"damage":5.0,"enemies":"Jaw Worm","floor":10.0,"turns":4.0},{"damage":38.0,"enemies":"Slime Boss","floor":16.0,"turns":12.0},{"damage":25.0,"enemies":"2 Thieves","floor":18.0,"turns":4.0},{"damage":10,"enemies":"Shell Parasite","floor":19,"turns":4},{"damage":18,"enemies":"Snecko","floor":21,"turns":4},{"damage":33,"enemies":"Slavers","floor":23,"turns":2}],"seed_played":"4044855806957037047","potions_obtained":[],"is_trial":false,"path_per_floor":["M","?","$","M","$","R","$","R","T","M","?","?","?","?","R","B",null,"M","M","T","M","?"],"character_chosen":"DEFECT","items_purchased":["Darkness","Defragment"],"campfire_rested":1,"item_purchase_floors":[7,7],"current_hp_per_floor":[73,73,73,73,73,73,73,73,73,68,73,57,50,50,74,36,80,55,45,45,27,27,0],"gold":151,"neow_bonus":"BOSS_RELIC","is_prod":false,"is_daily":false,"chose_seed":false,"campfire_upgraded":2,"win_rate":0,"timestamp":1531275307,"path_taken":["M","?","$","M","$","R","$","R","T","M","?","?","?","?","R","BOSS","M","M","?","M","?","E"],"build_version":"2018-07-05","purchased_purges":0,"victory":false,"max_hp_per_floor":[75,75,75,75,75,75,75,75,75,75,80,80,80,80,80,80,80,80,80,80,80,80,80],"card_choices":[{"not_picked":["Beam Cell","Coolheaded"],"picked":"Go for the Eyes","floor":1.0},{"not_picked":["Glacier","Stack"],"picked":"Fusion","floor":4.0},{"not_picked":["FTL","Streamline","Static Discharge"],"picked":"SKIP","floor":10.0},{"not_picked":["Rainbow","Hyperbeam"],"picked":"Multi-Cast","floor":16.0},{"not_picked":["Beam Cell","Coolheaded"],"picked":"Loop+1","floor":18},{"not_picked":["Conserve Battery","Force Field","Chaos"],"picked":"SKIP","floor":19},{"not_picked":["Heatsinks","Aggregate"],"picked":"Consume","floor":21}],"player_experience":272724,"relics_obtained":[{"floor":20,"key":"Bronze Scales"}],"event_choices":[{"event_name":"FaceTrader","player_choice":"Trade","floor":2.0,"damage_taken":0.0},{"event_name":"Big Fish","player_choice":"Donut","floor":11.0,"damage_taken":0.0},{"event_name":"Shining Light","player_choice":"Entered Light","floor":12.0,"damage_taken":0.0},{"event_name":"Golden Wing","player_choice":"Card Removal","floor":13.0,"damage_taken":0.0},{"event_name":"Liars Game","player_choice":"disagreed","floor":14.0,"damage_taken":0.0},{"event_name":"N\u0027loth","player_choice":"Traded a Sozu","floor":22,"damage_taken":0}],"boss_relics":[{"not_picked":["White Beast Statue","Lizard Tail"],"picked":"Nuclear Battery"}],"items_purged_floors":[],"is_endless":false,"potions_floor_spawned":[4,10,18],"killed_by":"Slavers","ascension_level":1}