{"gold_per_floor":[215,165,240,259,277,302,302,318,318,48,67,86,86,112,112,215,215,229,329,348,365,280,280,280,102,102,102,136,136,61,61,61,163,163,181,191,204,304,179,179],"floor_reached":40,"playtime":4437,"items_purged":["Strike_G","Strike_G","Defend_G"],"score":580,"play_id":"c6f30718-e2cb-4d7b-bf78-28026b164adc","local_time":"20190130144915","is_ascension_mode":true,"campfire_choices":[{"floor":7,"key":"REST"},{"floor":13,"key":"REST"},{"data":"Survivor","floor":15,"key":"SMITH"},{"data":"After Image","floor":23,"key":"SMITH"},{"floor":24,"key":"REST"},{"floor":27,"key":"REST"},{"floor":32,"key":"REST"}],"neow_cost":"NONE","seed_source_timestamp":246257294515171,"circlet_count":0,"master_deck":["Defend_G","Defend_G","Defend_G","Defend_G","Survivor+1","Neutralize","Quick Slash","Slice","Deadly Poison","The Bomb+1","Catalyst+1","Leg Sweep+1","After Image+1","Backflip+1","Cloak And Dagger+1","Leg Sweep+1","Calculated Gamble+1","Accuracy+1","Skewer","Storm of Steel+1","Prepared+1"],"relics":["Ring of the Snake","Whetstone","Toxic Egg 2","Ginger","Sozu","WingedGreaves","Orichalcum","Mummified Hand","Bird Faced Urn"],"potions_floor_usage":[6,11,21],"damage_taken":[{"damage":1,"enemies":"Small Slimes","floor":1,"turns":4},{"damage":0,"enemies":"2 Louse","floor":4,"turns":4},{"damage":6,"enemies":"Cultist","floor":5,"turns":5},{"damage":24,"enemies":"Gremlin Nob","floor":6,"turns":5},{"damage":5,"enemies":"Red Slaver","floor":8,"turns":4},{"damage":0,"enemies":"Gremlin Gang","floor":11,"turns":4},{"damage":3,"enemies":"Looter","floor":12,"turns":3},{"damage":7,"enemies":"3 Sentries","floor":14,"turns":3},{"damage":49,"enemies":"The Guardian","floor":16,"turns":10},{"damage":15,"enemies":"2 Thieves","floor":18,"turns":5},{"damage":1,"enemies":"Shell Parasite","floor":20,"turns":5},{"damage":4,"enemies":"Centurion and Healer","floor":21,"turns":3},{"damage":19,"enemies":"Book of Stabbing","floor":28,"turns":8},{"damage":29,"enemies":"Collector","floor":33,"turns":10},{"damage":1,"enemies":"3 Shapes","floor":35,"turns":4},{"damage":12,"enemies":"3 Darklings","floor":36,"turns":3},{"damage":19,"enemies":"Maw","floor":37,"turns":9},{"damage":0,"enemies":"Mind Bloom Boss Battle","floor":38,"turns":7},{"damage":38,"enemies":"Nemesis","floor":40,"turns":11}],"seed_played":"6650502351861507552","potions_obtained":[{"floor":4,"key":"SteroidPotion"},{"floor":6,"key":"GhostInAJar"},{"floor":16,"key":"SkillPotion"}],"is_trial":false,"path_per_floor":["M","?","?","M","M","E","R","M","T","$","M","M","R","E","R","B",null,"M","?","M","M","?","R","R","$","T","R","E","?","?","?","R","B",null,"M","M","M","?","$","E"],"character_chosen":"THE_SILENT","items_purchased":["The Bomb+1","Calculated Gamble+1"],"campfire_rested":5,"item_purchase_floors":[10,25],"current_hp_per_floor":[62,62,55,55,49,25,46,41,41,41,41,38,59,52,52,3,53,38,38,37,33,33,33,54,54,54,70,51,38,38,38,60,31,64,63,51,32,32,32,0],"gold":179,"neow_bonus":"HUNDRED_GOLD","is_prod":false,"is_daily":false,"chose_seed":false,"campfire_upgraded":2,"win_rate":0,"timestamp":1548881355,"path_taken":["M","?","?","?","M","E","R","M","T","$","M","M","R","E","R","BOSS","M","?","?","M","?","R","R","$","T","R","E","?","?","?","R","BOSS","M","M","?","?","$","E"],"build_version":"2019-01-23","purchased_purges":3,"victory":false,"max_hp_per_floor":[70,70,70,70,70,70,70,70,70,70,70,70,70,70,70,70,70,70,70,70,70,70,70,70,70,70,70,70,75,75,75,75,75,75,75,75,75,75,75,75],"card_choices":[{"not_picked":["Sucker Punch","PiercingWail","Bane"],"picked":"SKIP","floor":1},{"not_picked":["Prepared","Tactician"],"picked":"Quick Slash","floor":4},{"not_picked":["Eviscerate","Underhanded Strike","Sucker Punch"],"picked":"SKIP","floor":5},{"not_picked":["Blade Dance","Prepared"],"picked":"Slice","floor":6},{"not_picked":["Concentrate","Dagger Throw"],"picked":"Deadly Poison","floor":8},{"not_picked":["Poisoned Stab","Accuracy","Eviscerate"],"picked":"SKIP","floor":11},{"not_picked":["Poisoned Stab","Reflex+1"],"picked":"Catalyst+1","floor":12},{"not_picked":["Distraction+1","Dagger Spray"],"picked":"Leg Sweep+1","floor":14},{"not_picked":["Bullet Time+1","Corpse Explosion+1"],"picked":"After Image","floor":16},{"not_picked":["Acrobatics+1","Outmaneuver+1"],"picked":"Backflip+1","floor":18},{"not_picked":["Bane","Dash"],"picked":"Cloak And Dagger+1","floor":20},{"not_picked":["Eviscerate","Poisoned Stab"],"picked":"Leg Sweep+1","floor":21},{"not_picked":["Slice","Dash"],"picked":"Accuracy+1","floor":28},{"not_picked":["Phantasmal Killer+1","Bullet Time+1"],"picked":"Storm of Steel+1","floor":33},{"not_picked":["Deadly Poison+1","Acrobatics+1"],"picked":"Prepared+1","floor":35},{"not_picked":["Riddle With Holes+1","Slice+1","Quick Slash+1"],"picked":"SKIP","floor":36},{"not_picked":["Dagger Spray+1","Blade Dance+1","Deflect+1"],"picked":"SKIP","floor":37}],"player_experience":471160,"relics_obtained":[{"floor":6,"key":"Whetstone"},{"floor":9,"key":"Toxic Egg 2"},{"floor":14,"key":"Ginger"},{"floor":26,"key":"Orichalcum"},{"floor":28,"key":"Mummified Hand"},{"floor":38,"key":"Bird Faced Urn"}],"event_choices":[{"cards_removed":["Strike_G"],"damage_healed":0,"gold_gain":0,"player_choice":"Card Removal","damage_taken":0,"max_hp_gain":0,"max_hp_loss":0,"event_name":"The Cleric","floor":2,"gold_loss":50},{"damage_healed":0,"gold_gain":75,"player_choice":"Touch","damage_taken":7,"max_hp_gain":0,"max_hp_loss":0,"event_name":"FaceTrader","floor":3,"gold_loss":0},{"damage_healed":0,"gold_gain":100,"player_choice":"Pray","damage_taken":0,"max_hp_gain":0,"max_hp_loss":0,"event_name":"Golden Shrine","floor":19,"gold_loss":0},{"damage_healed":0,"gold_gain":0,"player_choice":"Obtained Relic","damage_taken":0,"relics_obtained":["WingedGreaves"],"max_hp_gain":0,"max_hp_loss":0,"event_name":"Addict","floor":22,"gold_loss":85},{"damage_healed":0,"gold_gain":0,"player_choice":"Shed Blood","damage_taken":18,"max_hp_gain":5,"max_hp_loss":0,"event_name":"Forgotten Altar","floor":29,"gold_loss":0},{"cards_removed":["Strike_G"],"damage_healed":0,"gold_gain":0,"player_choice":"Gave Gold","damage_taken":0,"max_hp_gain":0,"max_hp_loss":0,"event_name":"Beggar","floor":30,"gold_loss":75},{"damage_healed":0,"gold_gain":0,"cards_transformed":["Strike_G"],"player_choice":"Transformed","damage_taken":0,"max_hp_gain":0,"max_hp_loss":0,"event_name":"Transmorgrifier","floor":31,"gold_loss":0,"cards_obtained":["Skewer"]},{"damage_healed":0,"gold_gain":0,"player_choice":"Fight","damage_taken":0,"max_hp_gain":0,"max_hp_loss":0,"event_name":"MindBloom","floor":38,"gold_loss":0}],"is_beta":false,"boss_relics":[{"not_picked":["Pandora\u0027s Box","Eternal Feather"],"picked":"Sozu"},{"not_picked":["Calling Bell","Snecko Eye","Runic Dome"]}],"items_purged_floors":[10,25,39],"is_endless":false,"potions_floor_spawned":[4,6,16,28,33,35],"killed_by":"Nemesis","ascension_level":8}