{"gold_per_floor":[116,126,201,218,218,218,253,253,277,21,40,58,58,91,91,165,165,183,150,249,264,264],"floor_reached":22,"playtime":1343,"items_purged":[],"score":323,"play_id":"ee0d8d05-65fd-4aa5-b396-80f5383812a8","local_time":"20190212194420","is_ascension_mode":true,"campfire_choices":[{"floor":6,"key":"REST"},{"data":"Corpse Explosion","floor":8,"key":"SMITH"},{"floor":13,"key":"REST"},{"data":"Noxious Fumes","floor":15,"key":"SMITH"}],"neow_cost":"NONE","seed_source_timestamp":92225117515900,"circlet_count":0,"master_deck":["AscendersBane","Defend_G","Defend_G","Defend_G","Defend_G","Defend_G","Strike_G","Strike_G","Strike_G","Strike_G","Strike_G","Survivor","Neutralize","Venomology","Flying Knee","Corpse Explosion+1","Footwork","Terror","Noxious Fumes+1","Caltrops","Die Die Die","Malaise","Catalyst","Dodge and Roll"],"relics":["Ring of the Snake","Regal Pillow","Oddly Smooth Stone","Omamori","PreservedInsect","Letter Opener","Cursed Key"],"potions_floor_usage":[2,4,7,7,7,12,14,16,18,19,21,22,22],"damage_taken":[{"damage":1,"enemies":"Small Slimes","floor":1,"turns":4},{"damage":4,"enemies":"Jaw Worm","floor":2,"turns":3},{"damage":0,"enemies":"2 Louse","floor":4,"turns":1},{"damage":30,"enemies":"Lagavulin","floor":7,"turns":11},{"damage":5,"enemies":"Looter","floor":11,"turns":3},{"damage":8,"enemies":"Lots of Slimes","floor":12,"turns":3},{"damage":6,"enemies":"Gremlin Nob","floor":14,"turns":4},{"damage":40,"enemies":"Hexaghost","floor":16,"turns":11},{"damage":8,"enemies":"3 Byrds","floor":18,"turns":2},{"damage":39,"enemies":"2 Thieves","floor":19,"turns":5},{"damage":9,"enemies":"Centurion and Healer","floor":21,"turns":6},{"damage":3,"enemies":"Snake Plant","floor":22,"turns":2}],"seed_played":"618398411698027715","potions_obtained":[{"floor":1,"key":"Poison Potion"},{"floor":7,"key":"EssenceOfSteel"},{"floor":11,"key":"Dexterity Potion"},{"floor":14,"key":"FearPotion"},{"floor":19,"key":"PowerPotion"},{"floor":21,"key":"AttackPotion"}],"is_trial":false,"path_per_floor":["M","M","?","M","?","R","E","R","T","$","M","M","R","E","R","B",null,"M","M","?","M","M"],"character_chosen":"THE_SILENT","items_purchased":["Footwork","PreservedInsect","Terror"],"campfire_rested":2,"item_purchase_floors":[10,10,10],"current_hp_per_floor":[62,58,47,47,35,70,40,40,40,40,35,27,63,57,57,17,57,49,10,10,1,0],"gold":264,"neow_bonus":"ONE_RANDOM_RARE_CARD","is_prod":false,"is_daily":false,"chose_seed":false,"campfire_upgraded":2,"win_rate":0,"timestamp":1550025860,"path_taken":["M","M","?","M","?","R","E","R","T","$","M","M","R","E","R","BOSS","M","M","?","M","M"],"build_version":"2019-01-23","purchased_purges":0,"victory":false,"max_hp_per_floor":[70,70,70,70,70,70,70,70,70,70,70,70,70,70,70,70,70,70,70,70,70,70],"card_choices":[{"not_picked":["Sucker Punch","Outmaneuver"],"picked":"Flying Knee","floor":1},{"not_picked":["Distraction","Choke","Flying Knee"],"picked":"SKIP","floor":2},{"not_picked":["Deadly Poison","Flying Knee","Blur"],"picked":"SKIP","floor":4},{"not_picked":["Dagger Spray","Poisoned Stab"],"picked":"Corpse Explosion","floor":7},{"not_picked":["Dash","Prepared"],"picked":"Noxious Fumes","floor":11},{"not_picked":["Concentrate","All Out Attack"],"picked":"Caltrops","floor":12},{"not_picked":["Envenom","Masterful Stab"],"picked":"Die Die Die","floor":14},{"not_picked":["Venomology","Storm of Steel"],"picked":"Malaise","floor":16},{"not_picked":["Poisoned Stab","Underhanded Strike"],"picked":"Catalyst","floor":18},{"not_picked":["Bane","Cloak And Dagger"],"picked":"Dodge and Roll","floor":19},{"not_picked":["Finisher","Heel Hook","Skewer+1"],"picked":"SKIP","floor":21}],"player_experience":912995,"relics_obtained":[{"floor":7,"key":"Oddly Smooth Stone"},{"floor":9,"key":"Omamori"},{"floor":14,"key":"Letter Opener"}],"event_choices":[{"damage_healed":0,"gold_gain":75,"player_choice":"Gather Gold","damage_taken":11,"max_hp_gain":0,"max_hp_loss":0,"event_name":"World of Goop","floor":3,"gold_loss":0},{"damage_healed":0,"gold_gain":0,"player_choice":"Success","damage_taken":12,"relics_obtained":["Regal Pillow"],"max_hp_gain":0,"max_hp_loss":0,"event_name":"Scrap Ooze","floor":5,"gold_loss":0},{"damage_healed":0,"gold_gain":99,"player_choice":"Stole From Cult","damage_taken":0,"max_hp_gain":0,"max_hp_loss":0,"event_name":"Nest","floor":20,"gold_loss":0}],"is_beta":false,"boss_relics":[{"not_picked":["Runic Dome","Ring of the Serpent"],"picked":"Cursed Key"}],"items_purged_floors":[],"is_endless":false,"potions_floor_spawned":[1,7,11,14,16,19,21],"killed_by":"Snake Plant","ascension_level":13}