{"path_per_floor":["M","?","M","?","M","R","E","R","T","?","R","E","M","M","R","B",null,"M","?","M","$","?","R","?"],"character_chosen":"DEFECT","items_purchased":["Pear","War Paint"],"gold_per_floor":[115,65,85,85,98,98,132,132,184,252,252,283,296,315,315,443,443,467,467,485,20,20,20,20,20],"floor_reached":25,"campfire_rested":4,"playtime":3507,"item_purchase_floors":[21,21],"current_hp_per_floor":[74,74,73,55,55,55,39,61,61,34,56,42,40,40,62,36,75,28,28,5,15,15,40,40,0],"items_purged":["Strike_B"],"gold":20,"score":211,"play_id":"cbb8c182-028f-4e14-9703-da59dbb47c29","local_time":"20180603105204","is_prod":false,"is_daily":false,"chose_seed":false,"is_ascension_mode":false,"campfire_upgraded":1,"win_rate":0.0,"timestamp":1528041124,"campfire_choices":[{"data":"Zap","floor":6.0,"key":"SMITH"},{"floor":8.0,"key":"REST"},{"floor":11.0,"key":"REST"},{"floor":15.0,"key":"REST"},{"floor":23,"key":"REST"}],"path_taken":["M","?","?","?","M","R","E","R","T","?","R","E","M","M","R","BOSS","M","?","M","$","?","R","?","M"],"build_version":"2018-05-31","seed_source_timestamp":0,"purchased_purges":1,"victory":false,"master_deck":["Strike_B","Strike_B","Strike_B","Defend_B","Defend_B+1","Defend_B","Zap+1","Dualcast","Auto Shields","Reprogram+1","Capacitor","Fission+1","Ball Lightning","Creative AI","Creative AI"],"max_hp_per_floor":[75,75,75,75,75,75,75,75,75,75,75,75,75,75,75,75,75,75,75,75,85,85,85,85,85],"relics":["Cracked Core","Bag of Marbles","Bloody Idol","Omamori","Gambling Chip","Toxic Egg 2","Sozu","Nloth\u0027s Gift","Pear","War Paint","Vajra"],"card_choices":[{"not_picked":["Coolheaded","Barrage"],"picked":"Auto Shields","floor":1.0},{"not_picked":["Compile Driver","Stack","Barrage"],"picked":"SKIP","floor":3.0},{"not_picked":["Compile Driver","Stack","Steam Power"],"picked":"SKIP","floor":5.0},{"not_picked":["Go for the Eyes","Biased Cognition"],"picked":"Reprogram","floor":7.0},{"not_picked":["Streamline","Tempest"],"picked":"Capacitor","floor":10.0},{"not_picked":["Loop","FTL"],"picked":"Fission","floor":12.0},{"not_picked":["Stack+1","Blizzard"],"picked":"Ball Lightning","floor":13.0},{"not_picked":["Compile Driver","Coolheaded+1"],"picked":"Creative AI","floor":14.0},{"not_picked":["Rainbow+1","Amplify+1"],"picked":"Creative AI","floor":16.0},{"not_picked":["Conserve Battery+1","Redo+1","Barrage"],"picked":"SKIP","floor":18.0},{"not_picked":["Blizzard","Streamline+1","Beam Cell"],"picked":"SKIP","floor":20}],"player_experience":81475,"potions_floor_usage":[25,25],"damage_taken":[{"damage":1.0,"enemies":"2 Louse","floor":1.0,"turns":2.0},{"damage":1.0,"enemies":"Jaw Worm","floor":3.0,"turns":3.0},{"damage":0.0,"enemies":"Cultist","floor":5.0,"turns":3.0},{"damage":16.0,"enemies":"Lagavulin","floor":7.0,"turns":8.0},{"damage":27.0,"enemies":"3 Sentries","floor":10.0,"turns":7.0},{"damage":14.0,"enemies":"3 Sentries","floor":12.0,"turns":8.0},{"damage":2.0,"enemies":"3 Louse","floor":13.0,"turns":3.0},{"damage":0.0,"enemies":"Looter","floor":14.0,"turns":2.0},{"damage":26.0,"enemies":"Hexaghost","floor":16.0,"turns":9.0},{"damage":47.0,"enemies":"3 Byrds","floor":18.0,"turns":4.0},{"damage":0.0,"enemies":"Chosen","floor":19.0,"turns":5.0},{"damage":23,"enemies":"Chosen","floor":20,"turns":7},{"damage":42,"enemies":"Slaver and Parasite","floor":25,"turns":4}],"relics_obtained":[{"floor":7.0,"key":"Potion Belt"},{"floor":9.0,"key":"Omamori"},{"floor":12.0,"key":"Toxic Egg 2"}],"event_choices":[{"event_name":"The Cleric","player_choice":"Card Removal","floor":2.0,"damage_taken":0.0},{"event_name":"Golden Idol","player_choice":"Take Damage","floor":4.0,"damage_taken":0.0},{"event_name":"Dead Adventurer","player_choice":"Searched \u00273\u0027 times","floor":10.0,"damage_taken":0.0},{"event_name":"N\u0027loth","player_choice":"Traded a Potion Belt","floor":19,"damage_taken":0},{"event_name":"The Mausoleum","player_choice":"Yes","floor":22,"damage_taken":0},{"event_name":"Forgotten Altar","player_choice":"Gave Idol","floor":24,"damage_taken":0}],"boss_relics":[],"items_purged_floors":[21],"potions_floor_spawned":[3,7,10,14],"seed_played":"300044690637493640","killed_by":"Slaver and Parasite","ascension_level":0,"potions_obtained":[{"floor":3.0,"key":"Dexterity Potion"},{"floor":7.0,"key":"SneckoOil"},{"floor":10.0,"key":"AttackPotion"},{"floor":14.0,"key":"FearPotion"}],"is_trial":false}