{"gold_per_floor":[119,136,156,156,156,188,205,205,231,231,310,321,343,343,343,439,439,453,467,487,507,507,507,526,20,20,20,39,54,67,86,86,181,181,194,194,208,168,0,0,23,39,119,119,151,77,88,143,143,143],"floor_reached":51,"playtime":5954,"items_purged":["Regret"],"score":881,"play_id":"dd18bd2d-cd63-46e1-880c-02a1a6845600","local_time":"20180716000210","is_ascension_mode":false,"campfire_choices":[{"floor":8.0,"key":"REST"},{"floor":10.0,"key":"REST"},{"floor":15.0,"key":"REST"},{"floor":23.0,"key":"REST"},{"floor":27.0,"key":"REST"},{"floor":32.0,"key":"REST"},{"floor":40.0,"key":"REST"},{"floor":49.0,"key":"REST"}],"neow_cost":"NONE","seed_source_timestamp":711762945346523,"circlet_count":0,"master_deck":["Defend_G","Defend_G","Defend_G+1","Defend_G+1","Defend_G","Strike_G","Strike_G","Strike_G","Strike_G+1","Strike_G","Survivor","Neutralize","Flying Knee","Deadly Poison","All Out Attack+1","Leg Sweep","Backstab+1","Catalyst","Backflip","Riddle With Holes","After Image","Flying Knee","Dash","Adrenaline","Deadly Poison+1","Dagger Throw","Bane","Deadly Poison+1","PiercingWail","Outmaneuver","Infinite Blades","Blade Dance","Poisoned Stab","Dagger Spray","Dagger Throw+1","Dodge and Roll+1","Poisoned Stab+1","Crippling Poison","Bullet Time","Die Die Die","Infinite Blades+1","Deflect+1","Dagger Spray","Noxious Fumes","Underhanded Strike+1","Underhanded Strike+1","Dodge and Roll","Outmaneuver","Terror+1"],"special_seed":17727,"relics":["Ring of the Snake","Dream Catcher","Vajra","Whetstone","Odd Mushroom","Lizard Tail","Bronze Scales","Bird Faced Urn","Busted Crown","Thread and Needle","Red Mask","Regal Pillow","Singing Bowl","Blue Candle","Gambling Chip"],"potions_floor_usage":[50,50,50],"damage_taken":[{"damage":0.0,"enemies":"Cultist","floor":1.0,"turns":4.0},{"damage":0.0,"enemies":"Jaw Worm","floor":2.0,"turns":4.0},{"damage":0.0,"enemies":"2 Louse","floor":3.0,"turns":3.0},{"damage":34.0,"enemies":"Gremlin Nob","floor":6.0,"turns":6.0},{"damage":13.0,"enemies":"Large Slime","floor":7.0,"turns":5.0},{"damage":9.0,"enemies":"Exordium Wildlife","floor":12.0,"turns":5.0},{"damage":24.0,"floor":13.0,"turns":3.0},{"damage":17.0,"enemies":"Hexaghost","floor":16.0,"turns":12.0},{"damage":7.0,"enemies":"Spheric Guardian","floor":18.0,"turns":7.0},{"damage":3.0,"enemies":"3 Byrds","floor":19.0,"turns":6.0},{"damage":18.0,"enemies":"3 Cultists","floor":20.0,"turns":7.0},{"damage":26.0,"enemies":"Snake Plant","floor":21.0,"turns":3.0},{"damage":15.0,"enemies":"Snecko","floor":24.0,"turns":5.0},{"damage":32.0,"enemies":"Sentry and Sphere","floor":28.0,"turns":6.0},{"damage":12.0,"enemies":"Centurion and Healer","floor":29.0,"turns":6.0},{"damage":6.0,"enemies":"3 Cultists","floor":30.0,"turns":5.0},{"damage":0.0,"enemies":"Snecko","floor":31.0,"turns":4.0},{"damage":73.0,"enemies":"Collector","floor":33.0,"turns":11.0},{"damage":1.0,"enemies":"Orb Walker","floor":35.0,"turns":4.0},{"damage":25.0,"floor":36.0,"turns":6.0},{"damage":9.0,"enemies":"3 Shapes","floor":37.0,"turns":4.0},{"damage":8.0,"enemies":"Flame Bruiser 2 Orb","floor":42.0,"turns":6.0},{"damage":13.0,"enemies":"Nemesis","floor":45.0,"turns":7.0},{"damage":0.0,"enemies":"3 Darklings","floor":47.0,"turns":5.0},{"damage":13.0,"floor":48.0,"turns":4.0},{"damage":76,"enemies":"Awakened One","floor":50,"turns":14}],"seed_played":"-8784337689918393216","potions_obtained":[{"floor":1.0,"key":"Regen Potion"},{"floor":7.0,"key":"Energy Potion"},{"floor":12.0,"key":"Dexterity Potion"},{"floor":24.0,"key":"SpeedPotion"},{"floor":29.0,"key":"Poison Potion"},{"floor":30.0,"key":"SteroidPotion"},{"floor":33.0,"key":"Fruit Juice"},{"floor":35.0,"key":"EssenceOfSteel"},{"floor":45.0,"key":"Poison Potion"},{"floor":47.0,"key":"Strength Potion"}],"is_trial":false,"path_per_floor":["M","M","M","?","?","E","M","R","T","R","?","M","?","?","R","B",null,"M","M","M","M","?","R","M","$","T","R","M","M","M","M","R","B",null,"M","?","M","$","?","R","T","M","T","?","E","$","M","?","R","B"],"character_chosen":"THE_SILENT","items_purchased":["Outmaneuver","Infinite Blades","Blade Dance","Bronze Scales","SkillPotion","Poisoned Stab","Noxious Fumes","Dodge and Roll","Outmaneuver"],"campfire_rested":8,"item_purchase_floors":[25,25,25,25,25,25,38,46,46],"current_hp_per_floor":[70,70,70,70,56,22,9,30,30,51,51,42,18,18,39,37,70,63,60,42,16,16,37,22,22,22,43,15,5,3,5,26,1,70,69,49,42,42,42,63,63,63,63,65,67,67,73,64,83,11],"gold":143,"neow_bonus":"THREE_CARDS","is_prod":false,"is_daily":false,"chose_seed":false,"campfire_upgraded":0,"win_rate":0,"timestamp":1531688530,"path_taken":["M","M","?","?","?","E","M","R","T","R","?","M","?","?","R","BOSS","M","M","?","?","?","R","M","$","T","R","?","?","M","M","R","BOSS","M","?","M","$","?","R","?","?","T","?","E","$","?","?","R","BOSS"],"build_version":"2018-07-12","purchased_purges":1,"victory":true,"max_hp_per_floor":[70,70,70,70,70,70,70,70,70,70,70,70,70,70,70,70,70,70,70,70,70,70,70,70,70,70,70,70,70,70,70,70,70,70,70,70,70,70,70,70,70,70,70,72,79,79,79,81,83,83],"card_choices":[{"not_picked":["Dodge and Roll","Prepared"],"picked":"Flying Knee","floor":0.0},{"not_picked":["Flechettes","Deflect"],"picked":"Deadly Poison","floor":1.0},{"not_picked":["Malaise","Expertise"],"picked":"All Out Attack","floor":2.0},{"not_picked":["Prepared","PiercingWail"],"picked":"Leg Sweep","floor":3.0},{"not_picked":["Expertise","Slice"],"picked":"Backstab","floor":6.0},{"not_picked":["PiercingWail","Bane"],"picked":"Catalyst","floor":7.0},{"not_picked":["Predator","Escape Plan"],"picked":"Backflip","floor":8.0},{"not_picked":["Reflex","PiercingWail"],"picked":"Riddle With Holes","floor":10.0},{"not_picked":["Crippling Poison","Blur"],"picked":"After Image","floor":12.0},{"not_picked":["Quick Slash","Sucker Punch"],"picked":"Flying Knee","floor":13.0},{"not_picked":["Poisoned Stab","Underhanded Strike"],"picked":"Dash","floor":15.0},{"not_picked":["Night Terror","Tactician"],"picked":"Adrenaline","floor":16.0},{"not_picked":["Endless Agony+1","Deflect+1"],"picked":"Deadly Poison+1","floor":18.0},{"not_picked":["Reflex","Expertise","Eviscerate"],"picked":"SKIP","floor":19.0},{"not_picked":["Deflect+1","Choke+1"],"picked":"Dagger Throw","floor":20.0},{"not_picked":["Endless Agony","Leg Sweep"],"picked":"Bane","floor":21.0},{"not_picked":["Flechettes","Backflip"],"picked":"Deadly Poison+1","floor":23.0},{"not_picked":["Dagger Throw","Calculated Gamble"],"picked":"PiercingWail","floor":24.0},{"not_picked":["Deadly Poison","Caltrops"],"picked":"Dagger Spray","floor":27.0},{"not_picked":["Deflect","Acrobatics"],"picked":"Dagger Throw+1","floor":28.0},{"not_picked":["Infinite Blades","Blur"],"picked":"Dodge and Roll+1","floor":29.0},{"not_picked":["Bane+1","PiercingWail"],"picked":"Poisoned Stab+1","floor":30.0},{"not_picked":["Well Laid Plans","Quick Slash"],"picked":"Crippling Poison","floor":31.0},{"not_picked":["Acrobatics","Outmaneuver"],"picked":"Bullet Time","floor":32.0},{"not_picked":["Adrenaline","Tools of the Trade"],"picked":"Die Die Die","floor":33.0},{"not_picked":[],"picked":"Infinite Blades+1","floor":35.0},{"not_picked":[],"picked":"Deflect+1","floor":36.0},{"not_picked":[],"picked":"Dagger Spray","floor":37.0},{"not_picked":[],"picked":"Underhanded Strike+1","floor":40.0},{"not_picked":[],"picked":"Underhanded Strike+1","floor":42.0},{"not_picked":["Secret Technique"],"picked":"Singing Bowl","floor":44.0},{"not_picked":["Leg Sweep+1"],"picked":"Singing Bowl","floor":45.0},{"not_picked":[],"picked":"Terror+1","floor":47.0},{"not_picked":["Leg Sweep"],"picked":"Singing Bowl","floor":48.0},{"not_picked":["Quick Slash"],"picked":"Singing Bowl","floor":49.0}],"player_experience":59508,"relics_obtained":[{"floor":6.0,"key":"Vajra"},{"floor":9.0,"key":"Whetstone"},{"floor":13.0,"key":"Odd Mushroom"},{"floor":26.0,"key":"Bird Faced Urn"},{"floor":36.0,"key":"Thread and Needle"},{"floor":41.0,"key":"Regal Pillow"},{"floor":43.0,"key":"Singing Bowl"},{"floor":45.0,"key":"Blue Candle"},{"floor":48.0,"key":"Gambling Chip"}],"event_choices":[{"event_name":"Big Fish","player_choice":"Box","floor":4.0,"damage_taken":0.0},{"event_name":"Shining Light","player_choice":"Entered Light","floor":5.0,"damage_taken":0.0},{"event_name":"Golden Wing","player_choice":"Gained Gold","floor":11.0,"damage_taken":0.0},{"event_name":"Mushrooms","player_choice":"Fought Mushrooms","floor":13.0,"damage_taken":0.0},{"event_name":"Accursed Blacksmith","player_choice":"Forge","floor":14.0,"damage_taken":0.0},{"event_name":"Drug Dealer","player_choice":"Ignored","floor":22.0,"damage_taken":0.0},{"event_name":"MindBloom","player_choice":"Fight","floor":36.0,"damage_taken":0.0},{"event_name":"Tomb of Lord Red Mask","player_choice":"Paid","floor":39.0,"damage_taken":0.0},{"event_name":"SensoryStone","player_choice":"Memory 1","floor":44.0,"damage_taken":0.0},{"event_name":"Mysterious Sphere","player_choice":"Fight","floor":48.0,"damage_taken":0.0}],"boss_relics":[{"not_picked":["Fusion Hammer","Tiny House"],"picked":"Lizard Tail"},{"not_picked":["Runic Pyramid","White Beast Statue"],"picked":"Busted Crown"}],"items_purged_floors":[25],"is_endless":false,"potions_floor_spawned":[1,7,12,13,24,29,30,33,35,45,47],"ascension_level":0}