{"gold_per_floor":[111,111,111,111,132,163,186,186,186,47,72,86,86,99,99,220,220,234,234,247,14,14,58,58,8,35,35],"floor_reached":27,"playtime":3878,"items_purged":[],"score":231,"play_id":"fa6258f0-38ea-4503-a627-26fc8345d12e","local_time":"20180714202503","is_ascension_mode":false,"campfire_choices":[{"floor":8.0,"key":"REST"},{"floor":13.0,"key":"REST"},{"data":"Dash","floor":15.0,"key":"SMITH"},{"floor":24,"key":"REST"}],"neow_cost":"","seed_source_timestamp":0,"circlet_count":0,"master_deck":["Defend_G","Defend_G","Defend_G","Defend_G","Defend_G","Strike_G","Strike_G","Strike_G","Strike_G","Strike_G","Survivor","Neutralize","Dagger Spray","Injury","All Out Attack","Malaise","Well Laid Plans","Dash+1","Finesse","Deadly Poison","Poisoned Stab","Riddle With Holes","Die Die Die","Flying Knee+1","Predator","Dagger Spray","Slice","RitualDagger","Sucker Punch","Underhanded Strike"],"special_seed":0,"relics":["Ring of the Snake","Golden Idol","Mummified Hand","Potion Belt","Bottled Tornado","Black Star","Anchor","Blood Vial","Oddly Smooth Stone","Dream Catcher"],"potions_floor_usage":[],"damage_taken":[{"damage":2.0,"enemies":"Small Slimes","floor":1.0,"turns":5.0},{"damage":0.0,"enemies":"Cultist","floor":5.0,"turns":3.0},{"damage":34.0,"enemies":"Lagavulin","floor":6.0,"turns":9.0},{"damage":6.0,"enemies":"Jaw Worm","floor":7.0,"turns":3.0},{"damage":6.0,"enemies":"Blue Slaver","floor":11.0,"turns":3.0},{"damage":1.0,"enemies":"Large Slime","floor":12.0,"turns":6.0},{"damage":2.0,"enemies":"Looter","floor":14.0,"turns":3.0},{"damage":27.0,"enemies":"Hexaghost","floor":16.0,"turns":13.0},{"damage":20.0,"enemies":"Shell Parasite","floor":18.0,"turns":10.0},{"damage":22.0,"enemies":"2 Thieves","floor":20.0,"turns":3.0},{"damage":40,"enemies":"Book of Stabbing","floor":23,"turns":9},{"damage":30,"enemies":"Snecko","floor":27,"turns":4}],"seed_played":"-1165647943967836681","potions_obtained":[{"floor":1.0,"key":"SpeedPotion"},{"floor":7.0,"key":"FearPotion"},{"floor":14.0,"key":"AttackPotion"},{"floor":18.0,"key":"AttackPotion"}],"is_trial":false,"path_per_floor":["M","?","T","?","M","E","M","R","T","$","M","M","R","M","R","B",null,"M","?","M","$","?","E","R","$","T"],"character_chosen":"THE_SILENT","items_purchased":["Dash","Finesse","Anchor","Dagger Spray","Slice","Underhanded Strike"],"campfire_rested":3,"item_purchase_floors":[10,10,21,21,21,25],"current_hp_per_floor":[68,68,68,68,68,34,28,49,49,49,43,42,63,61,61,34,70,50,70,48,48,42,2,23,23,23,0],"gold":35,"neow_bonus":"","is_prod":false,"is_daily":false,"chose_seed":false,"campfire_upgraded":1,"win_rate":0.0,"timestamp":1531589103,"path_taken":["M","?","?","?","M","E","?","R","T","$","M","M","R","M","R","BOSS","M","?","M","$","?","E","R","$","T","M"],"build_version":"2018-07-12","purchased_purges":0,"victory":false,"max_hp_per_floor":[70,70,70,70,70,70,70,70,70,70,70,70,70,70,70,70,70,70,70,70,70,70,70,70,70,70,70],"card_choices":[{"not_picked":["Expertise","Quick Slash"],"picked":"Dagger Spray","floor":1.0},{"not_picked":["Well Laid Plans","Dodge and Roll"],"picked":"All Out Attack","floor":5.0},{"not_picked":["Dodge and Roll","Slice"],"picked":"Malaise","floor":6.0},{"not_picked":["Dagger Spray","Prepared"],"picked":"Well Laid Plans","floor":7.0},{"not_picked":["Blade Dance","Flechettes"],"picked":"Deadly Poison","floor":11.0},{"not_picked":["Escape Plan","Eviscerate"],"picked":"Poisoned Stab","floor":12.0},{"not_picked":["Reflex","Masterful Stab"],"picked":"Riddle With Holes","floor":14.0},{"not_picked":["Burst","Bullet Time"],"picked":"Die Die Die","floor":16.0},{"not_picked":["Slice+1","Footwork+1"],"picked":"Flying Knee+1","floor":18.0},{"not_picked":["Malaise+1","Outmaneuver"],"picked":"Predator","floor":20.0},{"not_picked":["Blade Dance+1","Poisoned Stab"],"picked":"Sucker Punch","floor":23}],"player_experience":4292,"relics_obtained":[{"floor":3.0,"key":"Mummified Hand"},{"floor":6.0,"key":"Potion Belt"},{"floor":9.0,"key":"Bottled Tornado"},{"floor":23,"key":"Blood Vial"},{"floor":23,"key":"Oddly Smooth Stone"},{"floor":26,"key":"Dream Catcher"}],"event_choices":[{"event_name":"Golden Idol","player_choice":"Take Wound","floor":2.0,"damage_taken":0.0},{"event_name":"Golden Wing","player_choice":"Ignored","floor":4.0,"damage_taken":0.0},{"event_name":"The Library","player_choice":"Heal","floor":19.0,"damage_taken":0.0},{"event_name":"Nest","player_choice":"Joined the Cult","floor":22,"damage_taken":0}],"boss_relics":[{"not_picked":["Cursed Key","Tiny House"],"picked":"Black Star"}],"items_purged_floors":[],"is_endless":false,"potions_floor_spawned":[1,7,14,18],"killed_by":"Snecko","ascension_level":0}