{"gold_per_floor":[216,21,60,77,77,77,110,128,128,15,15,46,46,59,59,157,157,173,192,192,208,208,240,240,260,307,341,341,341,352,130,130,229,229,240,340,11,28,28,56,56,73,73,87,87,87,87,87,87,87],"floor_reached":51,"playtime":5557,"items_purged":[],"score":673,"play_id":"e0b99368-83df-4815-87c9-8c532ba1fedb","local_time":"20190206114637","is_ascension_mode":false,"campfire_choices":[{"data":"Blade Dance","floor":6.0,"key":"SMITH"},{"floor":11.0,"key":"REST"},{"floor":15.0,"key":"REST"},{"floor":24.0,"key":"REST"},{"floor":29.0,"key":"REST"},{"floor":32.0,"key":"REST"},{"floor":41.0,"key":"REST"},{"floor":45.0,"key":"REST"},{"data":"Noxious Fumes","floor":47.0,"key":"SMITH"},{"data":"Accuracy","floor":49.0,"key":"SMITH"}],"neow_cost":"NONE","seed_source_timestamp":25481848957309,"circlet_count":0,"master_deck":["Defend_G+1","Defend_G+1","Defend_G+1","Defend_G+1","Defend_G+1","Strike_G+1","Strike_G+1","Survivor","Neutralize","Backflip","Magnetism","Blade Dance+1","Quick Slash","Accuracy+1","Footwork","Infinite Blades","Choke","Acrobatics","Night Terror","Backstab","Noxious Fumes+1","Flying Knee+1","Crippling Poison","Corpse Explosion","Dagger Spray+1","Dagger Throw+1","Escape Plan+1","Quick Slash","Accuracy","Bouncing Flask+1","Accuracy+1","PiercingWail+1","Footwork","Dark Shackles"],"special_seed":0,"relics":["Ring of the Snake","WingedGreaves","Mercury Hourglass","Mummified Hand","Regal Pillow","Sozu","Dodecahedron","Juzu Bracelet","Mango","Pen Nib","Astrolabe","The Specimen","Shuriken","Art of War","Nunchaku"],"potions_floor_usage":[50],"damage_taken":[{"damage":2.0,"enemies":"Small Slimes","floor":1.0,"turns":4.0},{"damage":5.0,"enemies":"Jaw Worm","floor":3.0,"turns":6.0},{"damage":0.0,"enemies":"Cultist","floor":4.0,"turns":4.0},{"damage":37.0,"enemies":"Lagavulin","floor":7.0,"turns":9.0},{"damage":4.0,"enemies":"2 Fungi Beasts","floor":8.0,"turns":4.0},{"damage":10.0,"enemies":"3 Sentries","floor":12.0,"turns":6.0},{"damage":2.0,"enemies":"Large Slime","floor":14.0,"turns":5.0},{"damage":7.0,"enemies":"Slime Boss","floor":16.0,"turns":8.0},{"damage":0.0,"enemies":"Chosen","floor":18.0,"turns":5.0},{"damage":25.0,"enemies":"2 Thieves","floor":19.0,"turns":4.0},{"damage":3.0,"enemies":"Centurion and Healer","floor":21.0,"turns":5.0},{"damage":16.0,"enemies":"Book of Stabbing","floor":23.0,"turns":6.0},{"damage":10.0,"enemies":"Cultist and Chosen","floor":25.0,"turns":5.0},{"damage":39.0,"enemies":"Slavers","floor":27.0,"turns":5.0},{"damage":12.0,"enemies":"Chosen and Byrds","floor":30.0,"turns":5.0},{"damage":23.0,"enemies":"Collector","floor":33.0,"turns":6.0},{"damage":8.0,"enemies":"3 Shapes","floor":35.0,"turns":3.0},{"damage":0.0,"enemies":"Mind Bloom Boss Battle","floor":36.0,"turns":5.0},{"damage":12.0,"enemies":"Orb Walker","floor":38.0,"turns":3.0},{"damage":35.0,"enemies":"Giant Head","floor":40.0,"turns":6.0},{"damage":10.0,"enemies":"Transient","floor":42.0,"turns":5.0},{"damage":26.0,"enemies":"Maw","floor":44.0,"turns":7.0},{"damage":48,"enemies":"Time Eater","floor":50,"turns":10}],"seed_played":"-8764923468286551166","potions_obtained":[{"floor":1.0,"key":"Block Potion"},{"floor":4.0,"key":"Strength Potion"},{"floor":7.0,"key":"AttackPotion"}],"is_trial":false,"path_per_floor":["M","$","M","M","?","R","E","M","T","$","R","E","?","M","R","B",null,"M","M","?","M","$","E","R","M","T","E","?","R","M","$","R","B",null,"M","?","$","M","?","E","R","M","T","M","R","?","R","?","R","B",null],"character_chosen":"THE_SILENT","items_purchased":["Magnetism","Infinite Blades","Choke","Crippling Poison","Pen Nib","Shuriken","Accuracy"],"campfire_rested":7,"item_purchase_floors":[2,10,10,31,31,37,37],"current_hp_per_floor":[68,68,63,63,60,60,23,19,19,19,40,30,23,21,57,50,70,70,45,45,42,42,26,62,52,52,27,27,67,55,55,84,61,84,76,76,76,64,64,29,68,58,58,32,71,71,71,71,71,23],"gold":87,"neow_bonus":"HUNDRED_GOLD","is_prod":false,"is_daily":false,"chose_seed":false,"campfire_upgraded":3,"win_rate":0.0,"timestamp":1549442797,"path_taken":["M","$","M","M","?","R","E","M","T","$","R","E","?","?","R","BOSS","M","M","?","M","$","E","R","M","T","E","?","R","M","$","R","BOSS","M","?","$","M","?","E","R","M","T","M","R","?","R","?","R","BOSS"],"build_version":"2019-01-23","purchased_purges":0,"victory":true,"max_hp_per_floor":[70,70,70,70,70,70,70,70,70,70,70,70,70,70,70,70,70,70,70,70,70,70,70,70,70,70,84,84,84,84,84,84,84,84,84,84,84,84,80,80,80,80,80,80,80,80,80,80,80,80],"card_choices":[{"not_picked":["Reflex","Prepared"],"picked":"Backflip","floor":1.0},{"not_picked":["Cloak And Dagger","Underhanded Strike"],"picked":"Blade Dance","floor":3.0},{"not_picked":["Backflip","Poisoned Stab"],"picked":"Quick Slash","floor":4.0},{"not_picked":["Backflip","Reflex"],"picked":"Accuracy","floor":7.0},{"not_picked":["Bouncing Flask","Masterful Stab"],"picked":"Footwork","floor":8.0},{"not_picked":["Glass Knife","Bane"],"picked":"Acrobatics","floor":12.0},{"not_picked":["Skewer","Choke","Backflip"],"picked":"SKIP","floor":14.0},{"not_picked":["Doppelganger","Burst"],"picked":"Night Terror","floor":16.0},{"not_picked":["Heel Hook","Outmaneuver"],"picked":"Backstab","floor":18.0},{"not_picked":["Dodge and Roll+1","Backflip+1","Prepared"],"picked":"SKIP","floor":19.0},{"not_picked":["Prepared","Dodge and Roll","Acrobatics"],"picked":"SKIP","floor":21.0},{"not_picked":["Acrobatics","Burst"],"picked":"Noxious Fumes","floor":23.0},{"not_picked":["Underhanded Strike","Flying Knee","Deadly Poison"],"picked":"SKIP","floor":25.0},{"not_picked":["Well Laid Plans+1","Backflip","Sucker Punch+1"],"picked":"SKIP","floor":27.0},{"not_picked":["Leg Sweep","Underhanded Strike"],"picked":"Flying Knee+1","floor":30.0},{"not_picked":["Wraith Form v2","Glass Knife"],"picked":"Corpse Explosion","floor":33.0},{"not_picked":["PiercingWail","Flechettes"],"picked":"Quick Slash","floor":35.0},{"not_picked":["Flying Knee+1","Backflip","Dodge and Roll+1"],"picked":"SKIP","floor":38.0},{"not_picked":["Deadly Poison","Riddle With Holes"],"picked":"Bouncing Flask+1","floor":40.0},{"not_picked":["Heel Hook+1","Bouncing Flask"],"picked":"Accuracy+1","floor":42.0},{"not_picked":["Quick Slash+1","Reflex"],"picked":"PiercingWail+1","floor":44.0},{"not_picked":["PanicButton","Enlightenment"],"picked":"Dark Shackles","floor":48.0}],"player_experience":203471,"relics_obtained":[{"floor":7.0,"key":"Mercury Hourglass"},{"floor":9.0,"key":"Mummified Hand"},{"floor":12.0,"key":"Regal Pillow"},{"floor":23.0,"key":"Dodecahedron"},{"floor":26.0,"key":"Juzu Bracelet"},{"floor":27.0,"key":"Mango"},{"floor":36.0,"key":"The Specimen"},{"floor":40.0,"key":"Art of War"},{"floor":43.0,"key":"Nunchaku"}],"event_choices":[{"damage_healed":0.0,"max_hp_gain":0.0,"max_hp_loss":0.0,"gold_gain":0.0,"event_name":"Scrap Ooze","player_choice":"Success","floor":5.0,"gold_loss":0.0,"damage_taken":3.0,"relics_obtained":["WingedGreaves"]},{"damage_healed":0.0,"max_hp_gain":0.0,"max_hp_loss":0.0,"gold_gain":0.0,"event_name":"Wheel of Change","player_choice":"Damaged","floor":13.0,"gold_loss":0.0,"damage_taken":7.0},{"damage_healed":0.0,"max_hp_gain":0.0,"max_hp_loss":0.0,"gold_gain":0.0,"event_name":"Back to Basics","player_choice":"Simplicity","floor":20.0,"gold_loss":0.0,"damage_taken":0.0,"cards_upgraded":["Defend_G","Defend_G","Defend_G","Defend_G","Defend_G","Strike_G","Strike_G","Strike_G","Strike_G","Strike_G"]},{"damage_healed":0.0,"max_hp_gain":0.0,"max_hp_loss":0.0,"gold_gain":0.0,"event_name":"Ghosts","player_choice":"Ignored","floor":28.0,"gold_loss":0.0,"damage_taken":0.0},{"damage_healed":0.0,"max_hp_gain":0.0,"max_hp_loss":0.0,"gold_gain":0.0,"event_name":"MindBloom","player_choice":"Fight","floor":36.0,"gold_loss":0.0,"damage_taken":0.0},{"damage_healed":0.0,"max_hp_gain":0.0,"max_hp_loss":4.0,"gold_gain":0.0,"event_name":"Winding Halls","player_choice":"Max HP","floor":39.0,"gold_loss":0.0,"damage_taken":0.0},{"damage_healed":0.0,"max_hp_gain":0.0,"max_hp_loss":0.0,"gold_gain":0.0,"event_name":"Duplicator","player_choice":"Copied","floor":46.0,"gold_loss":0.0,"damage_taken":0.0,"cards_obtained":["Footwork"]},{"damage_healed":0.0,"max_hp_gain":0.0,"max_hp_loss":0.0,"gold_gain":0.0,"event_name":"SensoryStone","player_choice":"Memory 1","floor":48.0,"gold_loss":0.0,"damage_taken":0.0}],"is_beta":false,"boss_relics":[{"not_picked":["Snecko Eye","Cursed Key"],"picked":"Sozu"},{"not_picked":["Philosopher\u0027s Stone","Pandora\u0027s Box"],"picked":"Astrolabe"}],"items_purged_floors":[],"is_endless":false,"potions_floor_spawned":[1,4,7,18,19,25,30,33,35,40,44],"ascension_level":0}