{"gold_per_floor":[118,136,136,156,166,166,166,197,197,208,208,233,14,14,14,111,111,127,127,145,145,164,164,164,184,266,10,10,28,28,28,28,28],"floor_reached":33,"playtime":1530,"items_purged":["Strike_B","Decay"],"score":255,"play_id":"0a0bba79-dca1-45b6-b0d2-cf085dd82621","local_time":"20190216011348","is_ascension_mode":false,"campfire_choices":[{"floor":6,"key":"REST"},{"floor":11,"key":"REST"},{"floor":15,"key":"REST"},{"floor":23,"key":"REST"},{"floor":24,"key":"REST"},{"floor":28,"key":"REST"},{"floor":32,"key":"REST"}],"neow_cost":"NONE","seed_source_timestamp":23300686669332,"circlet_count":0,"master_deck":["Strike_B","Strike_B","Defend_B","Defend_B","Defend_B","Defend_B","Zap","Dualcast","Go for the Eyes","Loop","Tempest","Strike_B","Recycle","Barrage","Conserve Battery","Ball Lightning+1","Capacitor","Buffer","Hologram","BootSequence","Go for the Eyes+1","Static Discharge","Ball Lightning+1"],"relics":["Cracked Core","Molten Egg 2","Kunai","WingedGreaves","Strawberry","Ancient Tea Set","Black Star","Bottled Lightning","Boot"],"potions_floor_usage":[25],"damage_taken":[{"damage":0,"enemies":"Cultist","floor":1,"turns":2},{"damage":4,"enemies":"2 Louse","floor":2,"turns":3},{"damage":7,"enemies":"Jaw Worm","floor":4,"turns":3},{"damage":12,"enemies":"Blue Slaver","floor":5,"turns":4},{"damage":29,"enemies":"Gremlin Nob","floor":8,"turns":5},{"damage":5,"enemies":"Looter","floor":10,"turns":3},{"damage":14,"enemies":"Lagavulin","floor":12,"turns":5},{"damage":36,"enemies":"Slime Boss","floor":16,"turns":9},{"damage":14,"enemies":"Chosen","floor":18,"turns":5},{"damage":32,"enemies":"3 Byrds","floor":20,"turns":6},{"damage":26,"enemies":"Snecko","floor":22,"turns":8},{"damage":53,"enemies":"Centurion and Healer","floor":25,"turns":9},{"damage":16,"enemies":"Cultist and Chosen","floor":29,"turns":7},{"damage":46,"enemies":"Collector","floor":33,"turns":6}],"seed_played":"2397669486067075112","potions_obtained":[{"floor":4,"key":"SteroidPotion"},{"floor":8,"key":"SteroidPotion"},{"floor":12,"key":"LiquidBronze"},{"floor":29,"key":"Weak Potion"}],"is_trial":false,"path_per_floor":["M","M","?","M","M","R","?","E","T","M","R","E","$","?","R","B",null,"M","?","M","?","M","R","R","M","T","$","R","M","?","$","R","B"],"character_chosen":"DEFECT","items_purchased":["Strawberry","Boot"],"campfire_rested":7,"item_purchase_floors":[13,27],"current_hp_per_floor":[75,71,71,64,52,74,74,45,45,40,62,48,55,48,72,36,82,68,68,36,36,10,34,58,5,5,5,29,13,13,13,37,0],"gold":28,"neow_bonus":"THREE_CARDS","is_prod":false,"is_daily":false,"chose_seed":false,"campfire_upgraded":0,"win_rate":0,"timestamp":1550297628,"path_taken":["M","M","?","M","?","R","?","E","T","M","R","E","$","?","R","BOSS","M","?","M","?","M","R","R","M","T","$","R","M","?","$","R","BOSS"],"build_version":"2019-01-23","purchased_purges":2,"victory":false,"max_hp_per_floor":[75,75,75,75,75,75,75,75,75,75,75,75,82,82,82,82,82,82,82,82,82,82,82,82,82,82,82,82,82,82,82,82,82],"card_choices":[{"not_picked":["Sweeping Beam","Barrage"],"picked":"Go for the Eyes","floor":0},{"not_picked":["Redo","Conserve Battery"],"picked":"Loop","floor":1},{"not_picked":["Cold Snap","Gash"],"picked":"Tempest","floor":2},{"not_picked":["Stack","Rebound"],"picked":"Recycle","floor":4},{"not_picked":["Coolheaded","Self Repair"],"picked":"Barrage","floor":5},{"not_picked":["Gash","Skim"],"picked":"Conserve Battery","floor":8},{"not_picked":["Compile Driver+1","Stack"],"picked":"Ball Lightning+1","floor":10},{"not_picked":["Leap","Gash+1"],"picked":"Capacitor","floor":12},{"not_picked":["Hyperbeam+1","Reboot"],"picked":"Buffer","floor":16},{"not_picked":["Sweeping Beam+1","Rebound+1"],"picked":"Hologram","floor":18},{"not_picked":["Turbo","Compile Driver+1"],"picked":"BootSequence","floor":20},{"not_picked":["Genetic Algorithm+1","Stack"],"picked":"Go for the Eyes+1","floor":22},{"not_picked":["Recycle+1","Compile Driver+1"],"picked":"Static Discharge","floor":25},{"not_picked":["Double Energy","Consume"],"picked":"Ball Lightning+1","floor":29}],"player_experience":57813,"relics_obtained":[{"floor":8,"key":"Molten Egg 2"},{"floor":9,"key":"Kunai"},{"floor":12,"key":"WingedGreaves"},{"floor":26,"key":"Bottled Lightning"}],"event_choices":[{"cards_removed":["Strike_B"],"damage_healed":0,"gold_gain":0,"player_choice":"Took Card","damage_taken":0,"max_hp_gain":0,"max_hp_loss":0,"event_name":"NoteForYourself","floor":3,"gold_loss":0,"cards_obtained":["Strike_B"]},{"damage_healed":0,"gold_gain":0,"player_choice":"Ignored","damage_taken":0,"max_hp_gain":0,"max_hp_loss":0,"event_name":"Liars Game","floor":7,"gold_loss":0},{"damage_healed":0,"gold_gain":0,"player_choice":"Success","damage_taken":7,"relics_obtained":["Ancient Tea Set"],"max_hp_gain":0,"max_hp_loss":0,"event_name":"Scrap Ooze","floor":14,"gold_loss":0},{"damage_healed":0,"gold_gain":0,"player_choice":"Ignored","damage_taken":0,"max_hp_gain":0,"max_hp_loss":0,"event_name":"Ghosts","floor":19,"gold_loss":0},{"damage_healed":0,"gold_gain":0,"player_choice":"Smashed Altar","damage_taken":0,"max_hp_gain":0,"max_hp_loss":0,"event_name":"Forgotten Altar","floor":21,"gold_loss":0,"cards_obtained":["Decay"]}],"is_beta":false,"boss_relics":[{"not_picked":["Velvet Choker","Busted Crown"],"picked":"Black Star"}],"items_purged_floors":[13,27],"is_endless":false,"potions_floor_spawned":[4,8,12,16,22,29],"killed_by":"Collector","ascension_level":0}