{"gold_per_floor":[117,117,133,151,101,131,144,155,232,307,307,337,337],"floor_reached":13,"playtime":778,"items_purged":[],"score":136,"play_id":"3b2f424b-d961-456f-a6ee-91cc20d257d8","local_time":"20181002200351","is_ascension_mode":true,"campfire_choices":[{"data":"True Grit","floor":11,"key":"SMITH"}],"neow_cost":"NONE","seed_source_timestamp":164563682445037,"circlet_count":0,"master_deck":["Strike_R","Strike_R","Strike_R","Defend_R","Defend_R","Defend_R","Defend_R","Bash","AscendersBane","Anger","Shrug It Off","Evolve","Whirlwind","Shrug It Off","True Grit+1","Dark Embrace"],"relics":["Burning Blood","NeowsBlessing","Paper Frog","Darkstone Periapt","Odd Mushroom"],"potions_floor_usage":[7,12],"damage_taken":[{"damage":0,"enemies":"Small Slimes","floor":1,"turns":1},{"damage":0,"enemies":"Cultist","floor":3,"turns":1},{"damage":0,"enemies":"Jaw Worm","floor":4,"turns":1},{"damage":34,"enemies":"Lagavulin","floor":6,"turns":9},{"damage":7,"enemies":"2 Fungi Beasts","floor":7,"turns":4},{"damage":17,"enemies":"Large Slime","floor":8,"turns":8},{"damage":21,"enemies":"The Mushroom Lair","floor":12,"turns":6},{"damage":31,"enemies":"Gremlin Gang","floor":13,"turns":5}],"seed_played":"5924305382358997587","potions_obtained":[{"floor":3,"key":"BloodPotion"},{"floor":8,"key":"BloodPotion"}],"is_trial":false,"path_per_floor":["M","?","M","M","?","E","M","M","T","?","R","?"],"character_chosen":"IRONCLAD","items_purchased":[],"campfire_rested":0,"item_purchase_floors":[],"current_hp_per_floor":[78,78,80,80,80,52,59,48,48,37,37,30,0],"gold":337,"neow_bonus":"THREE_ENEMY_KILL","is_prod":false,"is_daily":false,"chose_seed":false,"campfire_upgraded":1,"win_rate":0,"timestamp":1538528631,"path_taken":["M","?","M","M","?","E","?","?","T","?","R","?","M"],"build_version":"2018-09-27","purchased_purges":0,"victory":false,"max_hp_per_floor":[80,80,80,80,80,80,80,80,80,80,80,80,80],"card_choices":[{"not_picked":["Flex","Iron Wave"],"picked":"Anger","floor":1},{"not_picked":["Havoc","Carnage"],"picked":"Evolve","floor":3},{"not_picked":["Power Through","Entrench"],"picked":"Whirlwind","floor":4},{"not_picked":["Seeing Red","Sword Boomerang"],"picked":"Shrug It Off","floor":6},{"not_picked":["Headbutt","Power Through"],"picked":"True Grit","floor":7},{"not_picked":["Blood for Blood","Sentinel"],"picked":"Dark Embrace","floor":8}],"player_experience":434809,"relics_obtained":[{"floor":6,"key":"Paper Frog"},{"floor":9,"key":"Darkstone Periapt"},{"floor":12,"key":"Odd Mushroom"}],"event_choices":[{"event_name":"Transmorgrifier","player_choice":"Transform","floor":2,"damage_taken":0},{"event_name":"The Cleric","player_choice":"Card Removal","floor":5,"damage_taken":0},{"event_name":"World of Goop","player_choice":"Gather Gold","floor":10,"damage_taken":0},{"event_name":"Mushrooms","player_choice":"Fought Mushrooms","floor":12,"damage_taken":0}],"is_beta":false,"boss_relics":[],"items_purged_floors":[],"is_endless":false,"potions_floor_spawned":[3,8],"killed_by":"Gremlin Gang","ascension_level":12}