{"gold_per_floor":[115,115,66,66,86,86,99,115,115,115,173,173,189,201,201,299,329,346,346,68,88,88,88,101,133,211,211],"floor_reached":27,"playtime":1743,"items_purged":["Strike_R"],"score":304,"play_id":"5dcbabe3-96a0-488d-9430-b5e3a6fcc348","local_time":"20180713211016","is_ascension_mode":true,"campfire_choices":[{"data":"Sword Boomerang","floor":6,"key":"SMITH"},{"data":"Flex","floor":10,"key":"SMITH"},{"data":"Battle Trance","floor":12,"key":"SMITH"},{"data":"Whirlwind","floor":15,"key":"SMITH"},{"floor":23,"key":"REST"}],"neow_cost":"NONE","seed_source_timestamp":0,"circlet_count":0,"master_deck":["Strike_R+1","Strike_R+1","Strike_R+1","Defend_R","Defend_R","Defend_R","Defend_R","Bash","Thunderclap","Sword Boomerang+1","Whirlwind+1","Flex+1","Battle Trance+1","Cleave+1","Headbutt+1","Double Tap","Burning Pact","Ghostly","Ghostly","Ghostly","Ghostly","Ghostly","Apotheosis","Metallicize","Evolve+1","Fiend Fire+1"],"special_seed":0,"relics":["Burning Blood","Whetstone","The Courier","Molten Egg 2","Incense Burner","Tiny House","Charon\u0027s Ashes","Self Forming Clay"],"potions_floor_usage":[11,11,16,16,18,25],"damage_taken":[{"damage":2,"enemies":"Jaw Worm","floor":1,"turns":3},{"damage":6,"enemies":"Cultist","floor":5,"turns":3},{"damage":0,"enemies":"2 Louse","floor":7,"turns":1},{"damage":0,"enemies":"Exordium Wildlife","floor":8,"turns":2},{"damage":9,"enemies":"3 Sentries","floor":11,"turns":4},{"damage":0,"enemies":"Large Slime","floor":13,"turns":3},{"damage":11,"enemies":"Looter","floor":14,"turns":2},{"damage":52,"enemies":"The Guardian","floor":16,"turns":12},{"damage":32,"enemies":"2 Thieves","floor":18,"turns":3},{"damage":20,"enemies":"Chosen","floor":21,"turns":5},{"damage":21,"enemies":"Snake Plant","floor":24,"turns":7},{"damage":15,"enemies":"Slavers","floor":25,"turns":5},{"damage":10,"enemies":"Gremlin Leader","floor":27,"turns":2}],"seed_played":"2832790691150557427","potions_obtained":[{"floor":5,"key":"LiquidBronze"},{"floor":7,"key":"EssenceOfSteel"},{"floor":11,"key":"Weak Potion"},{"floor":11,"key":"AttackPotion"},{"floor":17,"key":"Block Potion"},{"floor":24,"key":"Dexterity Potion"}],"is_trial":false,"path_per_floor":["M","?","$","?","M","R","M","M","T","R","?","R","M","M","R","B",null,"M","?","$","M","?","R","M","E","T"],"character_chosen":"IRONCLAD","items_purchased":["Sword Boomerang","Apotheosis","Metallicize"],"campfire_rested":1,"item_purchase_floors":[3,20,20],"current_hp_per_floor":[80,73,73,70,70,70,76,80,80,80,77,77,80,75,75,29,72,46,42,42,28,22,34,19,10,10,0],"gold":211,"neow_bonus":"RANDOM_COMMON_RELIC","is_prod":false,"is_daily":false,"chose_seed":false,"campfire_upgraded":4,"win_rate":0,"timestamp":1531534216,"path_taken":["M","?","$","?","M","R","M","M","T","R","?","R","?","M","R","BOSS","M","?","$","?","?","R","M","E","T","E"],"build_version":"2018-07-12","purchased_purges":1,"victory":false,"max_hp_per_floor":[80,80,80,80,80,80,80,80,80,80,80,80,80,80,80,80,85,85,42,42,42,42,42,42,42,42,42],"card_choices":[{"not_picked":["True Grit","Havoc"],"picked":"Thunderclap","floor":1},{"not_picked":["Sword Boomerang","Immolate"],"picked":"Whirlwind","floor":5},{"not_picked":["Wild Strike","Anger"],"picked":"Flex","floor":7},{"not_picked":["Anger","Iron Wave","Rupture"],"picked":"SKIP","floor":8},{"not_picked":["Combust","Rage"],"picked":"Battle Trance","floor":11},{"not_picked":["Flex","Power Through"],"picked":"Cleave+1","floor":13},{"not_picked":["Havoc","Iron Wave+1"],"picked":"Headbutt+1","floor":14},{"not_picked":["Exhume","Berserk"],"picked":"Double Tap","floor":16},{"not_picked":["Sever Soul+1","Flame Barrier"],"picked":"Burning Pact","floor":17},{"not_picked":["Bloodletting","Disarm","Clash+1"],"picked":"SKIP","floor":18},{"not_picked":["Clothesline+1","Body Slam+1"],"picked":"Evolve+1","floor":21},{"not_picked":["True Grit","Armaments+1","Iron Wave+1"],"picked":"SKIP","floor":24},{"not_picked":["Havoc","Flame Barrier"],"picked":"Fiend Fire+1","floor":25}],"player_experience":290568,"relics_obtained":[{"floor":9,"key":"Molten Egg 2"},{"floor":25,"key":"Charon\u0027s Ashes"},{"floor":26,"key":"Self Forming Clay"}],"event_choices":[{"event_name":"Golden Wing","player_choice":"Card Removal","floor":2,"damage_taken":0},{"event_name":"Scrap Ooze","player_choice":"success","floor":4,"damage_taken":3},{"event_name":"Dead Adventurer","player_choice":"Searched \u00273\u0027 times","floor":11,"damage_taken":0},{"event_name":"Ghosts","player_choice":"Became a Ghost","floor":19,"damage_taken":0},{"event_name":"Knowing Skull","player_choice":"","floor":22,"damage_taken":0}],"boss_relics":[{"not_picked":["Runic Cube","Runic Dome"],"picked":"Tiny House"}],"items_purged_floors":[20],"is_endless":false,"potions_floor_spawned":[5,7,11,11,24],"killed_by":"Gremlin Leader","ascension_level":5}