{"gold_per_floor":[16,16,16,35,35,35,65,65,65,100,25,35,35,52,52,151,151,167,177,102,112,132,132,152,152,152,152,166,179,179,129,129,129],"floor_reached":33,"playtime":2217,"items_purged":["Strike_R","Strike_R"],"score":363,"play_id":"f0d6933b-13c7-4157-ab20-86a3410a66d7","local_time":"20180707000424","is_ascension_mode":true,"campfire_choices":[{"data":"Searing Blow","floor":6,"key":"SMITH"},{"data":"Searing Blow+1","floor":8,"key":"SMITH"},{"data":"Searing Blow+2","floor":13,"key":"SMITH"},{"data":"Searing Blow+3","floor":15,"key":"SMITH"},{"data":"Searing Blow+4","floor":23,"key":"SMITH"},{"data":"Searing Blow+5","floor":27,"key":"SMITH"},{"data":"Searing Blow+6","floor":30,"key":"SMITH"},{"data":"Searing Blow+7","floor":32,"key":"SMITH"}],"neow_cost":"NO_GOLD","seed_source_timestamp":2074209807254290,"circlet_count":0,"master_deck":["Strike_R","Defend_R","Defend_R","Defend_R","Defend_R","Bash","Iron Wave","Searing Blow+8","Thunderclap","Cleave","Feed","Headbutt","Battle Trance"],"relics":["Burning Blood","Sundial","Meat on the Bone","Frozen Egg 2","Busted Crown","Smiling Mask"],"potions_floor_usage":[7,16,22,33],"damage_taken":[{"damage":7,"enemies":"Jaw Worm","floor":1,"turns":3},{"damage":5,"enemies":"2 Louse","floor":4,"turns":3},{"damage":27,"enemies":"Gremlin Nob","floor":7,"turns":4},{"damage":20,"enemies":"3 Sentries","floor":10,"turns":8},{"damage":0,"enemies":"Cultist","floor":12,"turns":3},{"damage":2,"enemies":"Looter","floor":14,"turns":3},{"damage":62,"enemies":"The Guardian","floor":16,"turns":11},{"damage":22,"enemies":"Spheric Guardian","floor":18,"turns":5},{"damage":19,"enemies":"2 Thieves","floor":19,"turns":4},{"damage":15,"enemies":"Snecko","floor":21,"turns":4},{"damage":44,"enemies":"Slaver and Parasite","floor":22,"turns":5},{"damage":10,"enemies":"Chosen and Byrds","floor":24,"turns":4},{"damage":7,"enemies":"Cultist and Chosen","floor":28,"turns":3},{"damage":0,"enemies":"Sentry and Sphere","floor":29,"turns":3},{"damage":81,"enemies":"Champ","floor":33,"turns":5}],"seed_played":"-4701761408813999153","potions_obtained":[{"floor":4,"key":"Regen Potion"},{"floor":12,"key":"GamblersBrew"},{"floor":18,"key":"AttackPotion"},{"floor":24,"key":"EssenceOfSteel"}],"is_trial":false,"path_per_floor":["M","?","?","M","?","R","E","R","T","E","$","M","R","M","R","B",null,"M","M","?","M","M","R","M","?","T","R","M","M","R","$","R"],"character_chosen":"IRONCLAD","items_purchased":[],"campfire_rested":0,"item_purchase_floors":[],"current_hp_per_floor":[79,79,90,90,90,90,74,74,74,60,60,66,66,70,70,26,90,77,67,67,58,32,32,40,40,40,40,54,63,63,63,63,0],"gold":129,"neow_bonus":"THREE_RARE_CARDS","is_prod":false,"is_daily":false,"chose_seed":false,"campfire_upgraded":8,"win_rate":0,"timestamp":1530939864,"path_taken":["M","?","?","?","?","R","E","R","T","E","?","?","R","M","R","BOSS","M","M","?","M","M","R","?","?","T","R","M","M","R","$","R","BOSS"],"build_version":"2018-07-05","purchased_purges":2,"victory":false,"max_hp_per_floor":[80,80,90,90,90,90,90,90,90,90,90,90,90,90,90,90,90,93,96,96,96,96,96,96,96,96,96,99,102,102,102,102,102],"card_choices":[{"not_picked":["Limit Break","Brutality"],"picked":"Immolate","floor":0},{"not_picked":["Clothesline","Heavy Blade"],"picked":"Iron Wave","floor":1},{"not_picked":["Warcry","Feel No Pain"],"picked":"Searing Blow","floor":4},{"not_picked":["Whirlwind","Headbutt"],"picked":"Thunderclap","floor":7},{"not_picked":["Warcry","Sentinel"],"picked":"Cleave","floor":10},{"not_picked":["Sword Boomerang","Carnage","Heavy Blade"],"picked":"SKIP","floor":12},{"not_picked":["Reckless Charge","Body Slam","Seeing Red"],"picked":"SKIP","floor":14},{"not_picked":["Berserk+1","Dark Embrace+1"],"picked":"Feed","floor":16},{"not_picked":[],"picked":"Headbutt","floor":18},{"not_picked":["Intimidate"],"picked":"SKIP","floor":19},{"not_picked":["Clash+1"],"picked":"SKIP","floor":21},{"not_picked":["Iron Wave"],"picked":"SKIP","floor":22},{"not_picked":["Hemokinesis"],"picked":"SKIP","floor":24},{"not_picked":[],"picked":"Battle Trance","floor":28},{"not_picked":["Reckless Charge"],"picked":"SKIP","floor":29}],"player_experience":261178,"relics_obtained":[{"floor":7,"key":"Sundial"},{"floor":9,"key":"Meat on the Bone"},{"floor":10,"key":"Frozen Egg 2"},{"floor":26,"key":"Smiling Mask"}],"event_choices":[{"event_name":"Living Wall","player_choice":"Forget","floor":2,"damage_taken":0},{"event_name":"Bonfire Elementals","player_choice":"RARE","floor":3,"damage_taken":0},{"event_name":"Wheel of Change","player_choice":"Full Heal","floor":5,"damage_taken":0},{"event_name":"Beggar","player_choice":"Gave Gold","floor":20,"damage_taken":0},{"event_name":"Drug Dealer","player_choice":"Ignored","floor":25,"damage_taken":0}],"boss_relics":[{"not_picked":["Ectoplasm","Fusion Hammer"],"picked":"Busted Crown"}],"items_purged_floors":[11,31],"is_endless":false,"potions_floor_spawned":[4,12,18,24],"killed_by":"Champ","ascension_level":4}