{"gold_per_floor":[113,27,27,46,64,95,95,109,109,109,140,153,153,153,153,153],"floor_reached":16,"playtime":473,"items_purged":[],"score":198,"play_id":"027e24cd-09a2-4634-88f3-703e838f50c3","local_time":"20190216001452","is_ascension_mode":true,"campfire_choices":[{"floor":7.0,"key":"REST"},{"data":"Noxious Fumes","floor":10.0,"key":"SMITH"},{"data":"After Image","floor":13,"key":"SMITH"},{"data":"Dash","floor":15,"key":"SMITH"}],"neow_cost":"NONE","seed_source_timestamp":10820742762034,"circlet_count":0,"master_deck":["AscendersBane","Defend_G","Defend_G","Defend_G","Defend_G+1","Defend_G+1","Strike_G","Strike_G","Strike_G","Strike_G","Strike_G","Survivor","Neutralize","Flying Knee","Skewer","Flying Knee","After Image+1","Noxious Fumes+1","Backflip","Dash+1","Pain"],"special_seed":0,"relics":["Black Star","Calipers","Bird Faced Urn","The Specimen","Turnip","Gambling Chip","WarpedTongs"],"potions_floor_usage":[16],"damage_taken":[{"damage":2.0,"enemies":"Jaw Worm","floor":1.0,"turns":6.0},{"damage":0.0,"enemies":"Small Slimes","floor":4.0,"turns":4.0},{"damage":1.0,"enemies":"Cultist","floor":5.0,"turns":3.0},{"damage":25.0,"enemies":"Gremlin Nob","floor":6.0,"turns":5.0},{"damage":0.0,"enemies":"2 Fungi Beasts","floor":8.0,"turns":3.0},{"damage":7.0,"enemies":"3 Sentries","floor":11.0,"turns":7.0},{"damage":1,"enemies":"Exordium Thugs","floor":12,"turns":5},{"damage":66,"enemies":"Slime Boss","floor":16,"turns":6}],"seed_played":"7913979301917364176","potions_obtained":[{"floor":4.0,"key":"FairyPotion"},{"floor":6.0,"key":"EssenceOfSteel"},{"floor":12,"key":"AttackPotion"}],"is_trial":false,"path_per_floor":["M","$","?","M","M","E","R","M","T","R","E","M","R","?","R","B"],"character_chosen":"THE_SILENT","items_purchased":["Skewer"],"campfire_rested":1,"item_purchase_floors":[2],"current_hp_per_floor":[57,57,37,37,36,11,30,30,30,30,27,30,30,30,30,0],"gold":153,"neow_bonus":"BOSS_RELIC","is_prod":false,"is_daily":false,"chose_seed":false,"campfire_upgraded":3,"win_rate":0,"timestamp":1550286892,"path_taken":["M","$","?","M","M","E","R","M","T","R","E","M","R","?","R","BOSS"],"build_version":"2018-11-15","purchased_purges":0,"victory":false,"max_hp_per_floor":[66,66,66,66,66,66,66,66,66,66,66,66,66,66,66,66],"card_choices":[{"not_picked":["Quick Slash","Acrobatics"],"picked":"Flying Knee","floor":1.0},{"not_picked":["Escape Plan","Bouncing Flask"],"picked":"Flying Knee","floor":4.0},{"not_picked":["Outmaneuver","Flying Knee"],"picked":"After Image","floor":5.0},{"not_picked":["Blade Dance","Dagger Throw","Bouncing Flask"],"picked":"SKIP","floor":6.0},{"not_picked":["Blade Dance","Underhanded Strike"],"picked":"Noxious Fumes","floor":8.0},{"not_picked":["Skewer","Acrobatics"],"picked":"Backflip","floor":11.0},{"not_picked":["All Out Attack","Choke"],"picked":"Dash","floor":12}],"player_experience":148856,"relics_obtained":[{"floor":6.0,"key":"Calipers"},{"floor":6.0,"key":"Bird Faced Urn"},{"floor":9.0,"key":"The Specimen"},{"floor":11.0,"key":"Turnip"},{"floor":11.0,"key":"Gambling Chip"}],"event_choices":[{"damage_healed":0.0,"max_hp_gain":0.0,"max_hp_loss":0.0,"gold_gain":0.0,"event_name":"Shining Light","player_choice":"Entered Light","floor":3.0,"gold_loss":0.0,"damage_taken":20.0,"cards_upgraded":["Defend_G","Defend_G"]},{"damage_healed":0,"gold_gain":0,"player_choice":"Rummage","damage_taken":0,"relics_obtained":["WarpedTongs"],"max_hp_gain":0,"max_hp_loss":0,"event_name":"Accursed Blacksmith","floor":14,"gold_loss":0,"cards_obtained":["Pain"]}],"is_beta":false,"boss_relics":[],"items_purged_floors":[],"is_endless":false,"potions_floor_spawned":[4,6,8,12],"killed_by":"Slime Boss","ascension_level":16}