{"gold_per_floor":[109,30,41,6,23,23,49,49,49,71,71,71,88,100,100,200,200,214,214,225,235,235,235,264,277,356,356,366,366,379,34,34,135,135,149,165,165,178,178,178,192,210,210,210,210,310,290,304,304,304],"floor_reached":50,"playtime":5034,"items_purged":[],"score":698,"play_id":"84ba0ce8-4f6d-4770-a367-c0b2b998a9b6","local_time":"20190203185815","is_ascension_mode":true,"campfire_choices":[{"data":"Neutralize","floor":6,"key":"SMITH"},{"data":"Caltrops","floor":8,"key":"SMITH"},{"data":"Bane","floor":12,"key":"SMITH"},{"data":"Deadly Poison","floor":15,"key":"SMITH"},{"data":"Glass Knife","floor":23,"key":"SMITH"},{"data":"Noxious Fumes","floor":32,"key":"SMITH"},{"data":"1","floor":40,"key":"LIFT"},{"data":"2","floor":44,"key":"LIFT"},{"data":"3","floor":49,"key":"LIFT"}],"neow_cost":"PERCENT_DAMAGE","seed_source_timestamp":244406891993900,"circlet_count":0,"master_deck":["Defend_G","Defend_G","Survivor","Neutralize+1","Escape Plan","Acrobatics","Dagger Throw","Caltrops+1","Deadly Poison+1","Bane+1","Terror+1","Prepared+1","Deflect+1","Glass Knife+1","Backflip+1","RitualDagger","PiercingWail+1","Bite","Bite","Bite","Bite","Bite","After Image","Dodge and Roll+1","Noxious Fumes+1","Calculated Gamble+1","Die Die Die","Dodge and Roll+1","PiercingWail+1","Deadly Poison+1","Corpse Explosion+1","Cloak And Dagger+1"],"relics":["Ring of the Snake","Toxic Egg 2","Ninja Scroll","Odd Mushroom","Sozu","Girya","Bottled Lightning","Letter Opener","MealTicket","Eternal Feather","Pocketwatch","Nunchaku"],"potions_floor_usage":[33,50,50],"damage_taken":[{"damage":1,"enemies":"Jaw Worm","floor":1,"turns":5},{"damage":0,"enemies":"Small Slimes","floor":3,"turns":3},{"damage":0,"enemies":"2 Louse","floor":5,"turns":3},{"damage":19,"enemies":"Lagavulin","floor":7,"turns":7},{"damage":1,"enemies":"The Mushroom Lair","floor":10,"turns":4},{"damage":4,"enemies":"Exordium Thugs","floor":13,"turns":3},{"damage":1,"enemies":"Looter","floor":14,"turns":3},{"damage":6,"enemies":"Hexaghost","floor":16,"turns":8},{"damage":7,"enemies":"2 Thieves","floor":18,"turns":4},{"damage":6,"enemies":"Spheric Guardian","floor":20,"turns":4},{"damage":7,"enemies":"Chosen and Byrds","floor":21,"turns":5},{"damage":23,"enemies":"Slavers","floor":24,"turns":5},{"damage":0,"enemies":"Centurion and Healer","floor":25,"turns":8},{"damage":7,"enemies":"Snake Plant","floor":28,"turns":2},{"damage":4,"enemies":"Cultist and Chosen","floor":30,"turns":4},{"damage":53,"enemies":"Automaton","floor":33,"turns":10},{"damage":4,"enemies":"Orb Walker","floor":35,"turns":3},{"damage":28,"enemies":"3 Darklings","floor":36,"turns":4},{"damage":0,"enemies":"4 Shapes","floor":38,"turns":4},{"damage":0,"enemies":"Transient","floor":41,"turns":5},{"damage":0,"enemies":"3 Darklings","floor":42,"turns":4},{"damage":18,"enemies":"Mind Bloom Boss Battle","floor":46,"turns":4},{"damage":1,"enemies":"Maw","floor":48,"turns":5},{"damage":71,"enemies":"Awakened One","floor":50,"turns":13}],"seed_played":"5453865379713323816","potions_obtained":[{"floor":1,"key":"GamblersBrew"},{"floor":10,"key":"LiquidBronze"},{"floor":13,"key":"Explosive Potion"}],"is_trial":false,"path_per_floor":["M","$","M","?","M","R","E","R","T","?","$","R","M","M","R","B",null,"M","?","M","M","?","R","E","M","T","?","M","T","M","$","R","B",null,"M","M","?","M","?","R","M","M","T","R","?","?","?","M","R","B"],"character_chosen":"THE_SILENT","items_purchased":["Caltrops","Noxious Fumes","MealTicket","Calculated Gamble+1"],"campfire_rested":0,"item_purchase_floors":[2,31,31,31],"current_hp_per_floor":[44,44,44,61,61,61,42,42,42,41,41,41,37,36,36,30,60,53,47,41,34,34,34,23,45,45,45,42,42,46,46,46,10,39,41,23,23,27,27,45,49,49,49,49,49,35,35,46,49,0],"gold":304,"neow_bonus":"TRANSFORM_TWO_CARDS","is_prod":false,"is_daily":false,"chose_seed":false,"campfire_upgraded":6,"win_rate":0,"timestamp":1549245495,"path_taken":["M","$","M","?","M","R","E","R","T","?","?","R","M","M","R","BOSS","M","?","M","M","?","R","E","M","T","?","M","?","?","$","R","BOSS","M","M","?","M","?","R","?","M","T","R","?","?","?","M","R","BOSS"],"build_version":"2019-01-23","purchased_purges":0,"victory":false,"max_hp_per_floor":[70,70,70,70,70,70,70,70,70,70,70,70,70,70,70,70,70,70,70,70,70,49,49,49,49,49,49,49,49,49,49,49,49,49,49,49,49,49,49,49,49,49,49,49,49,49,49,49,49,49],"card_choices":[{"not_picked":["Cloak And Dagger","Dodge and Roll"],"picked":"Dagger Throw","floor":1},{"not_picked":["Finisher","Setup"],"picked":"Deadly Poison","floor":3},{"not_picked":["Distraction","Prepared"],"picked":"Bane","floor":5},{"not_picked":["Backstab","Expertise"],"picked":"Terror","floor":7},{"not_picked":["Cloak And Dagger+1","Setup+1"],"picked":"Prepared+1","floor":10},{"not_picked":["Blade Dance+1","Choke"],"picked":"Deflect+1","floor":13},{"not_picked":["Terror+1","Outmaneuver+1","Choke"],"picked":"SKIP","floor":14},{"not_picked":["Venomology+1","Night Terror+1"],"picked":"Glass Knife","floor":16},{"not_picked":["Backstab","Poisoned Stab"],"picked":"Backflip+1","floor":18},{"not_picked":["Dagger Spray","Prepared+1","Caltrops"],"picked":"SKIP","floor":20},{"not_picked":["Dagger Spray","Heel Hook"],"picked":"PiercingWail+1","floor":21},{"not_picked":["Reflex+1","Finisher"],"picked":"After Image","floor":24},{"not_picked":["Backstab","Reflex+1","Slice+1"],"picked":"SKIP","floor":25},{"not_picked":["Expertise+1","Backflip+1"],"picked":"Dodge and Roll+1","floor":28},{"not_picked":["Deflect+1","Dagger Spray","Sucker Punch+1"],"picked":"SKIP","floor":30},{"not_picked":["Phantasmal Killer+1","Glass Knife"],"picked":"Die Die Die","floor":33},{"not_picked":["Sucker Punch+1","Masterful Stab"],"picked":"Dodge and Roll+1","floor":35},{"not_picked":["Caltrops+1","Dagger Spray"],"picked":"PiercingWail+1","floor":36},{"not_picked":["Blade Dance+1","Slice","Outmaneuver+1"],"picked":"SKIP","floor":38},{"not_picked":["Eviscerate","Acrobatics+1"],"picked":"Corpse Explosion+1","floor":41},{"not_picked":["Setup+1","PiercingWail+1","Quick Slash"],"picked":"SKIP","floor":42},{"not_picked":["Dash","Prepared+1"],"picked":"Cloak And Dagger+1","floor":46},{"not_picked":["Outmaneuver+1","Eviscerate","Caltrops+1"],"picked":"SKIP","floor":48}],"player_experience":866288,"relics_obtained":[{"floor":7,"key":"Toxic Egg 2"},{"floor":9,"key":"Ninja Scroll"},{"floor":10,"key":"Odd Mushroom"},{"floor":24,"key":"Girya"},{"floor":26,"key":"Bottled Lightning"},{"floor":29,"key":"Letter Opener"},{"floor":43,"key":"Pocketwatch"},{"floor":46,"key":"Nunchaku"}],"event_choices":[{"damage_healed":17,"gold_gain":0,"player_choice":"Healed","damage_taken":0,"max_hp_gain":0,"max_hp_loss":0,"event_name":"The Cleric","floor":4,"gold_loss":35},{"damage_healed":0,"gold_gain":0,"player_choice":"Fought Mushrooms","damage_taken":0,"max_hp_gain":0,"max_hp_loss":0,"event_name":"Mushrooms","floor":10,"gold_loss":0},{"damage_healed":0,"gold_gain":0,"player_choice":"Joined the Cult","damage_taken":6,"max_hp_gain":0,"max_hp_loss":0,"event_name":"Nest","floor":19,"gold_loss":0,"cards_obtained":["RitualDagger"]},{"damage_healed":0,"gold_gain":0,"player_choice":"Became a vampire","damage_taken":0,"max_hp_gain":0,"max_hp_loss":21,"event_name":"Vampires","floor":22,"gold_loss":0,"cards_obtained":["Bite","Bite","Bite","Bite","Bite"]},{"damage_healed":0,"gold_gain":0,"player_choice":"Ignored","damage_taken":0,"max_hp_gain":0,"max_hp_loss":0,"event_name":"Beggar","floor":27,"gold_loss":0},{"damage_healed":0,"gold_gain":0,"player_choice":"Memory 1","damage_taken":0,"max_hp_gain":0,"max_hp_loss":0,"event_name":"SensoryStone","floor":37,"gold_loss":0},{"damage_healed":0,"gold_gain":0,"cards_transformed":["Defend_G"],"player_choice":"Transformed","damage_taken":0,"max_hp_gain":0,"max_hp_loss":0,"event_name":"Transmorgrifier","floor":39,"gold_loss":0,"cards_obtained":["Deadly Poison"]},{"damage_healed":0,"gold_gain":0,"player_choice":"Ignored","damage_taken":0,"max_hp_gain":0,"max_hp_loss":0,"event_name":"Mysterious Sphere","floor":45,"gold_loss":0},{"damage_healed":0,"gold_gain":0,"player_choice":"Fight","damage_taken":0,"max_hp_gain":0,"max_hp_loss":0,"event_name":"MindBloom","floor":46,"gold_loss":0},{"damage_healed":0,"gold_gain":0,"player_choice":"Bought 1 Potion","damage_taken":0,"max_hp_gain":0,"max_hp_loss":0,"event_name":"The Woman in Blue","floor":47,"gold_loss":0}],"is_beta":false,"boss_relics":[{"not_picked":["Empty Cage","Orrery"],"picked":"Sozu"},{"not_picked":["Philosopher\u0027s Stone","Black Star"],"picked":"Eternal Feather"}],"items_purged_floors":[],"is_endless":false,"potions_floor_spawned":[1,10,13,16,21,24,25,30,33,35,38,42],"killed_by":"Awakened One","ascension_level":9}