{"gold_per_floor":[115,126,126,126,126,145,163,163,238,238,251,251,251,267,267,267],"floor_reached":16,"playtime":1412,"items_purged":[],"score":129,"play_id":"bfd5c07f-9ef2-44e5-bad9-ffaaf1982198","local_time":"20180909211038","is_ascension_mode":true,"campfire_choices":[{"data":"Night Terror","floor":10,"key":"SMITH"},{"floor":13,"key":"REST"},{"floor":15,"key":"REST"}],"neow_cost":"NONE","seed_source_timestamp":2133176829506832,"circlet_count":0,"master_deck":["Defend_G","Defend_G","Defend_G","Defend_G","Defend_G","Strike_G","Strike_G","Strike_G","Survivor","Neutralize","Night Terror+1","Deadly Poison","Well Laid Plans","Prepared","Decay"],"relics":["Ring of the Snake","Golden Idol","Pear"],"potions_floor_usage":[11,11],"damage_taken":[{"damage":2,"enemies":"2 Louse","floor":1,"turns":3},{"damage":11,"enemies":"Small Slimes","floor":2,"turns":4},{"damage":2,"enemies":"Jaw Worm","floor":6,"turns":4},{"damage":5,"enemies":"Large Slime","floor":7,"turns":12},{"damage":40,"enemies":"Exordium Thugs","floor":11,"turns":9},{"damage":11,"enemies":"Blue Slaver","floor":14,"turns":6},{"damage":69,"enemies":"Slime Boss","floor":16,"turns":12}],"seed_played":"-7213283365185791269","potions_obtained":[{"floor":6,"key":"GamblersBrew"},{"floor":7,"key":"SpeedPotion"}],"is_trial":false,"path_per_floor":["M","M","?","?","?","M","M","?","T","R","M","?","R","M","R"],"character_chosen":"THE_SILENT","items_purchased":[],"campfire_rested":2,"item_purchase_floors":[],"current_hp_per_floor":[61,50,70,70,65,63,58,58,68,68,28,28,50,39,61,0],"gold":267,"neow_bonus":"ONE_RANDOM_RARE_CARD","is_prod":false,"is_daily":false,"chose_seed":false,"campfire_upgraded":1,"win_rate":0,"timestamp":1536545438,"path_taken":["M","M","?","?","?","M","?","?","T","R","M","?","R","M","R","BOSS"],"build_version":"2018-09-06","purchased_purges":0,"victory":false,"max_hp_per_floor":[70,70,70,70,65,65,65,65,75,75,75,75,75,75,75,75],"card_choices":[{"not_picked":["Expertise","Dagger Throw"],"picked":"Deadly Poison","floor":1},{"not_picked":["Dagger Spray","Flying Knee"],"picked":"Well Laid Plans","floor":2},{"not_picked":["Heel Hook","Quick Slash","Skewer"],"picked":"SKIP","floor":6},{"not_picked":["Bouncing Flask","Infinite Blades"],"picked":"Prepared","floor":7},{"not_picked":["Deflect","Bane","Concentrate"],"picked":"SKIP","floor":11},{"not_picked":["Infinite Blades","Accuracy","Bane"],"picked":"SKIP","floor":14}],"player_experience":364260,"relics_obtained":[{"floor":9,"key":"Pear"}],"event_choices":[{"event_name":"Big Fish","player_choice":"Banana","floor":3,"damage_taken":0},{"event_name":"Living Wall","player_choice":"Forget","floor":4,"damage_taken":0},{"event_name":"Golden Idol","player_choice":"Lose Max HP","floor":5,"damage_taken":0},{"event_name":"Purifier","player_choice":"One Purge","floor":8,"damage_taken":0},{"event_name":"Wheel of Change","player_choice":"Curse","floor":12,"damage_taken":0}],"is_beta":false,"boss_relics":[],"items_purged_floors":[],"is_endless":false,"potions_floor_spawned":[6,7],"killed_by":"Slime Boss","ascension_level":8}