{"gold_per_floor":[115,115,43,55,66,95,95,95,120,120,147,322,53,69,69,174,174,190,105,32,42,55,86,11,11,92,92,92,111,128,157,157,256,256,273,293,309,178,278,278,294,304,327,327,346,362,373,373,373,373,373,373,25,55,55],"floor_reached":56,"playtime":4583,"items_purged":["Doubt","Regret","Doubt"],"score":1224,"play_id":"a1b06093-ce7d-4abc-b486-ba65c0a5f551","local_time":"20190216203331","is_ascension_mode":false,"campfire_choices":[{"floor":7.0,"key":"REST"},{"floor":10.0,"key":"REST"},{"floor":15.0,"key":"RECALL"},{"floor":25.0,"key":"REST"},{"data":"Defragment","floor":27.0,"key":"SMITH"},{"floor":32.0,"key":"REST"},{"floor":40,"key":"REST"},{"floor":49,"key":"REST"},{"data":"Rainbow","floor":52,"key":"SMITH"}],"neow_cost":"NONE","seed_source_timestamp":34886281175416,"circlet_count":0,"master_deck":["Strike_B","Strike_B","Strike_B+1","Defend_B","Defend_B+1","Defend_B","Defend_B","Zap","Dualcast","Coolheaded","White Noise","Melter","Leap","Ball Lightning","Rainbow+1","Reinforced Body","Defragment+1","Cold Snap","FTL+1","Leap","Conserve Battery+1","Defragment","Decay","Sweeping Beam","Aggregate+1","Redo+1","Glacier+1","Echo Form+1","Darkness+1","Gash","Streamline+1","Leap+1","Madness+1","Madness+1","Leap+1","Double Energy+1"],"special_seed":0,"relics":["White Beast Statue","Regal Pillow","Potion Belt","Pear","Anchor","Inserter","PreservedInsect","Bronze Scales","Enchiridion","Smiling Mask","Calling Bell","Centennial Puzzle","Toxic Egg 2","Torii","Emotion Chip","Art of War","Oddly Smooth Stone","Lantern"],"potions_floor_usage":[35,35,36,36,39,41,41,45,46,46,50,50,50,50,50,50,54,54,55,55,55,55,55,55,55],"damage_taken":[{"damage":5.0,"enemies":"2 Louse","floor":1.0,"turns":3.0},{"damage":0.0,"enemies":"Jaw Worm","floor":4.0,"turns":5.0},{"damage":4.0,"enemies":"Small Slimes","floor":5.0,"turns":3.0},{"damage":58.0,"enemies":"Gremlin Nob","floor":6.0,"turns":8.0},{"damage":8.0,"enemies":"Lagavulin","floor":11.0,"turns":9.0},{"damage":0.0,"enemies":"Looter","floor":14.0,"turns":4.0},{"damage":66.0,"enemies":"Hexaghost","floor":16.0,"turns":14.0},{"damage":9.0,"enemies":"Chosen","floor":18.0,"turns":5.0},{"damage":7.0,"enemies":"Shell Parasite","floor":21.0,"turns":8.0},{"damage":9.0,"enemies":"Centurion and Healer","floor":22.0,"turns":9.0},{"damage":40.0,"enemies":"Gremlin Leader","floor":23.0,"turns":8.0},{"damage":8.0,"enemies":"Snecko","floor":29.0,"turns":5.0},{"damage":0.0,"enemies":"Cultist and Chosen","floor":30.0,"turns":6.0},{"damage":5.0,"enemies":"Book of Stabbing","floor":31.0,"turns":6.0},{"damage":16.0,"enemies":"Champ","floor":33.0,"turns":12.0},{"damage":1,"enemies":"3 Shapes","floor":35,"turns":3},{"damage":14,"enemies":"3 Darklings","floor":36,"turns":4},{"damage":20,"enemies":"4 Shapes","floor":37,"turns":7},{"damage":0,"enemies":"Mind Bloom Boss Battle","floor":39,"turns":9},{"damage":16,"enemies":"Transient","floor":41,"turns":5},{"damage":1,"enemies":"Writhing Mass","floor":42,"turns":8},{"damage":11,"enemies":"Sphere and 2 Shapes","floor":45,"turns":6},{"damage":2,"enemies":"Jaw Worm Horde","floor":46,"turns":5},{"damage":22,"enemies":"Spire Growth","floor":47,"turns":9},{"damage":56,"enemies":"Donu and Deca","floor":50,"turns":9},{"damage":56,"enemies":"Shield and Spear","floor":54,"turns":5},{"damage":56,"enemies":"The Heart","floor":55,"turns":12}],"seed_played":"-4624519328107943159","potions_obtained":[{"floor":1.0,"key":"Fire Potion"},{"floor":4.0,"key":"EssenceOfSteel"},{"floor":5.0,"key":"EssenceOfSteel"},{"floor":6.0,"key":"SteroidPotion"},{"floor":11.0,"key":"Strength Potion"},{"floor":14.0,"key":"Explosive Potion"},{"floor":16.0,"key":"Weak Potion"},{"floor":18.0,"key":"Energy Potion"},{"floor":21.0,"key":"Strength Potion"},{"floor":22.0,"key":"FearPotion"},{"floor":23.0,"key":"Ancient Potion"},{"floor":29.0,"key":"EssenceOfSteel"},{"floor":31.0,"key":"FearPotion"},{"floor":33.0,"key":"PowerPotion"},{"floor":35,"key":"SkillPotion"},{"floor":36,"key":"Weak Potion"},{"floor":37,"key":"EntropicBrew"},{"floor":39,"key":"Block Potion"},{"floor":41,"key":"Weak Potion"},{"floor":42,"key":"Explosive Potion"},{"floor":45,"key":"Energy Potion"},{"floor":46,"key":"EntropicBrew"},{"floor":47,"key":"Weak Potion"},{"floor":54,"key":"Weak Potion"}],"is_trial":false,"path_per_floor":["M","?","$","M","M","E","R","?","T","R","E","?","$","M","R","B",null,"M","?","$","M","M","E","?","R","T","R","?","M","M","E","R","B",null,"M","M","M","$","?","R","M","M","T","?","M","M","M","?","R","B",null,"R","$","E","B",null],"character_chosen":"DEFECT","items_purchased":["White Noise","Anchor","Ball Lightning","Defragment","Glacier+1","Oddly Smooth Stone","Leap+1","SkillPotion","Block Potion"],"campfire_rested":6,"item_purchase_floors":[3,13,13,20,38,53,53,53,53],"current_hp_per_floor":[70,75,75,75,71,13,52,36,36,75,77,77,77,77,77,11,90,81,81,81,74,65,25,25,67,67,67,51,43,43,38,80,64,90,89,75,55,55,55,90,74,73,73,73,62,60,38,27,69,28,90,90,90,34,2],"gold":55,"neow_bonus":"BOSS_RELIC","is_prod":false,"is_daily":false,"chose_seed":false,"campfire_upgraded":2,"win_rate":0,"timestamp":1550370811,"path_taken":["M","?","$","M","M","E","R","?","T","R","E","?","$","M","R","BOSS","M","?","$","M","M","E","?","R","T","R","?","M","M","E","R","BOSS","M","M","M","$","?","R","M","M","T","?","?","M","M","?","R","BOSS","R","$","E","BOSS"],"build_version":"2019-01-23","purchased_purges":3,"victory":true,"max_hp_per_floor":[75,80,80,80,80,80,80,80,80,80,90,90,90,90,90,90,90,90,90,90,90,90,90,90,90,90,90,90,90,90,90,90,90,90,90,90,90,90,90,90,90,90,90,90,90,90,90,90,90,90,90,90,90,90,90],"card_choices":[{"not_picked":["Compile Driver","Double Energy"],"picked":"Coolheaded","floor":1.0},{"not_picked":["Fusion","Recycle"],"picked":"Melter","floor":4.0},{"not_picked":["Rebound","Sunder"],"picked":"Leap","floor":5.0},{"not_picked":["Beam Cell","Redo","Streamline"],"picked":"SKIP","floor":6.0},{"not_picked":["Machine Learning","Barrage","Hologram"],"picked":"SKIP","floor":11.0},{"not_picked":["Hologram","Compile Driver","Redo"],"picked":"SKIP","floor":14.0},{"not_picked":["Fission","Thunder Strike"],"picked":"Rainbow","floor":16.0},{"not_picked":["Turbo","Ball Lightning"],"picked":"Reinforced Body","floor":18.0},{"not_picked":["Beam Cell","Rebound"],"picked":"Cold Snap","floor":21.0},{"not_picked":["Rebound+1","Recycle","Darkness"],"picked":"SKIP","floor":22.0},{"not_picked":["Undo","Conserve Battery"],"picked":"FTL+1","floor":23.0},{"not_picked":["Rebound","Lockon"],"picked":"Leap","floor":29.0},{"not_picked":["Turbo","Barrage"],"picked":"Conserve Battery+1","floor":30.0},{"not_picked":["Barrage+1","Blizzard"],"picked":"Defragment","floor":31.0},{"not_picked":["Redo+1","Defragment"],"picked":"Sweeping Beam","floor":35},{"not_picked":["Cold Snap","Redo+1"],"picked":"Aggregate+1","floor":36},{"not_picked":["Ball Lightning+1","Fusion+1"],"picked":"Redo+1","floor":37},{"not_picked":["Undo+1","Hologram+1"],"picked":"Echo Form","floor":39},{"not_picked":["Genetic Algorithm+1","Hello World"],"picked":"Darkness+1","floor":41},{"not_picked":["Blizzard","Sweeping Beam"],"picked":"Gash","floor":42},{"not_picked":["Compile Driver+1","Chaos+1"],"picked":"Streamline+1","floor":45},{"not_picked":["Coolheaded+1","Compile Driver","Multi-Cast+1"],"picked":"SKIP","floor":46},{"not_picked":["Blizzard+1","Steam+1"],"picked":"Leap+1","floor":47},{"not_picked":["Compile Driver","Hologram+1"],"picked":"Double Energy+1","floor":54}],"player_experience":401363,"relics_obtained":[{"floor":6.0,"key":"Regal Pillow"},{"floor":9.0,"key":"Potion Belt"},{"floor":11.0,"key":"Pear"},{"floor":23.0,"key":"Bronze Scales"},{"floor":28.0,"key":"Enchiridion"},{"floor":31.0,"key":"Smiling Mask"},{"floor":34.0,"key":"Centennial Puzzle"},{"floor":34.0,"key":"Toxic Egg 2"},{"floor":34.0,"key":"Torii"},{"floor":39,"key":"Emotion Chip"},{"floor":43,"key":"Art of War"},{"floor":54,"key":"Lantern"}],"event_choices":[{"damage_healed":0.0,"max_hp_gain":5.0,"max_hp_loss":0.0,"gold_gain":0.0,"event_name":"Big Fish","player_choice":"Donut","floor":2.0,"gold_loss":0.0,"damage_taken":0.0},{"damage_healed":0.0,"max_hp_gain":0.0,"max_hp_loss":0.0,"gold_gain":0.0,"event_name":"Shining Light","player_choice":"Entered Light","floor":8.0,"gold_loss":0.0,"damage_taken":16.0,"cards_upgraded":["Strike_B","Defend_B"]},{"damage_healed":0.0,"max_hp_gain":0.0,"max_hp_loss":0.0,"gold_gain":175.0,"event_name":"Liars Game","player_choice":"AGREE","floor":12.0,"gold_loss":0.0,"damage_taken":0.0,"cards_obtained":["Doubt"]},{"damage_healed":0.0,"max_hp_gain":0.0,"max_hp_loss":0.0,"gold_gain":0.0,"event_name":"Addict","player_choice":"Obtained Relic","floor":19.0,"gold_loss":85.0,"damage_taken":0.0,"relics_obtained":["PreservedInsect"]},{"cards_removed":["Strike_B"],"damage_healed":0.0,"max_hp_gain":0.0,"max_hp_loss":0.0,"gold_gain":0.0,"event_name":"Beggar","player_choice":"Gave Gold","floor":24.0,"gold_loss":75.0,"damage_taken":0.0},{"damage_healed":0.0,"max_hp_gain":0.0,"max_hp_loss":0.0,"gold_gain":0.0,"event_name":"Cursed Tome","player_choice":"Obtained Book","floor":28.0,"gold_loss":0.0,"damage_taken":16.0},{"damage_healed":0,"gold_gain":0,"player_choice":"Fight","damage_taken":0,"max_hp_gain":0,"max_hp_loss":0,"event_name":"MindBloom","floor":39,"gold_loss":0},{"damage_healed":0,"gold_gain":0,"player_choice":"Upgraded","damage_taken":0,"max_hp_gain":0,"max_hp_loss":0,"event_name":"Upgrade Shrine","floor":44,"gold_loss":0,"cards_upgraded":["Echo Form"]},{"damage_healed":0,"gold_gain":0,"player_choice":"Embrace Madness","damage_taken":11,"max_hp_gain":0,"max_hp_loss":0,"event_name":"Winding Halls","floor":48,"gold_loss":0,"cards_obtained":["Madness","Madness"]}],"is_beta":false,"boss_relics":[{"not_picked":["Orrery","Empty Cage"],"picked":"Inserter"},{"not_picked":["Tiny House","Runic Dome"],"picked":"Calling Bell"}],"items_purged_floors":[13,38,53],"is_endless":false,"potions_floor_spawned":[1,4,5,6,11,14,16,18,21,22,23,29,30,31,33,35,36,37,39,41,42,45,46,47,54],"ascension_level":0}