{"path_per_floor":["M","M","M","$","M","E","R","?","T","M","M","E","M","M","R","B",null,"M","M","$","M","$","E","R","?","T","?","R","M","R","M","R","B",null,"M","$","M","M","M","E","R","?","T","R","M","E","R","E","R"],"character_chosen":"IRONCLAD","items_purchased":["Metallicize","Perfected Strike","Medical Kit","Twin Strike"],"gold_per_floor":[111,128,138,10,27,59,59,59,134,151,165,199,215,230,230,330,330,345,357,77,87,62,96,96,11,11,11,11,30,30,43,43,144,144,160,60,74,85,103,136,136,136,188,188,202,228,228,261,261,261],"floor_reached":50,"campfire_rested":1,"playtime":4398,"item_purchase_floors":[4,4,20,22],"current_hp_per_floor":[37,42,47,47,56,38,38,38,38,44,49,40,50,55,55,58,80,79,80,80,80,80,65,65,65,65,65,65,71,71,70,70,45,80,74,74,77,72,77,29,29,73,73,73,76,56,56,54,79,0],"items_purged":["Regret","Defend_R"],"gold":261,"score":641,"play_id":"14962489-55f3-470a-a810-da2d6f879804","local_time":"20180528005338","is_prod":false,"is_daily":false,"chose_seed":false,"is_ascension_mode":false,"campfire_upgraded":0,"win_rate":0,"timestamp":1527486818,"campfire_choices":[{"floor":7,"key":"DIG"},{"floor":15,"key":"DIG"},{"floor":24,"key":"DIG"},{"floor":28,"key":"DIG"},{"floor":30,"key":"DIG"},{"floor":32,"key":"DIG"},{"floor":41,"key":"DIG"},{"floor":44,"key":"DIG"},{"floor":47,"key":"DIG"},{"floor":49,"key":"REST"}],"path_taken":["M","M","M","$","M","E","R","?","T","M","M","E","M","M","R","BOSS","M","M","$","M","?","E","R","?","T","?","R","?","R","M","R","BOSS","M","$","M","M","M","E","R","?","T","R","M","E","R","E","R","BOSS"],"build_version":"2018-05-24","seed_source_timestamp":437258965317135,"purchased_purges":2,"victory":false,"master_deck":["Strike_R","Strike_R","Strike_R","Strike_R","Strike_R","Defend_R+1","Defend_R","Defend_R+1","Bash","Pommel Strike","Reaper","Metallicize","Perfected Strike","Headbutt","Bludgeon","Pommel Strike","Perfected Strike","Armaments","Perfected Strike","Fire Breathing+1","Berserk+1","Armaments+1","Perfected Strike","Twin Strike","Blood for Blood+1","Bloodletting","Bash","Perfected Strike","Feed","Fire Breathing+1","Pommel Strike","Perfected Strike","Feed"],"max_hp_per_floor":[80,80,80,80,80,80,80,80,80,80,80,80,80,80,80,80,80,80,80,80,80,80,80,80,80,80,80,80,80,80,80,80,80,80,83,83,83,83,83,83,83,73,73,73,76,76,76,86,86,86],"relics":["Burning Blood","Torii","Shovel","Potion Belt","Anchor","Frozen Egg 2","Thread and Needle","Meat on the Bone","Mark of Pain","Medical Kit","War Paint","Shuriken","Centennial Puzzle","Peace Pipe","Lantern","Bottled Flame","Ancient Tea Set","Sozu","Omamori","Red Skull","Blood Vial","Charon\u0027s Ashes","Boot","Kunai","Pear"],"card_choices":[{"not_picked":["True Grit","Uppercut","Clash"],"picked":"SKIP","floor":1},{"not_picked":["Headbutt","Inflame"],"picked":"Pommel Strike","floor":2},{"not_picked":["Clothesline","Anger"],"picked":"Reaper","floor":3},{"not_picked":["True Grit","Thunderclap"],"picked":"Headbutt","floor":5},{"not_picked":["Reckless Charge","Inflame"],"picked":"Bludgeon","floor":6},{"not_picked":["Twin Strike","Clash"],"picked":"Pommel Strike","floor":10},{"not_picked":["Ghostly Armor","Rage"],"picked":"Perfected Strike","floor":11},{"not_picked":["Intimidate","Carnage"],"picked":"Armaments","floor":12},{"not_picked":["Twin Strike","Hemokinesis"],"picked":"Perfected Strike","floor":13},{"not_picked":["Whirlwind","Twin Strike"],"picked":"Fire Breathing+1","floor":14},{"not_picked":["Impervious","Barricade+1"],"picked":"Berserk+1","floor":16},{"not_picked":["Clothesline","Body Slam","Clash"],"picked":"SKIP","floor":18},{"not_picked":["Dropkick","Twin Strike"],"picked":"Armaments+1","floor":19},{"not_picked":["Twin Strike","Warcry+1"],"picked":"Perfected Strike","floor":21},{"not_picked":["Second Wind","Dark Embrace+1"],"picked":"Blood for Blood+1","floor":23},{"not_picked":["Warcry","Cleave","Flame Barrier"],"picked":"SKIP","floor":29},{"not_picked":["Battle Trance","Ghostly Armor"],"picked":"Perfected Strike","floor":31},{"not_picked":["Juggernaut+1","Dark Embrace+1"],"picked":"Feed","floor":33},{"not_picked":["Sword Boomerang+1","Headbutt+1"],"picked":"Fire Breathing+1","floor":35},{"not_picked":["Warcry","Twin Strike"],"picked":"Pommel Strike","floor":37},{"not_picked":["Iron Wave","Sever Soul+1","Clothesline"],"picked":"SKIP","floor":38},{"not_picked":["Warcry+1","Thunderclap+1","Cleave+1"],"picked":"SKIP","floor":39},{"not_picked":["Ghostly Armor","Shrug It Off+1","Warcry"],"picked":"SKIP","floor":40},{"not_picked":["Metallicize+1","Twin Strike"],"picked":"Perfected Strike","floor":45},{"not_picked":["Clash","Pummel","True Grit"],"picked":"SKIP","floor":46},{"not_picked":["Bloodletting+1","Reckless Charge"],"picked":"Feed","floor":48}],"player_experience":25816,"potions_floor_usage":[],"damage_taken":[{"damage":9,"enemies":"Small Slimes","floor":1,"turns":4},{"damage":1,"enemies":"Jaw Worm","floor":2,"turns":5},{"damage":1,"enemies":"Cultist","floor":3,"turns":3},{"damage":6,"enemies":"Lots of Slimes","floor":5,"turns":5},{"damage":32,"enemies":"3 Sentries","floor":6,"turns":8},{"damage":0,"enemies":"Looter","floor":10,"turns":2},{"damage":1,"enemies":"3 Louse","floor":11,"turns":3},{"damage":15,"enemies":"Gremlin Nob","floor":12,"turns":3},{"damage":4,"enemies":"Exordium Thugs","floor":13,"turns":4},{"damage":1,"enemies":"Looter","floor":14,"turns":3},{"damage":20,"enemies":"Hexaghost","floor":16,"turns":9},{"damage":7,"enemies":"Chosen","floor":18,"turns":4},{"damage":4,"enemies":"2 Thieves","floor":19,"turns":4},{"damage":6,"enemies":"Cultist and Chosen","floor":21,"turns":5},{"damage":25,"enemies":"Book of Stabbing","floor":23,"turns":4},{"damage":0,"enemies":"Snecko","floor":29,"turns":2},{"damage":7,"enemies":"Snake Plant","floor":31,"turns":3},{"damage":43,"enemies":"Collector","floor":33,"turns":8},{"damage":15,"enemies":"3 Shapes","floor":35,"turns":3},{"damage":9,"enemies":"3 Darklings","floor":37,"turns":6},{"damage":11,"enemies":"Maw","floor":38,"turns":6},{"damage":1,"enemies":"Sphere and 2 Shapes","floor":39,"turns":3},{"damage":66,"enemies":"Giant Head","floor":40,"turns":7},{"damage":6,"enemies":"4 Shapes","floor":45,"turns":2},{"damage":26,"enemies":"2 Orb Walkers","floor":46,"turns":4},{"damage":35,"enemies":"Nemesis","floor":48,"turns":3},{"damage":88,"enemies":"Time Eater","floor":50,"turns":7}],"relics_obtained":[{"floor":6,"key":"Shovel"},{"floor":7,"key":"Potion Belt"},{"floor":9,"key":"Frozen Egg 2"},{"floor":12,"key":"Thread and Needle"},{"floor":15,"key":"Meat on the Bone"},{"floor":23,"key":"War Paint"},{"floor":24,"key":"Shuriken"},{"floor":26,"key":"Peace Pipe"},{"floor":28,"key":"Lantern"},{"floor":30,"key":"Bottled Flame"},{"floor":32,"key":"Ancient Tea Set"},{"floor":40,"key":"Omamori"},{"floor":41,"key":"Red Skull"},{"floor":43,"key":"Blood Vial"},{"floor":44,"key":"Charon\u0027s Ashes"},{"floor":46,"key":"Boot"},{"floor":47,"key":"Kunai"},{"floor":48,"key":"Pear"}],"event_choices":[{"event_name":"Big Fish","player_choice":"Box","floor":8,"damage_taken":0},{"event_name":"Addict","player_choice":"Obtained Relic","floor":25,"damage_taken":0},{"event_name":"Match and Keep!","player_choice":"2 cards matched","floor":27,"damage_taken":0},{"event_name":"The Moai Head","player_choice":"Heal","floor":42,"damage_taken":0}],"boss_relics":[{"not_picked":["White Beast Statue","Calling Bell"],"picked":"Mark of Pain"},{"not_picked":["Runic Cube","Orrery"],"picked":"Sozu"}],"items_purged_floors":[20,36],"potions_floor_spawned":[3,5,10,12,13,18,21,31,37,38,40,45],"seed_played":"5471255457932779989","killed_by":"Time Eater","ascension_level":0,"potions_obtained":[{"floor":3,"key":"SmokeBomb"},{"floor":5,"key":"Block Potion"},{"floor":10,"key":"Swift Potion"},{"floor":12,"key":"GamblersBrew"},{"floor":13,"key":"SpeedPotion"},{"floor":18,"key":"Regen Potion"},{"floor":31,"key":"BloodPotion"}],"is_trial":false}