{"gold_per_floor":[109,109,109,34,50,50,60,60,115,132,163,63,63,75,75,75],"floor_reached":16,"playtime":456,"items_purged":["Defend_G","Strike_G"],"score":175,"play_id":"375b6a77-9a04-450b-a890-0980237dbb70","local_time":"20190214204929","is_ascension_mode":true,"campfire_choices":[{"data":"Footwork","floor":6.0,"key":"SMITH"},{"data":"Deadly Poison","floor":13,"key":"SMITH"},{"data":"Deadly Poison","floor":15,"key":"SMITH"}],"neow_cost":"NONE","seed_source_timestamp":2670678279394,"circlet_count":0,"master_deck":["AscendersBane","Defend_G","Defend_G","Defend_G","Defend_G","Strike_G+1","Strike_G+1","Strike_G","Survivor","Neutralize","Footwork+1","Dagger Throw","Escape Plan","Dagger Throw","Deadly Poison+1","Deadly Poison+1"],"special_seed":0,"relics":["Ring of the Snake","Orichalcum","Tiny Chest","Shovel"],"potions_floor_usage":[11,16,16],"damage_taken":[{"damage":2.0,"enemies":"Jaw Worm","floor":1.0,"turns":5.0},{"damage":1.0,"enemies":"2 Louse","floor":5.0,"turns":3.0},{"damage":3.0,"enemies":"Small Slimes","floor":7.0,"turns":3.0},{"damage":0.0,"enemies":"Looter","floor":10.0,"turns":4.0},{"damage":12,"enemies":"3 Sentries","floor":11,"turns":7},{"damage":11,"enemies":"Lots of Slimes","floor":14,"turns":5},{"damage":24,"enemies":"Slime Boss","floor":16,"turns":5}],"seed_played":"-5846989258741946749","potions_obtained":[{"floor":7.0,"key":"LiquidBronze"},{"floor":11,"key":"LiquidBronze"},{"floor":14,"key":"Explosive Potion"}],"is_trial":false,"path_per_floor":["M","?","?","$","M","R","M","?","T","M","E","$","R","M","R","B"],"character_chosen":"THE_SILENT","items_purchased":[],"campfire_rested":0,"item_purchase_floors":[],"current_hp_per_floor":[57,62,55,55,54,54,51,30,30,30,18,18,18,7,7,0],"gold":75,"neow_bonus":"RANDOM_COMMON_RELIC","is_prod":false,"is_daily":false,"chose_seed":false,"campfire_upgraded":3,"win_rate":0,"timestamp":1550188169,"path_taken":["M","?","?","$","M","R","M","?","T","M","E","$","R","M","R","BOSS"],"build_version":"2018-11-15","purchased_purges":2,"victory":false,"max_hp_per_floor":[66,71,71,71,71,71,71,71,71,71,71,71,71,71,71,71],"card_choices":[{"not_picked":["Slice","Finisher"],"picked":"Footwork","floor":1.0},{"not_picked":["Outmaneuver","Finisher"],"picked":"Dagger Throw","floor":5.0},{"not_picked":["Accuracy","Sucker Punch"],"picked":"Escape Plan","floor":7.0},{"not_picked":["Accuracy","Setup"],"picked":"Dagger Throw","floor":10.0},{"not_picked":["Flechettes","Tactician"],"picked":"Deadly Poison","floor":11},{"not_picked":["Prepared","Riddle With Holes"],"picked":"Deadly Poison","floor":14}],"player_experience":134943,"relics_obtained":[{"floor":9.0,"key":"Tiny Chest"},{"floor":11,"key":"Shovel"}],"event_choices":[{"damage_healed":0.0,"max_hp_gain":5.0,"max_hp_loss":0.0,"gold_gain":0.0,"event_name":"Big Fish","player_choice":"Donut","floor":2.0,"gold_loss":0.0,"damage_taken":0.0},{"cards_removed":["Strike_G"],"damage_healed":0.0,"max_hp_gain":0.0,"max_hp_loss":0.0,"gold_gain":0.0,"event_name":"Golden Wing","player_choice":"Card Removal","floor":3.0,"gold_loss":0.0,"damage_taken":7.0},{"damage_healed":0.0,"max_hp_gain":0.0,"max_hp_loss":0.0,"gold_gain":0.0,"event_name":"Shining Light","player_choice":"Entered Light","floor":8.0,"gold_loss":0.0,"damage_taken":21.0,"cards_upgraded":["Strike_G","Strike_G"]}],"is_beta":false,"boss_relics":[],"items_purged_floors":[4,12],"is_endless":false,"potions_floor_spawned":[7,11,14],"killed_by":"Slime Boss","ascension_level":15}