{"gold_per_floor":[109,40,40,58,58,58,58,72,72,82,82,152,180,180,180,304,304,328,328,427,352,366,366,366,377,377,394,404,404,66,79,79,174,174,186,186,186,203,218,218,218,218],"floor_reached":42,"playtime":3446,"items_purged":["Strike_G"],"score":540,"play_id":"9f1f55fe-0ed8-4eb7-b1f1-b9f9965827b6","local_time":"20180823000015","is_ascension_mode":true,"campfire_choices":[{"data":"Catalyst","floor":6,"key":"SMITH"},{"data":"Deadly Poison","floor":11,"key":"SMITH"},{"floor":15,"key":"REST"},{"data":"Calculated Gamble","floor":23,"key":"SMITH"},{"data":"Crippling Poison","floor":29,"key":"SMITH"},{"data":"Terror","floor":32,"key":"SMITH"},{"data":"Accuracy","floor":40,"key":"SMITH"}],"neow_cost":"TEN_PERCENT_HP_LOSS","seed_source_timestamp":586076232224303,"circlet_count":0,"master_deck":["Defend_G+1","Defend_G","Defend_G","Defend_G","Defend_G","Strike_G","Strike_G","Survivor","Neutralize","Calculated Gamble+1","Catalyst+1","Cloak And Dagger+1","Crippling Poison+1","Cloak And Dagger","Deadly Poison+1","Prepared","Burst","Ghostly","Ghostly","Ghostly","Ghostly","Ghostly","Shame","Prepared+1","Accuracy+1","Terror+1","Bullet Time","Normality"],"relics":["Ring of the Snake","Blood Vial","Matryoshka","Happy Flower","Ninja Scroll","Potion Belt","Bloody Idol","Cursed Key","Vajra","Blue Candle","Gremlin Horn","Busted Crown","Tingsha"],"potions_floor_usage":[4,16,33,42],"damage_taken":[{"damage":3,"enemies":"Jaw Worm","floor":1,"turns":7},{"damage":0,"enemies":"Small Slimes","floor":4,"turns":5},{"damage":0,"enemies":"Cultist","floor":8,"turns":3},{"damage":1,"enemies":"3 Louse","floor":10,"turns":3},{"damage":13,"enemies":"Lagavulin","floor":13,"turns":6},{"damage":4,"enemies":"The Guardian","floor":16,"turns":8},{"damage":0,"enemies":"2 Thieves","floor":18,"turns":4},{"damage":1,"enemies":"3 Byrds","floor":22,"turns":7},{"damage":0,"enemies":"Snake Plant","floor":25,"turns":3},{"damage":1,"enemies":"Cultist and Chosen","floor":27,"turns":6},{"damage":3,"enemies":"Snecko","floor":28,"turns":7},{"damage":1,"enemies":"Centurion and Healer","floor":31,"turns":6},{"damage":2,"enemies":"Automaton","floor":33,"turns":10},{"damage":24,"enemies":"3 Darklings","floor":35,"turns":5},{"damage":1,"enemies":"3 Shapes","floor":38,"turns":3},{"damage":2,"enemies":"Transient","floor":39,"turns":5},{"damage":26,"enemies":"Maw","floor":42,"turns":6}],"seed_played":"1371656350061815719","potions_obtained":[{"floor":1,"key":"Fruit Juice"},{"floor":4,"key":"Ancient Potion"},{"floor":8,"key":"GhostInAJar"},{"floor":22,"key":"Energy Potion"},{"floor":27,"key":"Dexterity Potion"},{"floor":31,"key":"Ancient Potion"},{"floor":38,"key":"Weak Potion"}],"is_trial":false,"path_per_floor":["M","$","?","M","?","R","?","M","T","M","R","T","E","?","R","B",null,"M","?","?","$","M","R","?","M","T","M","M","R","$","M","R","B",null,"M","?","?","M","M","R","?"],"character_chosen":"THE_SILENT","items_purchased":["Catalyst","Accuracy","Gremlin Horn"],"campfire_rested":1,"item_purchase_floors":[2,30,30],"current_hp_per_floor":[60,60,53,60,46,46,46,48,48,49,49,49,38,38,56,54,61,63,31,31,31,30,30,30,31,31,31,31,31,31,31,31,31,31,12,12,12,18,23,23,23,0],"gold":218,"neow_bonus":"REMOVE_TWO","is_prod":false,"is_daily":false,"chose_seed":false,"campfire_upgraded":6,"win_rate":0,"timestamp":1535000415,"path_taken":["M","$","?","M","?","R","?","M","T","?","R","?","E","?","R","BOSS","M","?","?","$","M","R","?","M","T","M","M","R","$","M","R","BOSS","M","?","?","M","M","R","?","?"],"build_version":"2018-08-16","purchased_purges":1,"victory":false,"max_hp_per_floor":[63,63,63,68,68,68,68,68,68,68,68,68,68,63,63,63,63,63,31,31,31,31,31,31,31,31,31,31,31,31,31,31,31,31,31,31,31,31,31,31,31,31],"card_choices":[{"not_picked":["Distraction","Dodge and Roll"],"picked":"Calculated Gamble","floor":1},{"not_picked":["Slice","Backflip"],"picked":"Cloak And Dagger","floor":4},{"not_picked":["Dagger Throw","Finisher"],"picked":"Cloak And Dagger","floor":8},{"not_picked":["Glass Knife","Setup"],"picked":"Deadly Poison","floor":10},{"not_picked":["Flechettes","Dagger Throw"],"picked":"Prepared","floor":13},{"not_picked":["Phantasmal Killer","Unload"],"picked":"Burst","floor":16},{"not_picked":["Blur","Tactician+1","Leg Sweep"],"picked":"SKIP","floor":18},{"not_picked":["Dodge and Roll","Poisoned Stab","Deflect"],"picked":"SKIP","floor":22},{"not_picked":["Underhanded Strike","Backflip","Dash"],"picked":"SKIP","floor":25},{"not_picked":["Masterful Stab","Cloak And Dagger","Quick Slash+1"],"picked":"SKIP","floor":27},{"not_picked":["Dodge and Roll","Blade Dance+1"],"picked":"Prepared+1","floor":28},{"not_picked":["Dagger Spray+1","Blur"],"picked":"Terror","floor":31},{"not_picked":["Tools of the Trade","Burst"],"picked":"Bullet Time","floor":33},{"not_picked":["Dagger Throw"],"picked":"SKIP","floor":35},{"not_picked":["Eviscerate"],"picked":"SKIP","floor":38},{"not_picked":["Flying Knee+1"],"picked":"SKIP","floor":39}],"player_experience":338757,"relics_obtained":[{"floor":9,"key":"Matryoshka"},{"floor":12,"key":"Happy Flower"},{"floor":12,"key":"Ninja Scroll"},{"floor":13,"key":"Potion Belt"},{"floor":26,"key":"Vajra"},{"floor":26,"key":"Blue Candle"}],"event_choices":[{"event_name":"Scrap Ooze","player_choice":"success","floor":3,"damage_taken":7},{"event_name":"Shining Light","player_choice":"Entered Light","floor":5,"damage_taken":0},{"event_name":"Match and Keep!","player_choice":"1 cards matched","floor":7,"damage_taken":0},{"event_name":"Golden Idol","player_choice":"Lose Max HP","floor":14,"damage_taken":0},{"event_name":"Ghosts","player_choice":"Became a Ghost","floor":19,"damage_taken":0},{"event_name":"Nest","player_choice":"Stole From Cult","floor":20,"damage_taken":0},{"event_name":"Forgotten Altar","player_choice":"Gave Idol","floor":24,"damage_taken":0},{"event_name":"SensoryStone","player_choice":"Memory 1","floor":36,"damage_taken":0},{"event_name":"The Woman in Blue","player_choice":"Bought 0 Potions","floor":37,"damage_taken":0},{"event_name":"Accursed Blacksmith","player_choice":"Rummage","floor":41,"damage_taken":0}],"is_beta":false,"boss_relics":[{"not_picked":["Calling Bell","Runic Pyramid"],"picked":"Cursed Key"},{"not_picked":["Orrery","Snecko Eye"],"picked":"Busted Crown"}],"items_purged_floors":[21],"is_endless":false,"potions_floor_spawned":[1,4,8,22,27,31,38],"killed_by":"Maw","ascension_level":6}