{"gold_per_floor":[16,91,111,125,125,125,142,169,196,225,225,258,258,277,277,277],"floor_reached":16,"playtime":566,"items_purged":[],"score":234,"play_id":"2bd31d2b-7646-4484-b118-84db103f03fe","local_time":"20190116194651","is_ascension_mode":true,"campfire_choices":[{"data":"Clash","floor":6,"key":"SMITH"},{"data":"Perfected Strike","floor":11,"key":"SMITH"},{"data":"Whirlwind","floor":13,"key":"SMITH"},{"data":"Perfected Strike","floor":15,"key":"SMITH"}],"neow_cost":"NO_GOLD","seed_source_timestamp":91959651439708,"circlet_count":0,"master_deck":["Strike_R","Strike_R","Strike_R","Strike_R","Defend_R","Defend_R","Defend_R","Bash","Feel No Pain","Brutality","Iron Wave","Hemokinesis+1","Clash+1","Perfected Strike+1","Whirlwind+1","Iron Wave","Perfected Strike+1","Clash"],"special_seed":0,"relics":["Burning Blood","Bag of Preparation","Vajra","Dream Catcher","Bottled Flame"],"potions_floor_usage":[10,12,16],"damage_taken":[{"damage":5,"enemies":"Small Slimes","floor":1,"turns":3},{"damage":5,"enemies":"Cultist","floor":3,"turns":5},{"damage":7,"enemies":"Jaw Worm","floor":4,"turns":3},{"damage":20,"enemies":"3 Louse","floor":7,"turns":2},{"damage":29,"enemies":"3 Sentries","floor":8,"turns":6},{"damage":26,"enemies":"Lagavulin","floor":10,"turns":3},{"damage":3,"enemies":"Gremlin Nob","floor":12,"turns":3},{"damage":1,"enemies":"Exordium Thugs","floor":14,"turns":3},{"damage":20,"enemies":"The Guardian","floor":16,"turns":8}],"seed_played":"1020441811685525711","potions_obtained":[{"floor":3,"key":"SkillPotion"},{"floor":4,"key":"Fire Potion"},{"floor":7,"key":"Weak Potion"},{"floor":12,"key":"SteroidPotion"}],"is_trial":false,"path_per_floor":["M","?","M","M","?","R","M","E","T","E","R","E","R","M","R","B"],"character_chosen":"IRONCLAD","items_purchased":[],"campfire_rested":0,"item_purchase_floors":[],"current_hp_per_floor":[80,69,70,69,69,69,55,32,32,12,12,15,15,20,20,0],"gold":277,"neow_bonus":"TRANSFORM_TWO_CARDS","is_prod":false,"is_daily":false,"chose_seed":false,"campfire_upgraded":4,"win_rate":0,"timestamp":1547678811,"path_taken":["M","?","M","M","?","R","?","E","T","E","R","E","R","M","R","BOSS"],"build_version":"2018-11-15","purchased_purges":0,"victory":false,"max_hp_per_floor":[80,80,80,80,80,80,80,80,80,80,80,80,80,80,80,80],"card_choices":[{"not_picked":["Pommel Strike","Evolve"],"picked":"Iron Wave","floor":1},{"not_picked":["Sword Boomerang","Entrench"],"picked":"Hemokinesis","floor":3},{"not_picked":["Thunderclap","Infernal Blade"],"picked":"Clash","floor":4},{"not_picked":["Whirlwind","Dropkick"],"picked":"Perfected Strike","floor":7},{"not_picked":["Cleave","Battle Trance"],"picked":"Whirlwind","floor":8},{"not_picked":["Infernal Blade","Searing Blow"],"picked":"Iron Wave","floor":10},{"not_picked":["Fiend Fire","Clash"],"picked":"Perfected Strike","floor":12},{"not_picked":["Iron Wave","Disarm"],"picked":"Clash","floor":14}],"player_experience":21573,"relics_obtained":[{"floor":8,"key":"Bag of Preparation"},{"floor":9,"key":"Vajra"},{"floor":10,"key":"Dream Catcher"},{"floor":12,"key":"Bottled Flame"}],"event_choices":[{"damage_healed":0,"gold_gain":75,"player_choice":"Gather Gold","damage_taken":11,"max_hp_gain":0,"max_hp_loss":0,"event_name":"World of Goop","floor":2,"gold_loss":0},{"damage_healed":0,"gold_gain":0,"player_choice":"Upgraded","damage_taken":0,"max_hp_gain":0,"max_hp_loss":0,"event_name":"Upgrade Shrine","floor":5,"gold_loss":0,"cards_upgraded":["Hemokinesis"]}],"is_beta":false,"boss_relics":[],"items_purged_floors":[],"is_endless":false,"potions_floor_spawned":[3,4,7,12],"killed_by":"The Guardian","ascension_level":4}