{"gold_per_floor":[112,192,342,358,5,40,40,72,72,72,101,119,119,147,147,226,226,242,261,261,99,14,14,30,49,49,68,68,97,5,20,20,97,97,108,108,123,123,139,139,169,169,169,188,205,48,67,41,41,41],"floor_reached":51,"playtime":2072,"items_purged":["Doubt"],"score":1586,"play_id":"c3fa6cb0-2cb4-4356-83db-f870073c821e","local_time":"20190210235454","is_ascension_mode":true,"campfire_choices":[{"data":"Wild Strike","floor":7.0,"key":"SMITH"},{"data":"Bash","floor":10.0,"key":"SMITH"},{"data":"Fiend Fire","floor":13.0,"key":"SMITH"},{"data":"Demon Form","floor":15.0,"key":"SMITH"},{"data":"Shockwave","floor":23.0,"key":"SMITH"},{"data":"Whirlwind","floor":32.0,"key":"SMITH"},{"data":"Double Tap","floor":40.0,"key":"SMITH"},{"data":"Sword Boomerang","floor":42.0,"key":"SMITH"},{"data":"True Grit","floor":49,"key":"SMITH"}],"neow_cost":"NONE","seed_source_timestamp":270067830816185,"circlet_count":0,"master_deck":["AscendersBane","Strike_R","Strike_R","Strike_R","Strike_R","Strike_R","Defend_R","Defend_R+1","Defend_R","Defend_R","Bash+1","Wild Strike+1","Anger","Ghostly Armor","Battle Trance","Fiend Fire+1","Feel No Pain","Demon Form+1","Reaper","Shockwave","True Grit+1","Decay","Whirlwind+1","Shockwave+1","Flame Barrier+1","Evolve","Sword Boomerang+1","Dark Shackles","Double Tap+1","Seeing Red+1","Bandage Up","Mind Blast+1","Heavy Blade+1","Shrug It Off","Iron Wave+1","Shockwave","Shrug It Off"],"special_seed":0,"relics":["Burning Blood","NeowsBlessing","Matryoshka","Du-Vu Doll","Mummified Hand","Pantograph","Blue Candle","Red Skull","Bag of Marbles","Velvet Choker","Darkstone Periapt","Bag of Preparation","Pocketwatch","Molten Egg 2","Self Forming Clay","Runic Pyramid","Thread and Needle","Dodecahedron","War Paint"],"potions_floor_usage":[45,45,50],"damage_taken":[{"damage":0.0,"enemies":"Jaw Worm","floor":1.0,"turns":1.0},{"damage":0.0,"enemies":"2 Louse","floor":4.0,"turns":1.0},{"damage":0.0,"enemies":"3 Sentries","floor":6.0,"turns":1.0},{"damage":8.0,"enemies":"Gremlin Nob","floor":8.0,"turns":3.0},{"damage":40.0,"enemies":"Lagavulin","floor":11.0,"turns":5.0},{"damage":0.0,"enemies":"Cultist","floor":12.0,"turns":1.0},{"damage":0.0,"enemies":"Gremlin Nob","floor":14.0,"turns":2.0},{"damage":19.0,"enemies":"Hexaghost","floor":16.0,"turns":6.0},{"damage":17.0,"enemies":"2 Thieves","floor":18.0,"turns":4.0},{"damage":17.0,"enemies":"Spheric Guardian","floor":19.0,"turns":4.0},{"damage":0.0,"enemies":"Cultist and Chosen","floor":24.0,"turns":4.0},{"damage":21.0,"enemies":"3 Cultists","floor":25.0,"turns":6.0},{"damage":12.0,"enemies":"Sentry and Sphere","floor":27.0,"turns":3.0},{"damage":0.0,"enemies":"Gremlin Leader","floor":29.0,"turns":3.0},{"damage":0.0,"enemies":"Snecko","floor":31.0,"turns":2.0},{"damage":29.0,"enemies":"Collector","floor":33.0,"turns":7.0},{"damage":0.0,"enemies":"3 Darklings","floor":35.0,"turns":1.0},{"damage":0.0,"enemies":"3 Shapes","floor":37.0,"turns":2.0},{"damage":1.0,"enemies":"Jaw Worm Horde","floor":39.0,"turns":3.0},{"damage":34.0,"enemies":"Giant Head","floor":41.0,"turns":5.0},{"damage":0.0,"enemies":"Maw","floor":44.0,"turns":4.0},{"damage":26,"enemies":"Transient","floor":45,"turns":6},{"damage":11,"enemies":"Sphere and 2 Shapes","floor":47,"turns":4},{"damage":30,"enemies":"Donu and Deca","floor":50,"turns":9}],"seed_played":"3810852597172107940","potions_obtained":[{"floor":6.0,"key":"FearPotion"},{"floor":11.0,"key":"FearPotion"},{"floor":12.0,"key":"GamblersBrew"},{"floor":14.0,"key":"SpeedPotion"},{"floor":25.0,"key":"SteroidPotion"},{"floor":29.0,"key":"Swift Potion"},{"floor":39.0,"key":"BloodPotion"},{"floor":44.0,"key":"Dexterity Potion"},{"floor":47,"key":"Regen Potion"}],"is_trial":false,"path_per_floor":["M","?","?","M","$","E","R","E","T","R","E","M","R","E","R","B",null,"M","M","?","$","?","R","M","M","T","M","T","E","$","M","R","B",null,"M","?","M","?","M","R","E","R","T","M","M","$","M","$","R","B",null],"character_chosen":"IRONCLAD","items_purchased":["Matryoshka","Whirlwind","Shockwave","Dark Shackles","War Paint","Shrug It Off"],"campfire_rested":0,"item_purchase_floors":[5,21,21,30,46,48],"current_hp_per_floor":[74,74,74,75,75,75,75,73,73,73,39,45,45,51,51,62,72,61,50,50,50,50,50,75,60,60,54,54,75,75,75,75,52,69,75,75,75,70,75,75,51,51,51,61,56,56,64,64,64,59],"gold":41,"neow_bonus":"THREE_ENEMY_KILL","is_prod":false,"is_daily":false,"chose_seed":false,"campfire_upgraded":9,"win_rate":0,"timestamp":1549860894,"path_taken":["M","?","?","M","$","E","R","E","T","R","E","M","R","E","R","BOSS","M","M","?","$","?","R","M","M","T","M","?","E","$","M","R","BOSS","M","?","?","?","M","R","E","R","T","M","M","$","M","?","R","BOSS"],"build_version":"2019-01-23","purchased_purges":1,"victory":true,"max_hp_per_floor":[75,75,75,75,75,75,75,75,75,75,75,75,75,75,75,75,75,75,75,75,75,75,75,75,75,75,75,75,75,75,75,75,75,75,75,75,75,75,75,75,75,75,75,75,75,75,75,75,75,75],"card_choices":[{"not_picked":["Warcry","Heavy Blade"],"picked":"Wild Strike","floor":1.0},{"not_picked":["Body Slam","Headbutt"],"picked":"Anger","floor":4.0},{"not_picked":["Feel No Pain","Flex"],"picked":"Ghostly Armor","floor":6.0},{"not_picked":["Body Slam","Perfected Strike"],"picked":"Battle Trance","floor":8.0},{"not_picked":["Bloodletting","True Grit"],"picked":"Fiend Fire","floor":11.0},{"not_picked":["Headbutt","Intimidate"],"picked":"Feel No Pain","floor":12.0},{"not_picked":["Wild Strike","Rage"],"picked":"Demon Form","floor":14.0},{"not_picked":["Exhume","Limit Break"],"picked":"Reaper","floor":16.0},{"not_picked":["Clash","Shrug It Off+1"],"picked":"Shockwave","floor":18.0},{"not_picked":["Armaments","Clash"],"picked":"True Grit","floor":19.0},{"not_picked":["Battle Trance+1","Evolve+1"],"picked":"Flame Barrier","floor":24.0},{"not_picked":["Twin Strike","Corruption"],"picked":"Evolve","floor":25.0},{"not_picked":["Reckless Charge","Wild Strike"],"picked":"Sword Boomerang","floor":27.0},{"not_picked":["Twin Strike+1","Anger+1","Fire Breathing"],"picked":"SKIP","floor":29.0},{"not_picked":["Combust","Flex","Sword Boomerang+1"],"picked":"SKIP","floor":31.0},{"not_picked":["Demon Form","Dark Embrace"],"picked":"Double Tap","floor":33.0},{"not_picked":["Twin Strike+1","Searing Blow+1"],"picked":"Seeing Red+1","floor":35.0},{"not_picked":["Rupture","Anger+1","Body Slam+1"],"picked":"SKIP","floor":37.0},{"not_picked":["Good Instincts","Discovery"],"picked":"Bandage Up","floor":38.0},{"not_picked":["Transmutation","Finesse"],"picked":"Mind Blast+1","floor":38.0},{"not_picked":["Thunderclap+1","Sword Boomerang+1"],"picked":"Heavy Blade+1","floor":39.0},{"not_picked":["Searing Blow+1","Barricade"],"picked":"Shrug It Off","floor":41.0},{"not_picked":["Havoc","Carnage+1","Cleave+1"],"picked":"SKIP","floor":44.0},{"not_picked":["True Grit","Thunderclap+1"],"picked":"Iron Wave+1","floor":45},{"not_picked":["Clash+1","Sword Boomerang+1"],"picked":"Shockwave","floor":47}],"player_experience":447363,"relics_obtained":[{"floor":6.0,"key":"Du-Vu Doll"},{"floor":8.0,"key":"Mummified Hand"},{"floor":9.0,"key":"Pantograph"},{"floor":9.0,"key":"Blue Candle"},{"floor":11.0,"key":"Red Skull"},{"floor":14.0,"key":"Bag of Marbles"},{"floor":26.0,"key":"Bag of Preparation"},{"floor":26.0,"key":"Pocketwatch"},{"floor":28.0,"key":"Molten Egg 2"},{"floor":29.0,"key":"Self Forming Clay"},{"floor":41.0,"key":"Thread and Needle"},{"floor":43.0,"key":"Dodecahedron"}],"event_choices":[{"damage_healed":0.0,"max_hp_gain":0.0,"max_hp_loss":0.0,"gold_gain":80.0,"event_name":"Golden Wing","player_choice":"Gained Gold","floor":2.0,"gold_loss":0.0,"damage_taken":0.0},{"damage_healed":0.0,"max_hp_gain":0.0,"max_hp_loss":0.0,"gold_gain":150.0,"event_name":"Liars Game","player_choice":"AGREE","floor":3.0,"gold_loss":0.0,"damage_taken":0.0,"cards_obtained":["Doubt"]},{"damage_healed":0.0,"max_hp_gain":0.0,"max_hp_loss":0.0,"gold_gain":0.0,"event_name":"Forgotten Altar","player_choice":"Smashed Altar","floor":20.0,"gold_loss":0.0,"damage_taken":0.0,"cards_obtained":["Decay"]},{"damage_healed":0.0,"max_hp_gain":0.0,"max_hp_loss":0.0,"gold_gain":0.0,"event_name":"Addict","player_choice":"Obtained Relic","floor":22.0,"gold_loss":85.0,"damage_taken":0.0,"relics_obtained":["Darkstone Periapt"]},{"damage_healed":0.0,"max_hp_gain":0.0,"max_hp_loss":0.0,"gold_gain":0.0,"event_name":"Fountain of Cleansing","player_choice":"Ignored","floor":36.0,"gold_loss":0.0,"damage_taken":0.0},{"damage_healed":0.0,"max_hp_gain":0.0,"max_hp_loss":0.0,"gold_gain":0.0,"event_name":"SensoryStone","player_choice":"Memory 2","floor":38.0,"gold_loss":0.0,"damage_taken":5.0}],"is_beta":false,"boss_relics":[{"not_picked":["Astrolabe","Empty Cage"],"picked":"Velvet Choker"},{"not_picked":["Runic Cube","White Beast Statue"],"picked":"Runic Pyramid"}],"items_purged_floors":[5],"is_endless":false,"potions_floor_spawned":[6,11,12,14,25,29,39,41,44,47],"ascension_level":19}