{"path_per_floor":["M","M","M","M","M","R","M","?","T","?","M","E","R","M","R","B",null,"M","M","?","M"],"character_chosen":"THE_SILENT","items_purchased":[],"gold_per_floor":[119,130,150,167,180,180,200,200,200,200,220,249,249,268,268,368,368,379,389,389,389,389],"floor_reached":22,"campfire_rested":2,"playtime":2064,"item_purchase_floors":[],"current_hp_per_floor":[62,61,61,56,53,53,49,36,36,36,35,25,43,41,59,23,63,34,16,16,16,0],"items_purged":[],"gold":389,"score":192,"play_id":"da7f2e54-cec4-4242-a3ef-e5a765141417","local_time":"20180601193112","is_prod":false,"is_daily":false,"chose_seed":false,"is_ascension_mode":false,"campfire_upgraded":0,"win_rate":0.0,"timestamp":1527899472,"campfire_choices":[{"data":"1","floor":6,"key":"LIFT"},{"floor":13,"key":"REST"},{"floor":15,"key":"REST"}],"path_taken":["M","?","?","M","?","R","M","?","T","?","M","E","R","M","R","BOSS","M","M","?","M","M"],"build_version":"2018-05-31","seed_source_timestamp":852260461105777,"purchased_purges":0,"victory":false,"master_deck":["Defend_G+1","Defend_G+1","Defend_G+1","Defend_G+1","Defend_G+1","Strike_G+1","Strike_G+1","Strike_G+1","Strike_G+1","Strike_G+1","Survivor","Neutralize+1","Dagger Throw","Poisoned Stab","Acrobatics","Flying Knee","Crippling Poison","A Thousand Cuts","Regret","Terror","Die Die Die","Poisoned Stab","Catalyst","A Thousand Cuts+1","Deadly Poison","Poisoned Stab"],"max_hp_per_floor":[63,63,63,63,63,63,63,63,63,63,63,63,63,63,63,63,63,63,63,63,63,63],"relics":["Ring of the Snake","Girya","Prayer Wheel","Lantern","Frozen Egg 2","Black Star"],"card_choices":[{"not_picked":["Prepared","Bane"],"picked":"Dagger Throw","floor":1},{"not_picked":["Flechettes","Finisher"],"picked":"Poisoned Stab","floor":2},{"not_picked":["Malaise","Deflect"],"picked":"Acrobatics","floor":3},{"not_picked":["Outmaneuver","Backflip"],"picked":"Flying Knee","floor":4},{"not_picked":["Flying Knee","Leg Sweep"],"picked":"Crippling Poison","floor":5},{"not_picked":["Blur","Flying Knee"],"picked":"A Thousand Cuts","floor":7},{"not_picked":["Flying Knee","Quick Slash"],"picked":"Terror","floor":11},{"not_picked":["Blade Dance","Underhanded Strike","Distraction"],"picked":"SKIP","floor":11},{"not_picked":["Flechettes","Backflip"],"picked":"Die Die Die","floor":12},{"not_picked":["Underhanded Strike","Dash"],"picked":"Poisoned Stab","floor":14},{"not_picked":["Flying Knee","Flechettes"],"picked":"Catalyst","floor":14},{"not_picked":["After Image+1","Corpse Explosion"],"picked":"A Thousand Cuts+1","floor":16},{"not_picked":["Choke","Outmaneuver","Dagger Throw"],"picked":"SKIP","floor":18},{"not_picked":["Underhanded Strike+1","Deflect+1","Quick Slash"],"picked":"SKIP","floor":18},{"not_picked":["Sucker Punch+1","Deflect"],"picked":"Deadly Poison","floor":19},{"not_picked":["Deflect","Flying Knee+1"],"picked":"Poisoned Stab","floor":19}],"player_experience":70634,"potions_floor_usage":[16,18,18,21,22],"damage_taken":[{"damage":1,"enemies":"Cultist","floor":1,"turns":4},{"damage":1,"enemies":"2 Louse","floor":2,"turns":3},{"damage":0,"enemies":"Jaw Worm","floor":3,"turns":3},{"damage":5,"enemies":"3 Louse","floor":4,"turns":4},{"damage":3,"enemies":"2 Fungi Beasts","floor":5,"turns":4},{"damage":4,"enemies":"Exordium Wildlife","floor":7,"turns":4},{"damage":1,"enemies":"Lots of Slimes","floor":11,"turns":4},{"damage":10,"enemies":"Lagavulin","floor":12,"turns":6},{"damage":2,"enemies":"Blue Slaver","floor":14,"turns":3},{"damage":36,"enemies":"The Guardian","floor":16,"turns":7},{"damage":29,"enemies":"Spheric Guardian","floor":18,"turns":6},{"damage":18,"enemies":"Chosen","floor":19,"turns":6},{"damage":0,"enemies":"Sentry and Sphere","floor":21,"turns":1},{"damage":20,"enemies":"Snake Plant","floor":22,"turns":4}],"relics_obtained":[{"floor":9,"key":"Prayer Wheel"},{"floor":12,"key":"Frozen Egg 2"}],"event_choices":[{"event_name":"Shining Light","player_choice":"Entered Light","floor":8,"damage_taken":0},{"event_name":"Big Fish","player_choice":"Box","floor":10,"damage_taken":0},{"event_name":"Back to Basics","player_choice":"Simplicity","floor":20,"damage_taken":0}],"boss_relics":[{"not_picked":["Ectoplasm","Lizard Tail"],"picked":"Black Star"}],"items_purged_floors":[],"potions_floor_spawned":[1,3,4,12,16,18,21],"seed_played":"-2753056326799305642","killed_by":"Snake Plant","ascension_level":0,"potions_obtained":[{"floor":1,"key":"SmokeBomb"},{"floor":3,"key":"Weak Potion"},{"floor":4,"key":"Poison Potion"},{"floor":12,"key":"GamblersBrew"},{"floor":16,"key":"Fire Potion"},{"floor":18,"key":"Weak Potion"}],"is_trial":false}