{"gold_per_floor":[116,42,62,77,152,152,168,168,168,168,185,185,215,66,66,165,165,175,188,188,203,203],"floor_reached":22,"playtime":950,"items_purged":["Strike_R"],"score":186,"play_id":"66635083-f3a9-4e3e-8577-9c0051bb3faa","local_time":"20190217004411","is_ascension_mode":false,"campfire_choices":[{"data":"Armaments","floor":6,"key":"SMITH"},{"floor":15,"key":"REST"}],"neow_cost":"NONE","seed_source_timestamp":47925407197174,"circlet_count":0,"master_deck":["Strike_R","Strike_R","Defend_R","Defend_R","Defend_R","Defend_R","Bash","Double Tap","Armaments+1","Spot Weakness","Headbutt","Disarm","Inflame","Sword Boomerang","Limit Break","Uppercut","Limit Break","Shockwave+1","Heavy Blade","Limit Break","Cleave+1"],"relics":["Burning Blood","Pantograph","Magic Flower","Black Star"],"potions_floor_usage":[21,21],"damage_taken":[{"damage":5,"enemies":"Cultist","floor":1,"turns":4},{"damage":0,"enemies":"Small Slimes","floor":3,"turns":4},{"damage":8,"enemies":"Jaw Worm","floor":4,"turns":4},{"damage":11,"enemies":"Exordium Thugs","floor":7,"turns":6},{"damage":14,"enemies":"Looter","floor":11,"turns":4},{"damage":40,"enemies":"3 Sentries","floor":13,"turns":8},{"damage":22,"enemies":"Hexaghost","floor":16,"turns":6},{"damage":39,"enemies":"Shell Parasite","floor":18,"turns":6},{"damage":30,"enemies":"2 Thieves","floor":19,"turns":4},{"damage":7,"enemies":"Snecko","floor":21,"turns":4},{"damage":38,"enemies":"Chosen and Byrds","floor":22,"turns":6}],"seed_played":"4626841783126875063","potions_obtained":[{"floor":3,"key":"GamblersBrew"},{"floor":11,"key":"SpeedPotion"},{"floor":13,"key":"FearPotion"},{"floor":19,"key":"PowerPotion"},{"floor":21,"key":"Poison Potion"}],"is_trial":false,"path_per_floor":["M","$","M","M","?","R","M","?","T","T","M","?","E","$","R","B",null,"M","M","?","M","M"],"character_chosen":"IRONCLAD","items_purchased":["Spot Weakness","Uppercut"],"campfire_rested":1,"item_purchase_floors":[2,14],"current_hp_per_floor":[80,80,80,78,67,67,62,55,55,55,47,73,39,39,63,67,80,50,29,29,31,0],"gold":203,"neow_bonus":"TRANSFORM_CARD","is_prod":false,"is_daily":false,"chose_seed":false,"campfire_upgraded":1,"win_rate":0,"timestamp":1550382251,"path_taken":["M","$","M","?","?","R","M","?","T","?","?","?","E","$","R","BOSS","M","M","?","?","M"],"build_version":"2019-01-23","purchased_purges":1,"victory":false,"max_hp_per_floor":[80,80,80,80,80,80,80,80,80,80,80,80,80,80,80,80,80,80,80,80,80,80],"card_choices":[{"not_picked":["Rampage","Body Slam"],"picked":"Armaments","floor":1},{"not_picked":["Shockwave","Clothesline"],"picked":"Headbutt","floor":3},{"not_picked":["Rampage","Intimidate"],"picked":"Disarm","floor":4},{"not_picked":["Twin Strike","Ghostly Armor"],"picked":"Inflame","floor":7},{"not_picked":["Searing Blow","Rupture"],"picked":"Sword Boomerang","floor":11},{"not_picked":["Perfected Strike","Iron Wave"],"picked":"Limit Break","floor":13},{"not_picked":["Berserk","Impervious"],"picked":"Limit Break","floor":16},{"not_picked":["Bloodletting","Corruption+1"],"picked":"Shockwave+1","floor":18},{"not_picked":["Thunderclap","Fire Breathing"],"picked":"Heavy Blade","floor":19},{"not_picked":["Combust+1","Sword Boomerang"],"picked":"Cleave+1","floor":21}],"player_experience":89070,"relics_obtained":[{"floor":10,"key":"Pantograph"},{"floor":13,"key":"Magic Flower"}],"event_choices":[{"damage_healed":0,"gold_gain":75,"player_choice":"Gather Gold","damage_taken":11,"max_hp_gain":0,"max_hp_loss":0,"event_name":"World of Goop","floor":5,"gold_loss":0},{"cards_removed":["Strike_R"],"damage_healed":0,"gold_gain":0,"player_choice":"Card Removal","damage_taken":7,"max_hp_gain":0,"max_hp_loss":0,"event_name":"Golden Wing","floor":8,"gold_loss":0},{"damage_healed":26,"gold_gain":0,"player_choice":"Banana","damage_taken":0,"max_hp_gain":0,"max_hp_loss":0,"event_name":"Big Fish","floor":12,"gold_loss":0},{"damage_healed":0,"gold_gain":0,"player_choice":"Copied","damage_taken":0,"max_hp_gain":0,"max_hp_loss":0,"event_name":"Duplicator","floor":20,"gold_loss":0,"cards_obtained":["Limit Break"]}],"is_beta":false,"boss_relics":[{"not_picked":["Calling Bell","Coffee Dripper"],"picked":"Black Star"}],"items_purged_floors":[14],"is_endless":false,"potions_floor_spawned":[3,11,13,19,21],"killed_by":"Chosen and Byrds","ascension_level":0}