{"path_per_floor":["M","M","M","M","M","R","E","R","T","M"],"character_chosen":"IRONCLAD","items_purchased":[],"gold_per_floor":[117,135,147,159,179,179,208,208,256,266,266],"floor_reached":11,"campfire_rested":0,"playtime":1149,"item_purchase_floors":[],"current_hp_per_floor":[37,39,41,42,43,43,20,20,20,22,0],"items_purged":[],"gold":266,"score":77,"play_id":"c1d9bfe0-0c3b-4f7a-b2f3-afefe646920a","local_time":"20180528163720","is_prod":false,"is_daily":false,"chose_seed":false,"is_ascension_mode":false,"campfire_upgraded":2,"win_rate":0,"timestamp":1527543440,"campfire_choices":[{"data":"Offering","floor":6,"key":"SMITH"},{"data":"Berserk","floor":8,"key":"SMITH"}],"path_taken":["M","M","M","M","M","R","E","R","T","M","E"],"build_version":"2018-05-24","seed_source_timestamp":497144860562172,"purchased_purges":0,"victory":false,"master_deck":["Strike_R","Strike_R","Strike_R","Strike_R","Strike_R","Defend_R","Defend_R","Defend_R","Defend_R","Bash","Offering+1","Shrug It Off","Shrug It Off","Shrug It Off","Berserk+1"],"max_hp_per_floor":[80,80,80,80,80,80,80,80,80,80,80],"relics":["Burning Blood","Juzu Bracelet","Lantern"],"card_choices":[{"not_picked":["Fiend Fire","Bludgeon"],"picked":"Offering","floor":0},{"not_picked":["Heavy Blade","Wild Strike"],"picked":"Shrug It Off","floor":1},{"not_picked":["Warcry","True Grit"],"picked":"Shrug It Off","floor":2},{"not_picked":["Wild Strike","Sword Boomerang","True Grit"],"picked":"SKIP","floor":3},{"not_picked":["Sword Boomerang","Warcry","Feel No Pain"],"picked":"SKIP","floor":4},{"not_picked":["Warcry","Entrench"],"picked":"Shrug It Off","floor":5},{"not_picked":["Perfected Strike","Flame Barrier"],"picked":"Berserk","floor":7},{"not_picked":["Thunderclap","Iron Wave","Wild Strike"],"picked":"SKIP","floor":10}],"player_experience":40614,"potions_floor_usage":[7,11,11],"damage_taken":[{"damage":9,"enemies":"2 Louse","floor":1,"turns":2},{"damage":4,"enemies":"Jaw Worm","floor":2,"turns":3},{"damage":4,"enemies":"Cultist","floor":3,"turns":4},{"damage":5,"enemies":"2 Fungi Beasts","floor":4,"turns":5},{"damage":5,"enemies":"Exordium Wildlife","floor":5,"turns":4},{"damage":29,"enemies":"Gremlin Nob","floor":7,"turns":5},{"damage":4,"enemies":"3 Louse","floor":10,"turns":4},{"damage":24,"enemies":"3 Sentries","floor":11,"turns":10}],"relics_obtained":[{"floor":7,"key":"Juzu Bracelet"},{"floor":9,"key":"Lantern"}],"event_choices":[],"boss_relics":[],"items_purged_floors":[],"potions_floor_spawned":[4,7,10],"seed_played":"8145451002385432909","killed_by":"3 Sentries","ascension_level":0,"potions_obtained":[{"floor":4,"key":"FearPotion"},{"floor":7,"key":"Poison Potion"},{"floor":10,"key":"SpeedPotion"}],"is_trial":false}