{"gold_per_floor":[115,129,204,102,102,102,122,138,163,163,183,183,183,183,183,288,288,307,307,320,320,334,334],"floor_reached":23,"playtime":1382,"items_purged":[],"score":206,"play_id":"a96cdf09-f807-4dfe-8166-7e577780057e","local_time":"20190213231619","is_ascension_mode":false,"campfire_choices":[{"floor":6,"key":"REST"},{"data":"Infinite Blades","floor":12,"key":"SMITH"},{"floor":15,"key":"REST"}],"neow_cost":"NONE","seed_source_timestamp":16077893373241,"circlet_count":0,"master_deck":["Defend_G","Defend_G","Defend_G","Defend_G","Defend_G","Strike_G","Strike_G+1","Strike_G","Strike_G","Strike_G","Survivor","Neutralize+1","Infinite Blades+1","Cloak And Dagger","Caltrops","Dodge and Roll","Bane","Catalyst","Burst","Magnetism","A Thousand Cuts","Shame","Backflip+1","Envenom","Flying Knee"],"relics":["Ring of the Snake","Whetstone","Pear","Omamori","Calling Bell","Strawberry","Mercury Hourglass","Girya"],"potions_floor_usage":[16,22,23],"damage_taken":[{"damage":9,"enemies":"Small Slimes","floor":1,"turns":4},{"damage":2,"enemies":"2 Louse","floor":2,"turns":4},{"damage":0,"enemies":"Jaw Worm","floor":7,"turns":5},{"damage":0,"enemies":"3 Louse","floor":8,"turns":5},{"damage":2,"enemies":"Large Slime","floor":11,"turns":9},{"damage":50,"enemies":"Hexaghost","floor":16,"turns":15},{"damage":13,"enemies":"Chosen","floor":18,"turns":6},{"damage":28,"enemies":"Spheric Guardian","floor":20,"turns":7},{"damage":45,"enemies":"Chosen and Byrds","floor":22,"turns":6},{"damage":12,"enemies":"Book of Stabbing","floor":23,"turns":3}],"seed_played":"8989257062635366468","potions_obtained":[{"floor":11,"key":"Regen Potion"},{"floor":16,"key":"Poison Potion"},{"floor":22,"key":"Explosive Potion"}],"is_trial":false,"path_per_floor":["M","M","?","$","?","R","M","M","T","T","M","R","?","?","R","B",null,"M","?","M","?","M","E"],"character_chosen":"THE_SILENT","items_purchased":["Caltrops","Dodge and Roll"],"campfire_rested":2,"item_purchase_floors":[4,4],"current_hp_per_floor":[61,59,48,48,48,69,69,69,69,79,77,77,65,65,80,40,87,74,74,46,46,1,0],"gold":334,"neow_bonus":"RANDOM_COLORLESS","is_prod":false,"is_daily":false,"chose_seed":false,"campfire_upgraded":1,"win_rate":0,"timestamp":1550117779,"path_taken":["M","M","?","$","?","R","M","M","T","?","M","R","?","?","R","BOSS","M","?","M","?","?","E"],"build_version":"2019-01-23","purchased_purges":0,"victory":false,"max_hp_per_floor":[70,70,70,70,70,70,70,70,70,80,80,80,80,80,80,80,87,87,87,87,87,87,87],"card_choices":[{"not_picked":["Backflip","Catalyst"],"picked":"Infinite Blades","floor":1},{"not_picked":["Flechettes","Underhanded Strike"],"picked":"Cloak And Dagger","floor":2},{"not_picked":["Slice","Dagger Throw"],"picked":"Bane","floor":7},{"not_picked":["Choke","Underhanded Strike"],"picked":"Catalyst","floor":8},{"not_picked":["Dodge and Roll","Slice"],"picked":"Burst","floor":11},{"not_picked":["Unload","Bullet Time"],"picked":"A Thousand Cuts","floor":16},{"not_picked":["Poisoned Stab+1","Flying Knee+1"],"picked":"Backflip+1","floor":18},{"not_picked":["Underhanded Strike+1","Deflect"],"picked":"Envenom","floor":20},{"not_picked":["All Out Attack","Choke+1"],"picked":"Flying Knee","floor":22}],"player_experience":27985,"relics_obtained":[{"floor":9,"key":"Whetstone"},{"floor":10,"key":"Pear"},{"floor":17,"key":"Strawberry"},{"floor":17,"key":"Mercury Hourglass"},{"floor":17,"key":"Girya"}],"event_choices":[{"damage_healed":0,"gold_gain":75,"player_choice":"Gather Gold","damage_taken":11,"max_hp_gain":0,"max_hp_loss":0,"event_name":"World of Goop","floor":3,"gold_loss":0},{"damage_healed":0,"gold_gain":0,"player_choice":"Ignored","damage_taken":0,"max_hp_gain":0,"max_hp_loss":0,"event_name":"Liars Game","floor":5,"gold_loss":0},{"damage_healed":0,"gold_gain":0,"player_choice":"Success","damage_taken":12,"relics_obtained":["Omamori"],"max_hp_gain":0,"max_hp_loss":0,"event_name":"Scrap Ooze","floor":13,"gold_loss":0},{"damage_healed":0,"gold_gain":0,"cards_transformed":["Deep Breath"],"player_choice":"Change","damage_taken":0,"max_hp_gain":0,"max_hp_loss":0,"event_name":"Living Wall","floor":14,"gold_loss":0,"cards_obtained":["Magnetism"]},{"damage_healed":0,"gold_gain":0,"player_choice":"Ignored","damage_taken":0,"max_hp_gain":0,"max_hp_loss":0,"event_name":"Vampires","floor":19,"gold_loss":0},{"damage_healed":0,"gold_gain":0,"player_choice":"Leave","damage_taken":0,"max_hp_gain":0,"max_hp_loss":0,"event_name":"FaceTrader","floor":21,"gold_loss":0}],"is_beta":false,"boss_relics":[{"not_picked":["Runic Dome","Black Star"],"picked":"Calling Bell"}],"items_purged_floors":[],"is_endless":false,"potions_floor_spawned":[11,16,22],"killed_by":"Book of Stabbing","ascension_level":0}