{"gold_per_floor":[115,134,134,134,153,153,185,205,230,291,291,4,4,4,4,4],"floor_reached":16,"playtime":827,"items_purged":[],"score":135,"play_id":"31ad05e1-4f48-4f26-8b98-141ceab0b420","local_time":"20180715195722","is_ascension_mode":true,"campfire_choices":[{"data":"Flex","floor":6,"key":"SMITH"},{"data":"Metallicize","floor":11,"key":"SMITH"},{"data":"Offering","floor":13,"key":"SMITH"},{"data":"Bash","floor":15,"key":"SMITH"}],"neow_cost":"NONE","seed_source_timestamp":347630532321529,"circlet_count":0,"master_deck":["Strike_R","Strike_R","Strike_R","Strike_R","Defend_R","Defend_R","Defend_R","Defend_R","Bash+1","Whirlwind","Metallicize+1","Corruption","Flex+1","Thunderclap","Offering+1"],"relics":["Burning Blood","Boot","Pen Nib","Bag of Preparation","Tiny Chest","Medical Kit","Molten Egg 2"],"potions_floor_usage":[7,10],"damage_taken":[{"damage":5,"enemies":"Small Slimes","floor":1,"turns":3},{"damage":9,"enemies":"Jaw Worm","floor":2,"turns":4},{"damage":3,"enemies":"Cultist","floor":5,"turns":3},{"damage":19,"enemies":"Lagavulin","floor":7,"turns":6},{"damage":3,"enemies":"Exordium Thugs","floor":8,"turns":5},{"damage":20,"enemies":"Gremlin Nob","floor":10,"turns":4},{"damage":66,"enemies":"Hexaghost","floor":16,"turns":9}],"seed_played":"8948696971411482271","potions_obtained":[{"floor":1,"key":"Strength Potion"},{"floor":2,"key":"Fire Potion"},{"floor":8,"key":"EssenceOfSteel"}],"is_trial":false,"path_per_floor":["M","M","?","?","M","R","E","M","T","E","R","$","R","T","R"],"character_chosen":"IRONCLAD","items_purchased":["Offering","Medical Kit"],"campfire_rested":0,"item_purchase_floors":[12,12],"current_hp_per_floor":[80,77,82,82,85,85,72,75,75,61,61,61,61,61,61,0],"gold":4,"neow_bonus":"RANDOM_COMMON_RELIC","is_prod":false,"is_daily":false,"chose_seed":false,"campfire_upgraded":4,"win_rate":0,"timestamp":1531702642,"path_taken":["M","M","?","?","M","R","E","M","T","E","R","?","R","?","R","BOSS"],"build_version":"2018-07-12","purchased_purges":0,"victory":false,"max_hp_per_floor":[80,80,85,85,85,85,85,85,85,85,85,85,85,85,85,85],"card_choices":[{"not_picked":["Entrench","Rage"],"picked":"Whirlwind","floor":1},{"not_picked":["Burning Pact","Twin Strike"],"picked":"Metallicize","floor":2},{"not_picked":["Power Through","Sword Boomerang"],"picked":"Flex","floor":5},{"not_picked":["Disarm","Perfected Strike","Power Through"],"picked":"SKIP","floor":7},{"not_picked":["Pommel Strike","Blood for Blood","Wild Strike"],"picked":"SKIP","floor":8},{"not_picked":["Iron Wave","Reckless Charge"],"picked":"Thunderclap","floor":10}],"player_experience":292311,"relics_obtained":[{"floor":7,"key":"Pen Nib"},{"floor":9,"key":"Bag of Preparation"},{"floor":10,"key":"Tiny Chest"},{"floor":14,"key":"Molten Egg 2"}],"event_choices":[{"event_name":"Big Fish","player_choice":"Donut","floor":3,"damage_taken":0},{"event_name":"Transmorgrifier","player_choice":"Transform","floor":4,"damage_taken":0}],"boss_relics":[],"items_purged_floors":[],"is_endless":false,"potions_floor_spawned":[1,2,8],"killed_by":"Hexaghost","ascension_level":5}