{"gold_per_floor":[212,229,240,260,260,260,288,288,288,308,308,329,353,353,353,481,481,406,427,452,452],"floor_reached":21,"playtime":905,"items_purged":[],"score":183,"play_id":"4282e22d-31f7-46ee-ac5a-e754ac517b46","local_time":"20190212162825","is_ascension_mode":false,"campfire_choices":[{"data":"Gash","floor":6,"key":"SMITH"},{"floor":8,"key":"REST"},{"floor":15,"key":"REST"}],"neow_cost":"NONE","seed_source_timestamp":68890769660467,"circlet_count":0,"master_deck":["Strike_B","Defend_B","Defend_B","Defend_B","Defend_B","Zap","Dualcast","Conserve Battery","Gash+1","Streamline","Echo Form","BootSequence","Conserve Battery"],"relics":["Cracked Core","Letter Opener","Nunchaku","Golden Idol","Empty Cage"],"potions_floor_usage":[],"damage_taken":[{"damage":6,"enemies":"Jaw Worm","floor":1,"turns":4},{"damage":4,"enemies":"Cultist","floor":2,"turns":4},{"damage":0,"enemies":"Small Slimes","floor":3,"turns":3},{"damage":2,"enemies":"2 Fungi Beasts","floor":4,"turns":4},{"damage":31,"enemies":"3 Sentries","floor":7,"turns":9},{"damage":3,"enemies":"Looter","floor":10,"turns":3},{"damage":8,"enemies":"Exordium Wildlife","floor":12,"turns":5},{"damage":3,"enemies":"2 Fungi Beasts","floor":13,"turns":3},{"damage":26,"enemies":"The Guardian","floor":16,"turns":10},{"damage":20,"enemies":"2 Thieves","floor":18,"turns":5},{"damage":36,"enemies":"Shell Parasite","floor":19,"turns":6},{"damage":18,"enemies":"Sentry and Sphere","floor":20,"turns":6},{"damage":19,"enemies":"Shelled Parasite and Fungi","floor":21,"turns":3}],"seed_played":"-1631420796531515650","potions_obtained":[{"floor":2,"key":"GamblersBrew"},{"floor":7,"key":"Block Potion"},{"floor":12,"key":"Strength Potion"}],"is_trial":false,"path_per_floor":["M","M","M","M","?","R","E","R","T","M","?","M","M","?","R","B",null,"M","M","M","M"],"character_chosen":"DEFECT","items_purchased":[],"campfire_rested":2,"item_purchase_floors":[],"current_hp_per_floor":[69,65,65,63,63,63,32,54,54,51,33,25,22,27,51,25,80,60,24,6,0],"gold":452,"neow_bonus":"HUNDRED_GOLD","is_prod":false,"is_daily":false,"chose_seed":false,"campfire_upgraded":1,"win_rate":0.0,"timestamp":1549978105,"path_taken":["M","M","M","M","?","R","E","R","T","?","?","M","M","?","R","BOSS","M","M","M","M"],"build_version":"2019-01-23","purchased_purges":0,"victory":false,"max_hp_per_floor":[75,75,75,75,75,75,75,75,75,75,75,75,75,80,80,80,80,80,80,80,80],"card_choices":[{"not_picked":["Barrage","Stack"],"picked":"Conserve Battery","floor":1},{"not_picked":["Barrage","Sweeping Beam","Auto Shields"],"picked":"SKIP","floor":2},{"not_picked":["Rebound","Hello World"],"picked":"Gash","floor":3},{"not_picked":["Reprogram","Go for the Eyes","Sweeping Beam"],"picked":"SKIP","floor":4},{"not_picked":["Steam","Skim","Tempest"],"picked":"SKIP","floor":7},{"not_picked":["Hologram","Lockon","Barrage"],"picked":"SKIP","floor":10},{"not_picked":["Beam Cell","Compile Driver","Barrage"],"picked":"SKIP","floor":12},{"not_picked":["Go for the Eyes","Conserve Battery"],"picked":"Streamline","floor":13},{"not_picked":["Amplify","Core Surge"],"picked":"Echo Form","floor":16},{"not_picked":["Beam Cell","Compile Driver+1","Aggregate+1"],"picked":"SKIP","floor":18},{"not_picked":["Heatsinks","Lockon"],"picked":"BootSequence","floor":19},{"not_picked":["Force Field+1","Stack+1"],"picked":"Conserve Battery","floor":20}],"player_experience":350845,"relics_obtained":[{"floor":7,"key":"Letter Opener"},{"floor":9,"key":"Nunchaku"}],"event_choices":[{"cards_removed":["Strike_B"],"damage_healed":0,"gold_gain":0,"player_choice":"Purged","damage_taken":0,"max_hp_gain":0,"max_hp_loss":0,"event_name":"Purifier","floor":5,"gold_loss":0},{"damage_healed":0,"gold_gain":0,"player_choice":"Take Damage","damage_taken":18,"relics_obtained":["Golden Idol"],"max_hp_gain":0,"max_hp_loss":0,"event_name":"Golden Idol","floor":11,"gold_loss":0},{"damage_healed":0,"gold_gain":0,"player_choice":"Donut","damage_taken":0,"max_hp_gain":5,"max_hp_loss":0,"event_name":"Big Fish","floor":14,"gold_loss":0}],"is_beta":false,"boss_relics":[{"not_picked":["Pandora\u0027s Box","Nuclear Battery"],"picked":"Empty Cage"}],"items_purged_floors":[],"is_endless":false,"potions_floor_spawned":[2,7,12,13,19],"killed_by":"Shelled Parasite and Fungi","ascension_level":0}