{"gold_per_floor":[118,136,146,165,182,208,208,220,220,220,220,231,290,308,308,413,413,323],"floor_reached":18,"playtime":873,"items_purged":[],"score":166,"play_id":"1339cd4c-3e3f-41ca-9608-49c76a19e9a3","local_time":"20190212155752","is_ascension_mode":false,"campfire_choices":[{"floor":7,"key":"REST"},{"floor":15,"key":"REST"}],"neow_cost":"NONE","seed_source_timestamp":67089516605417,"circlet_count":0,"master_deck":["Strike_B","Strike_B","Strike_B","Strike_B","Defend_B","Defend_B","Defend_B","Defend_B","Zap","Dualcast","Genetic Algorithm","Streamline","Genetic Algorithm","Force Field","Gash","Conserve Battery","Gash","Conserve Battery","Rebound","Creative AI","Scrape","Scrape"],"relics":["Cracked Core","Vajra","Potion Belt","Pantograph","Bag of Preparation","Orrery"],"potions_floor_usage":[16,16],"damage_taken":[{"damage":2,"enemies":"Cultist","floor":1,"turns":5},{"damage":10,"enemies":"Jaw Worm","floor":2,"turns":5},{"damage":8,"enemies":"2 Louse","floor":3,"turns":3},{"damage":10,"enemies":"Large Slime","floor":4,"turns":5},{"damage":12,"enemies":"3 Louse","floor":5,"turns":4},{"damage":34,"enemies":"3 Sentries","floor":6,"turns":8},{"damage":2,"enemies":"Blue Slaver","floor":8,"turns":4},{"damage":5,"enemies":"Large Slime","floor":12,"turns":6},{"damage":28,"enemies":"Gremlin Nob","floor":13,"turns":5},{"damage":0,"enemies":"Gremlin Gang","floor":14,"turns":5},{"damage":46,"enemies":"Hexaghost","floor":16,"turns":10},{"damage":39,"enemies":"2 Thieves","floor":18,"turns":5}],"seed_played":"-5857210960026323872","potions_obtained":[{"floor":1,"key":"Block Potion"},{"floor":3,"key":"Explosive Potion"},{"floor":13,"key":"GamblersBrew"},{"floor":16,"key":"SmokeBomb"}],"is_trial":false,"path_per_floor":["M","M","M","M","M","E","R","M","T","?","?","M","?","M","R","B",null,"M"],"character_chosen":"DEFECT","items_purchased":[],"campfire_rested":2,"item_purchase_floors":[],"current_hp_per_floor":[80,70,62,52,40,6,30,28,28,10,37,32,4,4,28,7,82,43],"gold":323,"neow_bonus":"TEN_PERCENT_HP_BONUS","is_prod":false,"is_daily":false,"chose_seed":false,"campfire_upgraded":0,"win_rate":0.0,"timestamp":1549976272,"path_taken":["M","M","M","M","M","E","R","?","T","?","?","M","?","M","R","BOSS","M"],"build_version":"2019-01-23","purchased_purges":0,"victory":false,"max_hp_per_floor":[82,82,82,82,82,82,82,82,82,82,82,82,82,82,82,82,82,82],"card_choices":[{"not_picked":["Aggregate","Rebound"],"picked":"Genetic Algorithm","floor":1},{"not_picked":["Sunder","Beam Cell"],"picked":"Streamline","floor":2},{"not_picked":["Barrage","Stack"],"picked":"Genetic Algorithm","floor":3},{"not_picked":["Hologram","Doom and Gloom"],"picked":"Force Field","floor":4},{"not_picked":["Stack","Beam Cell"],"picked":"Gash","floor":5},{"not_picked":["Consume","Redo"],"picked":"Conserve Battery","floor":6},{"not_picked":["Streamline","Barrage"],"picked":"Gash","floor":8},{"not_picked":["Darkness","Multi-Cast","Chaos"],"picked":"SKIP","floor":12},{"not_picked":["Steam Power","Melter"],"picked":"Conserve Battery","floor":13},{"not_picked":["Hologram","Redo"],"picked":"Rebound","floor":14},{"not_picked":["Multi-Cast","Core Surge"],"picked":"Creative AI","floor":16},{"not_picked":["Stack","Steam"],"picked":"Scrape","floor":17},{"not_picked":["Turbo","FTL"],"picked":"Scrape","floor":17}],"player_experience":349100,"relics_obtained":[{"floor":6,"key":"Vajra"},{"floor":9,"key":"Potion Belt"},{"floor":13,"key":"Bag of Preparation"}],"event_choices":[{"damage_healed":0,"gold_gain":0,"player_choice":"Success","damage_taken":18,"relics_obtained":["Pantograph"],"max_hp_gain":0,"max_hp_loss":0,"event_name":"Scrap Ooze","floor":10,"gold_loss":0},{"damage_healed":27,"gold_gain":0,"player_choice":"Banana","damage_taken":0,"max_hp_gain":0,"max_hp_loss":0,"event_name":"Big Fish","floor":11,"gold_loss":0},{"damage_healed":0,"gold_gain":0,"player_choice":"Searched \u00272\u0027 times","damage_taken":0,"max_hp_gain":0,"max_hp_loss":0,"event_name":"Dead Adventurer","floor":13,"gold_loss":0}],"is_beta":false,"boss_relics":[{"not_picked":["Black Star","Snecko Eye"],"picked":"Orrery"}],"items_purged_floors":[],"is_endless":false,"potions_floor_spawned":[1,3,13,16],"killed_by":"2 Thieves","ascension_level":0}