{"gold_per_floor":[118,118,43,54,71,71,82,113,113,113,113,113,145,16,16,119,119,135,235,235,163,163,163,198,198,198,198,210,210,38,50,50,150,150,165,165,178,59,78,78,95,112,112,112,112,128,128,144,144,144],"floor_reached":51,"playtime":2709,"items_purged":["Strike_B","Strike_B"],"score":928,"play_id":"3764b53d-647d-4014-a876-6ce96cd962e2","local_time":"20190217135119","is_ascension_mode":true,"campfire_choices":[{"data":"Darkness","floor":6.0,"key":"SMITH"},{"floor":10.0,"key":"REST"},{"floor":12.0,"key":"REST"},{"floor":15.0,"key":"REST"},{"floor":23.0,"key":"REST"},{"floor":29.0,"key":"REST"},{"floor":32.0,"key":"REST"},{"floor":40,"key":"REST"},{"floor":44,"key":"REST"},{"floor":47,"key":"REST"},{"floor":49,"key":"REST"}],"neow_cost":"NONE","seed_source_timestamp":9819761801991,"circlet_count":0,"master_deck":["Defend_B","Defend_B","Defend_B","Defend_B","Zap","Dualcast","Core Surge","Darkness+1","Sweeping Beam","Hologram","Doom and Gloom","Darkness+1","BootSequence","Loop","Redo","Seek","Redo+1","Auto Shields","Beam Cell","Core Surge","Defragment","Defragment","Darkness","Core Surge","Doom and Gloom","Redo","BootSequence","Defragment+1","Hologram","Buffer"],"special_seed":0,"relics":["Cracked Core","Boot","Kunai","Unceasing Top","Velvet Choker","Bird Faced Urn","Singing Bowl","Darkstone Periapt","Meat on the Bone","Cables","Lizard Tail","StoneCalendar","Bronze Scales"],"potions_floor_usage":[39,46,50],"damage_taken":[{"damage":0.0,"enemies":"2 Louse","floor":1.0,"turns":3.0},{"damage":0.0,"enemies":"Small Slimes","floor":4.0,"turns":3.0},{"damage":9.0,"enemies":"Jaw Worm","floor":5.0,"turns":5.0},{"damage":10.0,"enemies":"3 Louse","floor":7.0,"turns":2.0},{"damage":28.0,"enemies":"Lagavulin","floor":8.0,"turns":5.0},{"damage":20.0,"enemies":"3 Sentries","floor":13.0,"turns":4.0},{"damage":65.0,"enemies":"Slime Boss","floor":16.0,"turns":8.0},{"damage":0.0,"enemies":"Chosen","floor":18.0,"turns":3.0},{"damage":15.0,"enemies":"Colosseum Slavers","floor":19.0,"turns":4.0},{"damage":27.0,"enemies":"Colosseum Nobs","floor":19.0,"turns":3.0},{"damage":12.0,"enemies":"Gremlin Leader","floor":24.0,"turns":5.0},{"damage":0.0,"enemies":"Spheric Guardian","floor":28.0,"turns":3.0},{"damage":10.0,"enemies":"Snecko","floor":31.0,"turns":3.0},{"damage":42.0,"enemies":"Collector","floor":33.0,"turns":6.0},{"damage":55.0,"enemies":"3 Darklings","floor":35.0,"turns":5.0},{"damage":16.0,"enemies":"3 Shapes","floor":37.0,"turns":4.0},{"damage":48,"enemies":"Sphere and 2 Shapes","floor":39,"turns":4},{"damage":25,"enemies":"Spire Growth","floor":41,"turns":4},{"damage":40,"enemies":"Jaw Worm Horde","floor":42,"turns":4},{"damage":27,"enemies":"Sphere and 2 Shapes","floor":46,"turns":4},{"damage":37,"enemies":"Transient","floor":48,"turns":5},{"damage":70,"enemies":"Donu and Deca","floor":50,"turns":6}],"seed_played":"-8708752341948906652","potions_obtained":[{"floor":1.0,"key":"Swift Potion"},{"floor":5.0,"key":"Dexterity Potion"},{"floor":16.0,"key":"FearPotion"},{"floor":24.0,"key":"Poison Potion"},{"floor":31.0,"key":"AttackPotion"},{"floor":33.0,"key":"Fire Potion"},{"floor":42,"key":"EssenceOfSteel"},{"floor":46,"key":"FocusPotion"}],"is_trial":false,"path_per_floor":["M","?","$","M","M","R","M","E","T","R","?","R","E","$","R","B",null,"M","?","?","$","?","R","E","$","T","T","M","R","$","M","R","B",null,"M","?","M","$","M","R","M","M","T","R","T","M","R","M","R","B",null],"character_chosen":"DEFECT","items_purchased":["Loop","Redo","FocusPotion","Darkness","Redo","FocusPotion"],"campfire_rested":10,"item_purchase_floors":[14,14,21,30,38,38],"current_hp_per_floor":[68,73,73,73,64,64,54,26,26,50,50,74,54,54,78,13,63,63,21,21,21,21,45,35,35,35,35,49,73,73,67,82,42,72,33,35,37,37,57,83,62,38,38,64,64,53,79,48,74,26],"gold":144,"neow_bonus":"ONE_RANDOM_RARE_CARD","is_prod":false,"is_daily":false,"chose_seed":false,"campfire_upgraded":1,"win_rate":0,"timestamp":1550429479,"path_taken":["M","?","$","M","M","R","M","E","T","R","?","R","E","$","R","BOSS","M","?","?","$","?","R","E","$","T","?","M","R","$","M","R","BOSS","M","?","M","$","M","R","M","M","T","R","?","M","R","M","R","BOSS"],"build_version":"2019-01-23","purchased_purges":2,"victory":true,"max_hp_per_floor":[75,80,80,80,80,80,80,80,80,80,80,80,80,80,80,80,80,80,80,80,80,80,80,80,80,80,80,80,80,80,82,82,82,82,82,84,86,86,88,88,88,88,88,88,88,88,88,88,88,88],"card_choices":[{"not_picked":["Turbo","Cold Snap"],"picked":"Darkness","floor":1.0},{"not_picked":["Coolheaded","Stack"],"picked":"Sweeping Beam","floor":4.0},{"not_picked":["Rebound","Streamline"],"picked":"Hologram","floor":5.0},{"not_picked":["Leap","Skim"],"picked":"Doom and Gloom","floor":7.0},{"not_picked":["Conserve Battery","Ball Lightning"],"picked":"Darkness","floor":8.0},{"not_picked":["Amplify","Self Repair"],"picked":"BootSequence","floor":13.0},{"not_picked":["Meteor Strike","Buffer"],"picked":"Seek","floor":16.0},{"not_picked":["Compile Driver+1","Barrage"],"picked":"Redo+1","floor":18.0},{"not_picked":["Barrage","Beam Cell"],"picked":"Auto Shields","floor":19.0},{"not_picked":["Reinforced Body","Lockon"],"picked":"Defragment","floor":24.0},{"not_picked":["Steam+1","Barrage"],"picked":"Defragment","floor":28.0},{"not_picked":["Go for the Eyes","Beam Cell","Conserve Battery"],"picked":"Singing Bowl","floor":31.0},{"not_picked":["Thunder Strike","Reboot"],"picked":"Core Surge","floor":33.0},{"not_picked":["Chaos","Cold Snap"],"picked":"Doom and Gloom","floor":35.0},{"not_picked":["Finesse","Forethought","Impatience"],"picked":"Singing Bowl","floor":36.0},{"not_picked":["Sunder","Beam Cell","Static Discharge"],"picked":"Singing Bowl","floor":37.0},{"not_picked":["Steam","Ball Lightning","Sweeping Beam"],"picked":"Singing Bowl","floor":39},{"not_picked":["Rebound+1","Turbo+1"],"picked":"BootSequence","floor":41},{"not_picked":["Glacier+1","Turbo"],"picked":"Defragment+1","floor":42},{"not_picked":["Conserve Battery+1","Steam Power+1"],"picked":"Hologram","floor":46},{"not_picked":["Rebound","Gash"],"picked":"Buffer","floor":48}],"player_experience":1045375,"relics_obtained":[{"floor":8.0,"key":"Boot"},{"floor":9.0,"key":"Kunai"},{"floor":13.0,"key":"Unceasing Top"},{"floor":19.0,"key":"Bird Faced Urn"},{"floor":19.0,"key":"Singing Bowl"},{"floor":24.0,"key":"Darkstone Periapt"},{"floor":26.0,"key":"Meat on the Bone"},{"floor":27.0,"key":"Cables"},{"floor":43,"key":"StoneCalendar"},{"floor":45,"key":"Bronze Scales"}],"event_choices":[{"damage_healed":0.0,"max_hp_gain":5.0,"max_hp_loss":0.0,"gold_gain":0.0,"event_name":"Big Fish","player_choice":"Donut","floor":2.0,"gold_loss":0.0,"damage_taken":0.0},{"damage_healed":0.0,"max_hp_gain":0.0,"max_hp_loss":0.0,"gold_gain":0.0,"event_name":"Living Wall","player_choice":"Grow","floor":11.0,"gold_loss":0.0,"damage_taken":0.0,"cards_upgraded":["Darkness"]},{"damage_healed":0.0,"max_hp_gain":0.0,"max_hp_loss":0.0,"gold_gain":0.0,"event_name":"Colosseum","player_choice":"Fight","floor":19.0,"gold_loss":0.0,"damage_taken":0.0},{"damage_healed":0.0,"max_hp_gain":0.0,"max_hp_loss":0.0,"gold_gain":0.0,"event_name":"Colosseum","player_choice":"Fought Nobs","floor":19.0,"gold_loss":0.0,"damage_taken":0.0},{"damage_healed":0.0,"max_hp_gain":0.0,"max_hp_loss":0.0,"gold_gain":0.0,"cards_transformed":["Strike_B","Strike_B"],"event_name":"Drug Dealer","player_choice":"Became Test Subject","floor":20.0,"gold_loss":0.0,"damage_taken":0.0,"cards_obtained":["Beam Cell","Core Surge"]},{"damage_healed":0.0,"max_hp_gain":0.0,"max_hp_loss":0.0,"gold_gain":0.0,"event_name":"Vampires","player_choice":"Ignored","floor":22.0,"gold_loss":0.0,"damage_taken":0.0},{"damage_healed":0.0,"max_hp_gain":0.0,"max_hp_loss":0.0,"gold_gain":0.0,"event_name":"SensoryStone","player_choice":"Memory 1","floor":36.0,"gold_loss":0.0,"damage_taken":0.0}],"is_beta":false,"boss_relics":[{"not_picked":["Philosopher\u0027s Stone","Fusion Hammer"],"picked":"Velvet Choker"},{"not_picked":["Runic Pyramid","FrozenCore"],"picked":"Lizard Tail"}],"items_purged_floors":[3,30],"is_endless":false,"potions_floor_spawned":[1,5,16,24,31,33,42,46],"ascension_level":9}