{"gold_per_floor":[111,130,149,159,169,169,204,204,204,204,231,231,249,278,278,379,379,397,407,332,345,360,360,394,394,417,417,417,434,72,72],"floor_reached":31,"playtime":2422,"items_purged":["Strike_G"],"score":317,"play_id":"48a3c7da-d39c-46a3-b582-54138efd8a46","local_time":"20190203223020","is_ascension_mode":true,"campfire_choices":[{"floor":6,"key":"RECALL"},{"floor":8,"key":"REST"},{"floor":15,"key":"REST"},{"floor":23,"key":"REST"},{"floor":25,"key":"REST"},{"floor":28,"key":"REST"}],"neow_cost":"NONE","seed_source_timestamp":46376530058583,"circlet_count":0,"master_deck":["Defend_G","Defend_G","Defend_G","Defend_G","Strike_G","Strike_G","Survivor","Neutralize","Poisoned Stab","Blade Dance","Infinite Blades+1","Sucker Punch","Poisoned Stab","Tools of the Trade","Flying Knee","Die Die Die","Venomology","PiercingWail+1","Flying Knee+1","Dagger Throw","Quick Slash","Bane","Well Laid Plans","Noxious Fumes","Prepared","Backflip"],"relics":["Empty Cage","The Courier","Incense Burner","Ornamental Fan","Du-Vu Doll","Bottled Flame","White Beast Statue","Happy Flower","Blood Vial"],"potions_floor_usage":[11,14,14,18,19,21,22,24,24,24,24,29,29,31,31],"damage_taken":[{"damage":0,"enemies":"Small Slimes","floor":1,"turns":4},{"damage":1,"enemies":"2 Louse","floor":2,"turns":3},{"damage":2,"enemies":"Jaw Worm","floor":3,"turns":4},{"damage":7,"enemies":"3 Louse","floor":4,"turns":3},{"damage":4,"enemies":"Blue Slaver","floor":5,"turns":3},{"damage":20,"enemies":"Lagavulin","floor":7,"turns":9},{"damage":12,"enemies":"Gremlin Nob","floor":11,"turns":5},{"damage":0,"enemies":"2 Fungi Beasts","floor":13,"turns":3},{"damage":0,"enemies":"Lagavulin","floor":14,"turns":6},{"damage":29,"enemies":"The Guardian","floor":16,"turns":14},{"damage":12,"enemies":"3 Byrds","floor":18,"turns":4},{"damage":2,"enemies":"Spheric Guardian","floor":19,"turns":6},{"damage":34,"enemies":"Chosen and Byrds","floor":21,"turns":7},{"damage":10,"enemies":"Snecko","floor":22,"turns":7},{"damage":40,"enemies":"Gremlin Leader","floor":24,"turns":9},{"damage":14,"enemies":"Shelled Parasite and Fungi","floor":29,"turns":6},{"damage":46,"enemies":"Slavers","floor":31,"turns":4}],"seed_played":"7776926603601685198","potions_obtained":[{"floor":2,"key":"Energy Potion"},{"floor":5,"key":"GhostInAJar"},{"floor":7,"key":"GamblersBrew"},{"floor":11,"key":"Weak Potion"},{"floor":14,"key":"PowerPotion"},{"floor":18,"key":"Regen Potion"},{"floor":19,"key":"GamblersBrew"},{"floor":21,"key":"Poison Potion"},{"floor":22,"key":"SkillPotion"},{"floor":24,"key":"PowerPotion"},{"floor":29,"key":"LiquidBronze"}],"is_trial":false,"path_per_floor":["M","M","M","M","M","R","E","R","T","?","E","?","M","E","R","B",null,"M","M","?","M","M","R","E","R","T","?","R","M","$","E"],"character_chosen":"THE_SILENT","items_purchased":["Noxious Fumes","Regen Potion","Prepared","Backflip","Blood Vial"],"campfire_rested":5,"item_purchase_floors":[30,30,30,30,30],"current_hp_per_floor":[70,69,67,60,56,56,36,57,57,54,42,42,42,42,63,34,70,58,56,56,22,27,48,8,29,29,16,38,24,24,0],"gold":72,"neow_bonus":"BOSS_RELIC","is_prod":false,"is_daily":false,"chose_seed":false,"campfire_upgraded":0,"win_rate":0,"timestamp":1549254620,"path_taken":["M","M","M","M","M","R","E","R","T","?","E","?","M","E","R","BOSS","M","M","?","M","M","R","E","R","T","?","R","M","$","E"],"build_version":"2019-01-23","purchased_purges":1,"victory":false,"max_hp_per_floor":[70,70,70,70,70,70,70,70,70,70,70,70,70,70,70,70,70,70,70,70,70,70,70,70,70,70,75,75,75,75,75],"card_choices":[{"not_picked":["Outmaneuver","Deadly Poison"],"picked":"Poisoned Stab","floor":1},{"not_picked":["Underhanded Strike","Prepared"],"picked":"Blade Dance","floor":2},{"not_picked":["All Out Attack","Choke"],"picked":"Infinite Blades","floor":3},{"not_picked":["Tactician","Deflect","Dodge and Roll"],"picked":"SKIP","floor":4},{"not_picked":["Deadly Poison","Caltrops"],"picked":"Sucker Punch","floor":5},{"not_picked":["Infinite Blades","Setup"],"picked":"Poisoned Stab","floor":7},{"not_picked":["Calculated Gamble","Deflect"],"picked":"Tools of the Trade","floor":11},{"not_picked":["Masterful Stab","Blur"],"picked":"Flying Knee","floor":13},{"not_picked":["Slice","Outmaneuver"],"picked":"Die Die Die","floor":14},{"not_picked":["Bullet Time","Storm of Steel"],"picked":"Venomology","floor":16},{"not_picked":["Dodge and Roll+1","Bane+1"],"picked":"PiercingWail+1","floor":18},{"not_picked":["Well Laid Plans","Dagger Spray"],"picked":"Flying Knee+1","floor":19},{"not_picked":["Calculated Gamble","Flying Knee"],"picked":"Dagger Throw","floor":21},{"not_picked":["Deadly Poison","Poisoned Stab"],"picked":"Quick Slash","floor":22},{"not_picked":["Underhanded Strike+1","Concentrate"],"picked":"Bane","floor":24},{"not_picked":["Deadly Poison","PiercingWail"],"picked":"Well Laid Plans","floor":29}],"player_experience":382134,"relics_obtained":[{"floor":7,"key":"The Courier"},{"floor":9,"key":"Incense Burner"},{"floor":11,"key":"Du-Vu Doll"},{"floor":14,"key":"Bottled Flame"},{"floor":24,"key":"Happy Flower"}],"event_choices":[{"damage_healed":0,"gold_gain":0,"player_choice":"Success","damage_taken":3,"relics_obtained":["Ornamental Fan"],"max_hp_gain":0,"max_hp_loss":0,"event_name":"Scrap Ooze","floor":10,"gold_loss":0},{"damage_healed":0,"gold_gain":0,"player_choice":"Grow","damage_taken":0,"max_hp_gain":0,"max_hp_loss":0,"event_name":"Living Wall","floor":12,"gold_loss":0,"cards_upgraded":["Infinite Blades"]},{"cards_removed":["Strike_G"],"damage_healed":0,"gold_gain":0,"player_choice":"Gave Gold","damage_taken":0,"max_hp_gain":0,"max_hp_loss":0,"event_name":"Beggar","floor":20,"gold_loss":75},{"damage_healed":0,"gold_gain":0,"player_choice":"Shed Blood","damage_taken":18,"max_hp_gain":5,"max_hp_loss":0,"event_name":"Forgotten Altar","floor":27,"gold_loss":0}],"is_beta":false,"boss_relics":[{"not_picked":["Ectoplasm","Runic Pyramid"],"picked":"White Beast Statue"}],"items_purged_floors":[30],"is_endless":false,"potions_floor_spawned":[2,5,7,11,14,18,19,21,22,24,29],"killed_by":"Slavers","ascension_level":1}