{"gold_per_floor":[112,112,123,35,35,35,35,35,35,49,74,74,101,101,101,175,175,190,190,190,206,237,237,256,256,256,9,28,41,41,69,69,145,145,165,265,283,283,295,295,517,517,517,61,71,91,91,111,111,111],"floor_reached":51,"playtime":3747,"items_purged":["Strike_G","Regret"],"score":1430,"play_id":"6739fe10-e727-4f0e-a1aa-afb028476a45","local_time":"20190217175713","is_ascension_mode":true,"campfire_choices":[{"data":"Dash","floor":6.0,"key":"SMITH"},{"data":"Malaise","floor":8.0,"key":"SMITH"},{"data":"Skewer","floor":12.0,"key":"SMITH"},{"data":"Noxious Fumes","floor":15.0,"key":"SMITH"},{"data":"Malaise","floor":23,"key":"SMITH"},{"data":"Catalyst","floor":25,"key":"SMITH"},{"data":"Dagger Spray","floor":30,"key":"SMITH"},{"data":"Noxious Fumes","floor":32,"key":"SMITH"},{"data":"Footwork","floor":40,"key":"SMITH"},{"data":"Well Laid Plans","floor":42,"key":"SMITH"},{"data":"Burst","floor":49,"key":"SMITH"}],"neow_cost":"NONE","seed_source_timestamp":13308639221183,"circlet_count":0,"master_deck":["AscendersBane","Defend_G","Defend_G","Defend_G","Defend_G","Defend_G","Strike_G","Strike_G+1","Strike_G","Survivor+1","Dash+1","Malaise+1","Flying Knee","Well Laid Plans+1","Skewer+1","Dagger Spray+1","Noxious Fumes+1","Malaise+1","Noxious Fumes+1","Necronomicurse","Backflip+1","Catalyst+1","Noxious Fumes+1","Footwork+1","Footwork+1","Footwork","Deflect","Burst+1","Catalyst"],"special_seed":0,"relics":["Philosopher\u0027s Stone","Bag of Preparation","Blue Candle","Meat on the Bone","Centennial Puzzle","Eternal Feather","Necronomicon","Red Mask","Ninja Scroll","Happy Flower","Lantern","Cursed Key","FossilizedHelix","Vajra","DollysMirror"],"potions_floor_usage":[22],"damage_taken":[{"damage":2.0,"enemies":"Cultist","floor":1.0,"turns":5.0},{"damage":4.0,"enemies":"Jaw Worm","floor":3.0,"turns":4.0},{"damage":0.0,"enemies":"2 Louse","floor":10.0,"turns":2.0},{"damage":9.0,"enemies":"Gremlin Nob","floor":11.0,"turns":4.0},{"damage":1.0,"enemies":"3 Sentries","floor":13.0,"turns":4.0},{"damage":0.0,"enemies":"The Guardian","floor":16.0,"turns":9.0},{"damage":5.0,"enemies":"Chosen","floor":18.0,"turns":6.0},{"damage":6.0,"enemies":"Spheric Guardian","floor":21.0,"turns":4.0},{"damage":9,"enemies":"Masked Bandits","floor":22,"turns":3},{"damage":1,"enemies":"Snake Plant","floor":24,"turns":4},{"damage":1,"enemies":"Cultist and Chosen","floor":28,"turns":3},{"damage":9,"enemies":"Shelled Parasite and Fungi","floor":29,"turns":4},{"damage":0,"enemies":"Gremlin Leader","floor":31,"turns":7},{"damage":41,"enemies":"Collector","floor":33,"turns":8},{"damage":7,"enemies":"3 Darklings","floor":35,"turns":5},{"damage":6,"enemies":"Mind Bloom Boss Battle","floor":36,"turns":6},{"damage":0,"enemies":"3 Shapes","floor":37,"turns":6},{"damage":0,"enemies":"Jaw Worm Horde","floor":39,"turns":4},{"damage":2,"enemies":"Spire Growth","floor":45,"turns":4},{"damage":0,"enemies":"Writhing Mass","floor":46,"turns":4},{"damage":10,"enemies":"3 Darklings","floor":48,"turns":6},{"damage":0,"enemies":"Time Eater","floor":50,"turns":8}],"seed_played":"5374519842156932915","potions_obtained":[{"floor":1.0,"key":"Block Potion"},{"floor":3.0,"key":"Poison Potion"},{"floor":22,"key":"FearPotion"},{"floor":28,"key":"Energy Potion"}],"is_trial":false,"path_per_floor":["M","?","M","$","?","R","?","R","T","M","E","R","E","?","R","B",null,"M","?","?","M","?","R","M","R","T","$","M","M","R","E","R","B",null,"M","?","M","?","M","R","?","R","T","$","M","M","?","M","R","B",null],"character_chosen":"THE_SILENT","items_purchased":["Well Laid Plans","Happy Flower","DollysMirror","Footwork","Deflect"],"campfire_rested":0,"item_purchase_floors":[4,27,44,44,44],"current_hp_per_floor":[57,57,53,53,33,33,33,33,33,33,24,24,23,23,23,35,58,53,35,14,20,23,35,46,58,58,58,57,48,60,60,71,42,64,57,51,51,51,51,63,63,71,71,71,69,69,69,59,71,71],"gold":111,"neow_bonus":"BOSS_RELIC","is_prod":false,"is_daily":false,"chose_seed":false,"campfire_upgraded":11,"win_rate":0,"timestamp":1550437033,"path_taken":["M","?","M","$","?","R","?","R","T","M","E","R","E","?","R","BOSS","M","?","?","M","?","R","M","R","T","$","M","M","R","E","R","BOSS","M","?","M","?","M","R","?","R","T","$","M","M","?","?","R","BOSS"],"build_version":"2018-11-15","purchased_purges":2,"victory":true,"max_hp_per_floor":[66,66,66,66,66,66,66,66,66,66,66,66,66,66,66,66,66,66,71,71,71,71,71,71,71,71,71,71,71,71,71,71,71,71,71,71,71,71,71,71,71,71,71,71,71,71,71,71,71,71],"card_choices":[{"not_picked":["Backstab","Accuracy"],"picked":"Dash","floor":1.0},{"not_picked":["Slice","Poisoned Stab"],"picked":"Flying Knee","floor":3.0},{"not_picked":["Sucker Punch","Quick Slash"],"picked":"Skewer","floor":10.0},{"not_picked":["Concentrate","Doppelganger"],"picked":"Dagger Spray","floor":11.0},{"not_picked":["Accuracy","Dodge and Roll"],"picked":"Noxious Fumes","floor":13.0},{"not_picked":["Phantasmal Killer","Tools of the Trade"],"picked":"Malaise","floor":16.0},{"not_picked":["Dagger Spray","Underhanded Strike"],"picked":"Noxious Fumes","floor":18.0},{"not_picked":["Sucker Punch","Endless Agony","Poisoned Stab"],"picked":"SKIP","floor":21.0},{"not_picked":["Cloak And Dagger","Dagger Throw"],"picked":"Backflip+1","floor":22},{"not_picked":["Finisher+1","All Out Attack"],"picked":"Catalyst","floor":24},{"not_picked":["Quick Slash","Eviscerate+1","Heel Hook"],"picked":"SKIP","floor":28},{"not_picked":["Expertise+1","Sucker Punch","Acrobatics"],"picked":"SKIP","floor":29},{"not_picked":["Sucker Punch+1","Well Laid Plans","Backflip"],"picked":"SKIP","floor":31},{"not_picked":["Heel Hook+1","Flying Knee","Underhanded Strike+1"],"picked":"SKIP","floor":35},{"not_picked":["Calculated Gamble+1","All Out Attack"],"picked":"Noxious Fumes+1","floor":37},{"not_picked":["Backflip","Poisoned Stab"],"picked":"Footwork","floor":39},{"not_picked":["Infinite Blades","Expertise+1","Acrobatics"],"picked":"SKIP","floor":45},{"not_picked":["Flying Knee","Concentrate"],"picked":"Burst","floor":46},{"not_picked":["Predator","Dagger Spray+1"],"picked":"Catalyst","floor":48}],"player_experience":156936,"relics_obtained":[{"floor":9.0,"key":"Bag of Preparation"},{"floor":11.0,"key":"Blue Candle"},{"floor":13.0,"key":"Meat on the Bone"},{"floor":20.0,"key":"Necronomicon"},{"floor":22,"key":"Red Mask"},{"floor":26,"key":"Ninja Scroll"},{"floor":31,"key":"Lantern"},{"floor":36,"key":"FossilizedHelix"},{"floor":43,"key":"Vajra"}],"event_choices":[{"damage_healed":0.0,"max_hp_gain":0.0,"max_hp_loss":0.0,"gold_gain":0.0,"cards_transformed":["Strike_G"],"event_name":"Living Wall","player_choice":"Change","floor":2.0,"gold_loss":0.0,"damage_taken":0.0,"cards_obtained":["Malaise"]},{"damage_healed":0.0,"max_hp_gain":0.0,"max_hp_loss":0.0,"gold_gain":0.0,"event_name":"Shining Light","player_choice":"Entered Light","floor":5.0,"gold_loss":0.0,"damage_taken":20.0,"cards_upgraded":["Strike_G","Survivor"]},{"damage_healed":0.0,"max_hp_gain":0.0,"max_hp_loss":0.0,"gold_gain":0.0,"event_name":"Liars Game","player_choice":"Ignored","floor":7.0,"gold_loss":0.0,"damage_taken":0.0},{"damage_healed":0.0,"max_hp_gain":0.0,"max_hp_loss":0.0,"gold_gain":0.0,"event_name":"Dead Adventurer","player_choice":"Searched \u00271\u0027 times","floor":14.0,"gold_loss":0.0,"damage_taken":0.0,"relics_obtained":["Centennial Puzzle"]},{"damage_healed":0.0,"max_hp_gain":5.0,"max_hp_loss":0.0,"gold_gain":0.0,"event_name":"Forgotten Altar","player_choice":"Shed Blood","floor":19.0,"gold_loss":0.0,"damage_taken":23.0},{"damage_healed":0.0,"max_hp_gain":0.0,"max_hp_loss":0.0,"gold_gain":0.0,"event_name":"Cursed Tome","player_choice":"Obtained Book","floor":20.0,"gold_loss":0.0,"damage_taken":21.0},{"damage_healed":0,"gold_gain":0,"player_choice":"Fought Bandits","damage_taken":0,"max_hp_gain":0,"max_hp_loss":0,"event_name":"Masked Bandits","floor":22,"gold_loss":0},{"damage_healed":0,"gold_gain":0,"player_choice":"Fight","damage_taken":0,"max_hp_gain":0,"max_hp_loss":0,"event_name":"MindBloom","floor":36,"gold_loss":0},{"cards_removed":["Neutralize"],"damage_healed":0,"gold_gain":0,"player_choice":"Removed Attack","damage_taken":0,"max_hp_gain":0,"max_hp_loss":0,"event_name":"Falling","floor":38,"gold_loss":0},{"damage_healed":0,"gold_gain":222,"player_choice":"Wore Mask","damage_taken":0,"max_hp_gain":0,"max_hp_loss":0,"event_name":"Tomb of Lord Red Mask","floor":41,"gold_loss":0},{"damage_healed":0,"gold_gain":0,"player_choice":"Ignored","damage_taken":0,"max_hp_gain":0,"max_hp_loss":0,"event_name":"SecretPortal","floor":47,"gold_loss":0}],"is_beta":false,"boss_relics":[{"not_picked":["WristBlade","HoveringKite"],"picked":"Eternal Feather"},{"not_picked":["Lizard Tail","Pandora\u0027s Box"],"picked":"Cursed Key"}],"items_purged_floors":[27,44],"is_endless":false,"potions_floor_spawned":[1,3,13,22,28,31,33,35,36,39,45],"ascension_level":17}