{"gold_per_floor":[110,110,125,125,54,54,80,80,105,105,71,82,93,103,103,203,203,222,321,321,331,342,342,342,342,342,359,359,375,110,130,130,225,225,240,240,251,5,22,22,22,22],"floor_reached":42,"playtime":2565,"items_purged":["Strike_G","Strike_G"],"score":575,"play_id":"3ca384fb-c7b6-4fac-b97d-141f36d1c8a0","local_time":"20180825010516","is_ascension_mode":true,"campfire_choices":[{"data":"Corpse Explosion","floor":6.0,"key":"SMITH"},{"floor":8.0,"key":"REST"},{"data":"Noxious Fumes","floor":10.0,"key":"SMITH"},{"floor":15.0,"key":"REST"},{"floor":23.0,"key":"REST"},{"data":"Catalyst","floor":25.0,"key":"SMITH"},{"data":"Venomology","floor":28.0,"key":"SMITH"},{"data":"Noxious Fumes","floor":32.0,"key":"SMITH"},{"data":"Calculated Gamble","floor":40,"key":"SMITH"}],"neow_cost":"TEN_PERCENT_HP_LOSS","seed_source_timestamp":0,"circlet_count":0,"master_deck":["Defend_G","Defend_G","Defend_G","Defend_G","Defend_G","Strike_G","Strike_G","Strike_G","Survivor","Neutralize","Corpse Explosion+1","Catalyst+1","Noxious Fumes+1","Noxious Fumes+1","Die Die Die+1","Venomology+1","Ghostly","Ghostly","Ghostly","Ghostly","Ghostly","Calculated Gamble+1","Madness","Madness"],"special_seed":0,"relics":["Ring of the Snake","GremlinMask","Molten Egg 2","Bag of Preparation","Busted Crown","Ginger","TwistedFunnel","Velvet Choker","Blood Vial"],"potions_floor_usage":[42,42,42],"damage_taken":[{"damage":0.0,"enemies":"Small Slimes","floor":1.0,"turns":5.0},{"damage":7.0,"enemies":"Cultist","floor":3.0,"turns":5.0},{"damage":18.0,"enemies":"Gremlin Nob","floor":7.0,"turns":4.0},{"damage":5.0,"enemies":"Jaw Worm","floor":12.0,"turns":4.0},{"damage":4.0,"enemies":"2 Fungi Beasts","floor":13.0,"turns":3.0},{"damage":17.0,"enemies":"Exordium Thugs","floor":14.0,"turns":4.0},{"damage":10.0,"enemies":"Hexaghost","floor":16.0,"turns":8.0},{"damage":12.0,"enemies":"2 Thieves","floor":18.0,"turns":3.0},{"damage":2.0,"enemies":"Chosen","floor":21.0,"turns":4.0},{"damage":27.0,"enemies":"Sentry and Sphere","floor":22.0,"turns":4.0},{"damage":3.0,"enemies":"Cultist and Chosen","floor":27.0,"turns":3.0},{"damage":1.0,"enemies":"Shelled Parasite and Fungi","floor":29.0,"turns":4.0},{"damage":1.0,"enemies":"Centurion and Healer","floor":31.0,"turns":3.0},{"damage":2.0,"enemies":"Champ","floor":33.0,"turns":6.0},{"damage":1,"enemies":"3 Shapes","floor":35,"turns":3},{"damage":1,"enemies":"3 Darklings","floor":37,"turns":3},{"damage":2,"enemies":"Sphere and 2 Shapes","floor":39,"turns":5},{"damage":50,"enemies":"Giant Head","floor":42,"turns":7}],"seed_played":"3605991343772917579","potions_obtained":[{"floor":4.0,"key":"SneckoOil"},{"floor":4.0,"key":"FearPotion"},{"floor":4.0,"key":"GhostInAJar"},{"floor":14.0,"key":"SneckoOil"},{"floor":16.0,"key":"AttackPotion"},{"floor":18.0,"key":"GhostInAJar"},{"floor":29.0,"key":"Energy Potion"},{"floor":33.0,"key":"Block Potion"},{"floor":37,"key":"Poison Potion"}],"is_trial":false,"path_per_floor":["M","?","M","?","$","R","E","R","T","R","$","M","M","M","R","B",null,"M","?","?","M","M","R","?","R","T","M","R","M","$","M","R","B",null,"M","?","M","$","M","R","?"],"character_chosen":"THE_SILENT","items_purchased":["Noxious Fumes","Noxious Fumes","TwistedFunnel","Blood Vial"],"campfire_rested":3,"item_purchase_floors":[5,11,30,38],"current_hp_per_floor":[63,63,56,56,56,56,38,56,56,56,56,51,47,30,48,38,57,45,45,45,43,16,34,31,31,31,28,28,27,27,26,26,24,29,28,28,27,27,27,27,23,0],"gold":22,"neow_bonus":"THREE_RARE_CARDS","is_prod":false,"is_daily":false,"chose_seed":false,"campfire_upgraded":6,"win_rate":0,"timestamp":1535177116,"path_taken":["M","?","M","?","$","R","E","R","T","R","$","M","M","M","R","BOSS","M","?","?","M","?","R","?","R","T","?","R","M","$","M","R","BOSS","M","?","?","$","M","R","?","E"],"build_version":"2018-08-23v2","purchased_purges":2,"victory":false,"max_hp_per_floor":[63,63,63,63,63,63,63,63,63,63,63,63,63,63,63,63,63,63,63,63,63,63,63,31,31,31,31,31,31,31,31,31,31,31,31,31,31,31,31,31,31,31],"card_choices":[{"not_picked":["Grand Finale","Phantasmal Killer"],"picked":"Corpse Explosion","floor":0.0},{"not_picked":["PiercingWail","Infinite Blades"],"picked":"Catalyst","floor":1.0},{"not_picked":["Crippling Poison","Dodge and Roll","Deflect"],"picked":"SKIP","floor":3.0},{"not_picked":["Dagger Throw","Prepared","Sucker Punch"],"picked":"SKIP","floor":7.0},{"not_picked":["Acrobatics","Accuracy","Caltrops"],"picked":"SKIP","floor":12.0},{"not_picked":["Bouncing Flask","PiercingWail","Backstab+1"],"picked":"SKIP","floor":13.0},{"not_picked":["Slice+1","Bane+1"],"picked":"Die Die Die+1","floor":14.0},{"not_picked":["Bullet Time","Phantasmal Killer"],"picked":"Venomology","floor":16.0},{"not_picked":["Backstab+1"],"picked":"SKIP","floor":18.0},{"not_picked":["Bane+1"],"picked":"SKIP","floor":21.0},{"not_picked":["Sucker Punch+1"],"picked":"SKIP","floor":22.0},{"not_picked":["Bouncing Flask"],"picked":"SKIP","floor":27.0},{"not_picked":["Dodge and Roll"],"picked":"SKIP","floor":29.0},{"not_picked":["Heel Hook+1"],"picked":"SKIP","floor":31.0},{"not_picked":["Distraction"],"picked":"SKIP","floor":35},{"not_picked":[],"picked":"Calculated Gamble","floor":37},{"not_picked":["Acrobatics"],"picked":"SKIP","floor":39}],"player_experience":342203,"relics_obtained":[{"floor":7.0,"key":"Molten Egg 2"},{"floor":9.0,"key":"Bag of Preparation"},{"floor":26.0,"key":"Ginger"}],"event_choices":[{"event_name":"FaceTrader","player_choice":"Trade","floor":2.0,"damage_taken":0.0},{"event_name":"The Lab","player_choice":"Got Potions","floor":4.0,"damage_taken":0.0},{"event_name":"Nest","player_choice":"Stole From Cult","floor":19.0,"damage_taken":0.0},{"event_name":"Cursed Tome","player_choice":"Ignored","floor":20.0,"damage_taken":0.0},{"event_name":"Ghosts","player_choice":"Became a Ghost","floor":24.0,"damage_taken":0.0},{"event_name":"SensoryStone","player_choice":"Memory 1","floor":36,"damage_taken":0},{"event_name":"Winding Halls","player_choice":"Embrace Madness","floor":41,"damage_taken":0}],"is_beta":false,"boss_relics":[{"not_picked":["Black Star","Astrolabe"],"picked":"Busted Crown"},{"not_picked":["Runic Dome","Tiny House"],"picked":"Velvet Choker"}],"items_purged_floors":[30,38],"is_endless":false,"potions_floor_spawned":[14,16,18,29,33,37,39],"killed_by":"Giant Head","ascension_level":6}