{"gold_per_floor":[110,140,159,206,206,238,258,29,29,29,48,48,58,70,70,168,168,178,128,145,145,159,159,171,270,297,308,308,325,325,336,336,336],"floor_reached":33,"playtime":2229,"items_purged":["Strike_B","Regret"],"score":289,"play_id":"6ee522c1-0bc8-4371-b772-7cb4874416b1","local_time":"20181002204112","is_ascension_mode":true,"campfire_choices":[{"floor":10,"key":"REST"},{"data":"Apotheosis","floor":12,"key":"SMITH"},{"floor":15,"key":"REST"},{"floor":23,"key":"REST"},{"floor":28,"key":"REST"},{"floor":30,"key":"REST"},{"floor":32,"key":"REST"}],"neow_cost":"","seed_source_timestamp":165354474341925,"circlet_count":0,"master_deck":["Strike_B","Strike_B","Strike_B","Defend_B","Defend_B","Defend_B","Defend_B","Zap","Dualcast","Darkness","Redo","Skim","Apotheosis+1","Rebound","Reboot","Skim","Hologram+1","Consume"],"relics":["Cracked Core","Tiny Chest","Smiling Mask","GremlinMask","Boot","Dodecahedron","Velvet Choker","Mercury Hourglass","Orichalcum"],"potions_floor_usage":[14,14,16,31,33,33,33],"damage_taken":[{"damage":7,"enemies":"Jaw Worm","floor":1,"turns":3},{"damage":6,"enemies":"2 Louse","floor":3,"turns":3},{"damage":37,"enemies":"3 Sentries","floor":6,"turns":8},{"damage":0,"enemies":"Cultist","floor":7,"turns":3},{"damage":9,"enemies":"Exordium Thugs","floor":11,"turns":4},{"damage":10,"enemies":"2 Fungi Beasts","floor":13,"turns":3},{"damage":5,"enemies":"Lots of Slimes","floor":14,"turns":2},{"damage":34,"enemies":"The Guardian","floor":16,"turns":8},{"damage":42,"enemies":"2 Thieves","floor":18,"turns":4},{"damage":9,"enemies":"Shell Parasite","floor":20,"turns":4},{"damage":15,"enemies":"Centurion and Healer","floor":22,"turns":4},{"damage":3,"enemies":"Cultist and Chosen","floor":24,"turns":4},{"damage":17,"enemies":"Snake Plant","floor":27,"turns":4},{"damage":18,"enemies":"Sentry and Sphere","floor":29,"turns":4},{"damage":18,"enemies":"Shelled Parasite and Fungi","floor":31,"turns":5},{"damage":57,"enemies":"Automaton","floor":33,"turns":6}],"seed_played":"8639891538401079209","potions_obtained":[{"floor":3,"key":"Explosive Potion"},{"floor":6,"key":"Block Potion"},{"floor":7,"key":"SmokeBomb"},{"floor":13,"key":"PowerPotion"},{"floor":22,"key":"Dexterity Potion"},{"floor":27,"key":"Ancient Potion"},{"floor":29,"key":"Strength Potion"},{"floor":31,"key":"Explosive Potion"}],"is_trial":false,"path_per_floor":["M","?","M","T","?","E","M","$","T","R","M","R","M","M","R","B",null,"M","$","M","T","M","R","M","?","T","M","R","M","R","M","R"],"character_chosen":"DEFECT","items_purchased":["Apotheosis"],"campfire_rested":6,"item_purchase_floors":[8],"current_hp_per_floor":[68,68,62,62,62,25,25,25,25,47,38,38,28,23,45,11,75,33,33,24,24,9,31,28,28,28,11,33,15,37,19,41,0],"gold":336,"neow_bonus":"","is_prod":false,"is_daily":false,"chose_seed":false,"campfire_upgraded":1,"win_rate":0,"timestamp":1538530872,"path_taken":["M","?","?","?","?","E","M","$","T","R","M","R","?","M","R","BOSS","M","$","M","?","M","R","M","?","T","M","R","M","R","M","R","BOSS"],"build_version":"2018-09-27","purchased_purges":2,"victory":false,"max_hp_per_floor":[75,75,75,75,75,75,75,75,75,75,75,75,75,75,75,75,75,75,75,75,75,75,75,75,75,75,75,75,75,75,75,75,75],"card_choices":[{"not_picked":["Compile Driver","Turbo"],"picked":"Darkness","floor":1},{"not_picked":["Turbo","Reinforced Body"],"picked":"Redo","floor":3},{"not_picked":["Buffer","Turbo","Go for the Eyes"],"picked":"SKIP","floor":6},{"not_picked":["Beam Cell","Turbo"],"picked":"Skim","floor":7},{"not_picked":["Beam Cell","Defragment","Steam"],"picked":"SKIP","floor":11},{"not_picked":["White Noise","Turbo"],"picked":"Rebound","floor":13},{"not_picked":["Cold Snap","Doom and Gloom","Conserve Battery"],"picked":"SKIP","floor":14},{"not_picked":["All For One","Buffer"],"picked":"Reboot","floor":16},{"not_picked":["Cold Snap","Steam Power+1"],"picked":"Skim","floor":18},{"not_picked":["Rebound","Sweeping Beam+1","FTL"],"picked":"SKIP","floor":20},{"not_picked":["Leap","Undo+1"],"picked":"Hologram+1","floor":22},{"not_picked":["Compile Driver","Loop"],"picked":"Consume","floor":24},{"not_picked":["Streamline","Compile Driver","Reinforced Body"],"picked":"SKIP","floor":27},{"not_picked":["Conserve Battery+1","Stack","Gash+1"],"picked":"SKIP","floor":29},{"not_picked":["Barrage","Genetic Algorithm","Rebound+1"],"picked":"SKIP","floor":31}],"player_experience":435587,"relics_obtained":[{"floor":4,"key":"Smiling Mask"},{"floor":6,"key":"Boot"},{"floor":9,"key":"Dodecahedron"},{"floor":21,"key":"Mercury Hourglass"},{"floor":26,"key":"Orichalcum"}],"event_choices":[{"event_name":"Big Fish","player_choice":"Box","floor":2,"damage_taken":0},{"event_name":"FaceTrader","player_choice":"Trade","floor":5,"damage_taken":0},{"event_name":"Nest","player_choice":"Stole From Cult","floor":25,"damage_taken":0}],"is_beta":false,"boss_relics":[{"not_picked":["Lizard Tail","Black Star"],"picked":"Velvet Choker"}],"items_purged_floors":[8,19],"is_endless":false,"potions_floor_spawned":[3,6,7,13,22,27,29,31],"killed_by":"Automaton","ascension_level":3}