{"gold_per_floor":[109,119,44,59,59,84,84,102,125,139,139,139,155,174,174,278,278,294,324,224,243,243,243,261,287,287,312,322,322],"floor_reached":29,"playtime":1141,"items_purged":["Defend_R","Power Through"],"score":267,"play_id":"476458ca-776d-4434-8d21-5b7fa90de263","local_time":"20190211194039","is_ascension_mode":false,"campfire_choices":[{"data":"Bash","floor":7.0,"key":"SMITH"},{"floor":11.0,"key":"REST"},{"floor":15,"key":"REST"},{"data":"Shrug It Off","floor":23,"key":"SMITH"}],"neow_cost":"NONE","seed_source_timestamp":84107574341220,"circlet_count":0,"master_deck":["Bash+1","Shrug It Off+1","Dropkick","Shrug It Off","Clash","Dropkick","Offering","Anger","Reaper","Clash","Fiend Fire","Thunderclap"],"special_seed":0,"relics":["Burning Blood","Ancient Tea Set","Dream Catcher","Pandora\u0027s Box","Tiny Chest","Lantern","Letter Opener","Incense Burner"],"potions_floor_usage":[16],"damage_taken":[{"damage":0.0,"enemies":"Cultist","floor":1.0,"turns":3.0},{"damage":8.0,"enemies":"2 Louse","floor":2.0,"turns":3.0},{"damage":10.0,"enemies":"Jaw Worm","floor":4.0,"turns":3.0},{"damage":60.0,"enemies":"Lagavulin","floor":6.0,"turns":7.0},{"damage":0.0,"enemies":"Looter","floor":8.0,"turns":2.0},{"damage":16.0,"enemies":"Exordium Thugs","floor":10.0,"turns":7.0},{"damage":4,"enemies":"Red Slaver","floor":13,"turns":4},{"damage":0,"enemies":"2 Fungi Beasts","floor":14,"turns":3},{"damage":62,"enemies":"The Guardian","floor":16,"turns":13},{"damage":8,"enemies":"Spheric Guardian","floor":18,"turns":3},{"damage":8,"enemies":"Shell Parasite","floor":21,"turns":4},{"damage":21,"enemies":"Snake Plant","floor":24,"turns":3},{"damage":13,"enemies":"Book of Stabbing","floor":25,"turns":3},{"damage":49,"enemies":"Gremlin Leader","floor":27,"turns":3},{"damage":21,"enemies":"Shelled Parasite and Fungi","floor":28,"turns":3},{"damage":27,"enemies":"Cultist and Chosen","floor":29,"turns":4}],"seed_played":"-7936379383918568598","potions_obtained":[{"floor":1.0,"key":"EssenceOfSteel"},{"floor":6.0,"key":"SteroidPotion"},{"floor":13,"key":"SmokeBomb"},{"floor":14,"key":"FearPotion"},{"floor":24,"key":"Regen Potion"}],"is_trial":false,"path_per_floor":["M","M","$","M","$","E","R","M","T","M","R","?","M","M","R","B",null,"M","T","$","M","?","R","M","E","T","E","M","M"],"character_chosen":"IRONCLAD","items_purchased":[],"campfire_rested":2,"item_purchase_floors":[],"current_hp_per_floor":[80,78,78,74,74,20,20,26,26,16,40,40,42,48,72,16,80,78,78,78,76,76,76,61,60,60,31,16,0],"gold":322,"neow_bonus":"THREE_CARDS","is_prod":false,"is_daily":false,"chose_seed":false,"campfire_upgraded":2,"win_rate":0,"timestamp":1549903239,"path_taken":["M","M","$","M","$","E","R","M","T","M","R","?","?","M","R","BOSS","M","?","$","M","?","R","M","E","T","E","M","M"],"build_version":"2019-01-23","purchased_purges":2,"victory":false,"max_hp_per_floor":[80,80,80,80,80,80,80,80,80,80,80,80,80,80,80,80,80,80,80,80,80,80,80,80,80,80,80,80,80],"card_choices":[{"not_picked":["Sword Boomerang","Dual Wield"],"picked":"Shrug It Off","floor":0.0},{"not_picked":["Sever Soul","Clothesline","Warcry"],"picked":"SKIP","floor":1.0},{"not_picked":["Shrug It Off","Sentinel","Warcry"],"picked":"SKIP","floor":2.0},{"not_picked":["Warcry","Headbutt"],"picked":"Dropkick","floor":4.0},{"not_picked":["Bloodletting","Armaments","Sentinel"],"picked":"SKIP","floor":6.0},{"not_picked":["Searing Blow","Wild Strike","Intimidate"],"picked":"SKIP","floor":8.0},{"not_picked":["Reckless Charge","Perfected Strike","Sentinel"],"picked":"SKIP","floor":10.0},{"not_picked":["Anger","Pommel Strike"],"picked":"Clash","floor":13},{"not_picked":["Warcry","Infernal Blade","Second Wind"],"picked":"SKIP","floor":14},{"not_picked":["Shockwave","Warcry"],"picked":"Dropkick","floor":15},{"not_picked":["Uppercut","Sever Soul","Clash+1"],"picked":"SKIP","floor":18},{"not_picked":["Havoc","Metallicize+1","Pommel Strike"],"picked":"SKIP","floor":21},{"not_picked":["Shrug It Off","Battle Trance","Whirlwind+1"],"picked":"SKIP","floor":24},{"not_picked":["Blood for Blood","Rampage","Pommel Strike"],"picked":"SKIP","floor":25},{"not_picked":["Thunderclap","Reckless Charge","Brutality"],"picked":"SKIP","floor":27},{"not_picked":["Sword Boomerang","Whirlwind","Reckless Charge"],"picked":"SKIP","floor":28}],"player_experience":322747,"relics_obtained":[{"floor":6.0,"key":"Ancient Tea Set"},{"floor":9.0,"key":"Dream Catcher"},{"floor":19,"key":"Tiny Chest"},{"floor":25,"key":"Lantern"},{"floor":26,"key":"Letter Opener"},{"floor":27,"key":"Incense Burner"}],"event_choices":[{"damage_healed":0.0,"max_hp_gain":0.0,"max_hp_loss":0.0,"gold_gain":0.0,"cards_transformed":["Strike_R"],"event_name":"Transmorgrifier","player_choice":"Transformed","floor":12.0,"gold_loss":0.0,"damage_taken":0.0,"cards_obtained":["Shrug It Off"]},{"damage_healed":0,"gold_gain":0,"player_choice":"Ignored","damage_taken":0,"max_hp_gain":0,"max_hp_loss":0,"event_name":"Ghosts","floor":22,"gold_loss":0}],"is_beta":false,"boss_relics":[{"not_picked":["Snecko Eye","Calling Bell"],"picked":"Pandora\u0027s Box"}],"items_purged_floors":[3,20],"is_endless":false,"potions_floor_spawned":[1,6,13,14,24,27,28],"killed_by":"Cultist and Chosen","ascension_level":0}