{"gold_per_floor":[146,162,162,223,323,355,355,375,375,387,387,414,434,448,448,551,551,541,541,551,562,562,594,594,608,608,623,639,656,39,52,52,153,153,167,183,28,28,28,28,45,59,59,78,78,89,89,0,0,0],"floor_reached":50,"playtime":5339,"items_purged":[],"score":530,"play_id":"260867c8-a4b7-47ea-9b01-368945c5a829","local_time":"20190204154735","is_ascension_mode":false,"campfire_choices":[{"data":"Underhanded Strike","floor":7.0,"key":"SMITH"},{"data":"Bouncing Flask","floor":11.0,"key":"SMITH"},{"floor":15.0,"key":"REST"},{"floor":24.0,"key":"REST"},{"floor":32.0,"key":"REST"},{"floor":40.0,"key":"REST"},{"floor":45.0,"key":"REST"},{"floor":47.0,"key":"REST"},{"floor":49.0,"key":"REST"}],"neow_cost":"NONE","seed_source_timestamp":53662888570511,"circlet_count":0,"master_deck":["Defend_G","Defend_G","Defend_G","Defend_G+1","Defend_G","Strike_G","Strike_G","Strike_G","Strike_G","Strike_G","Survivor+1","Neutralize","Predator","Backstab","Underhanded Strike+1","Crippling Poison","Bouncing Flask+1","Heel Hook","Catalyst","Bullet Time","Bouncing Flask","Bullet Time","Flying Knee+1","Underhanded Strike+1","PanicButton","Footwork","Noxious Fumes","Sucker Punch","Footwork","Terror+1","Jack Of All Trades","Prepared","Dagger Throw","Flying Knee+1","Tools of the Trade","Tactician","Backflip","Noxious Fumes","Outmaneuver","PiercingWail","Deadly Poison+1","Underhanded Strike","Outmaneuver"],"special_seed":0,"relics":["Ring of the Snake","Tiny Chest","Mango","Gambling Chip","War Paint","Fusion Hammer","Centennial Puzzle","Boot","Paper Crane","Toolbox","HoveringKite","Bag of Marbles","Red Mask"],"potions_floor_usage":[50],"damage_taken":[{"damage":0.0,"enemies":"Jaw Worm","floor":1.0,"turns":5.0},{"damage":0.0,"enemies":"2 Louse","floor":2.0,"turns":2.0},{"damage":28.0,"enemies":"Gremlin Nob","floor":6.0,"turns":4.0},{"damage":0.0,"enemies":"Cultist","floor":8.0,"turns":2.0},{"damage":0.0,"enemies":"2 Fungi Beasts","floor":10.0,"turns":3.0},{"damage":25.0,"enemies":"3 Sentries","floor":12.0,"turns":8.0},{"damage":6.0,"enemies":"Lots of Slimes","floor":13.0,"turns":3.0},{"damage":0.0,"enemies":"Gremlin Gang","floor":14.0,"turns":3.0},{"damage":21.0,"enemies":"Hexaghost","floor":16.0,"turns":7.0},{"damage":15.0,"enemies":"2 Thieves","floor":18.0,"turns":4.0},{"damage":0.0,"enemies":"Spheric Guardian","floor":20.0,"turns":2.0},{"damage":11.0,"enemies":"Chosen and Byrds","floor":21.0,"turns":4.0},{"damage":23.0,"enemies":"Book of Stabbing","floor":23.0,"turns":4.0},{"damage":0.0,"enemies":"Snake Plant","floor":25.0,"turns":4.0},{"damage":17.0,"enemies":"Cultist and Chosen","floor":27.0,"turns":6.0},{"damage":9.0,"enemies":"3 Cultists","floor":28.0,"turns":5.0},{"damage":12.0,"enemies":"Snecko","floor":29.0,"turns":5.0},{"damage":3.0,"enemies":"Cultist and Chosen","floor":31.0,"turns":4.0},{"damage":24.0,"enemies":"Champ","floor":33.0,"turns":10.0},{"damage":25.0,"enemies":"3 Shapes","floor":35.0,"turns":4.0},{"damage":30.0,"enemies":"3 Darklings","floor":36.0,"turns":6.0},{"damage":6.0,"enemies":"Writhing Mass","floor":41.0,"turns":4.0},{"damage":22.0,"enemies":"Spire Growth","floor":42.0,"turns":4.0},{"damage":5.0,"enemies":"3 Darklings","floor":44.0,"turns":5.0},{"damage":14.0,"enemies":"4 Shapes","floor":46.0,"turns":6.0},{"damage":95,"enemies":"Donu and Deca","floor":50,"turns":9}],"seed_played":"-7508868841313470925","potions_obtained":[{"floor":1.0,"key":"LiquidBronze"},{"floor":8.0,"key":"Dexterity Potion"},{"floor":10.0,"key":"Poison Potion"},{"floor":16.0,"key":"Energy Potion"},{"floor":21.0,"key":"Fire Potion"},{"floor":23.0,"key":"GhostInAJar"},{"floor":31.0,"key":"SkillPotion"},{"floor":33.0,"key":"FearPotion"},{"floor":36.0,"key":"Swift Potion"},{"floor":44.0,"key":"Regen Potion"}],"is_trial":false,"path_per_floor":["M","M","?","?","?","E","R","M","T","M","R","E","M","M","R","B",null,"M","?","M","M","?","E","R","M","T","M","M","M","$","M","R","B",null,"M","M","$","?","?","R","M","M","T","M","R","M","R","?","R","B"],"character_chosen":"THE_SILENT","items_purchased":["Paper Crane","Toolbox","Jack Of All Trades","Prepared","Dagger Throw","Noxious Fumes","Outmaneuver","PiercingWail"],"campfire_rested":7,"item_purchase_floors":[30,30,30,30,30,37,37,37],"current_hp_per_floor":[70,70,75,75,75,61,61,61,61,61,61,36,30,30,56,35,89,74,74,74,63,47,24,50,50,50,33,24,12,12,9,35,11,89,64,34,34,34,34,60,54,32,32,27,53,54,80,80,89,0],"gold":0,"neow_bonus":"RANDOM_COMMON_RELIC","is_prod":false,"is_daily":false,"chose_seed":false,"campfire_upgraded":2,"win_rate":0.0,"timestamp":1549284455,"path_taken":["M","M","?","?","?","E","R","?","T","M","R","E","M","M","R","BOSS","M","?","M","?","?","E","R","M","T","?","M","M","$","M","R","BOSS","M","M","$","?","?","R","M","M","T","?","R","M","R","?","R","BOSS"],"build_version":"2019-01-23","purchased_purges":0,"victory":false,"max_hp_per_floor":[70,70,75,75,75,89,89,89,89,89,89,89,89,89,89,89,89,89,89,89,89,89,89,89,89,89,89,89,89,89,89,89,89,89,89,89,89,89,89,89,89,89,89,89,89,89,89,89,89,89],"card_choices":[{"not_picked":["Poisoned Stab","Dodge and Roll"],"picked":"Predator","floor":1.0},{"not_picked":["Dagger Throw","Reflex"],"picked":"Backstab","floor":2.0},{"not_picked":["Flechettes","Poisoned Stab"],"picked":"Underhanded Strike","floor":6.0},{"not_picked":["Acrobatics","Cloak And Dagger"],"picked":"Crippling Poison","floor":8.0},{"not_picked":["Dagger Spray","Cloak And Dagger"],"picked":"Bouncing Flask","floor":10.0},{"not_picked":["Deadly Poison","Backstab"],"picked":"Heel Hook","floor":12.0},{"not_picked":["Sucker Punch","Flying Knee"],"picked":"Catalyst","floor":13.0},{"not_picked":["Burst","Dodge and Roll","Cloak And Dagger"],"picked":"SKIP","floor":14.0},{"not_picked":["Phantasmal Killer","Venomology"],"picked":"Bullet Time","floor":16.0},{"not_picked":["Backstab","Deflect"],"picked":"Bouncing Flask","floor":18.0},{"not_picked":["Cloak And Dagger","Prepared"],"picked":"Flying Knee+1","floor":20.0},{"not_picked":["Dagger Spray","Heel Hook+1"],"picked":"Underhanded Strike+1","floor":21.0},{"not_picked":["Cloak And Dagger","PiercingWail"],"picked":"Footwork","floor":23.0},{"not_picked":["Poisoned Stab","Underhanded Strike"],"picked":"Noxious Fumes","floor":25.0},{"not_picked":["Escape Plan","Deflect"],"picked":"Sucker Punch","floor":27.0},{"not_picked":["Flying Knee","Dagger Spray"],"picked":"Footwork","floor":28.0},{"not_picked":["Heel Hook","Deadly Poison"],"picked":"Terror+1","floor":29.0},{"not_picked":["Backflip","Deflect"],"picked":"Flying Knee+1","floor":31.0},{"not_picked":["Adrenaline","Storm of Steel"],"picked":"Tools of the Trade","floor":33.0},{"not_picked":["Expertise+1","Slice+1"],"picked":"Tactician","floor":35.0},{"not_picked":["Backstab","Sucker Punch+1"],"picked":"Backflip","floor":36.0},{"not_picked":["Deadly Poison","Riddle With Holes","Deflect"],"picked":"SKIP","floor":41.0},{"not_picked":["Accuracy","Blade Dance+1"],"picked":"Deadly Poison+1","floor":42.0},{"not_picked":["Blade Dance","Leg Sweep+1"],"picked":"Underhanded Strike","floor":44.0},{"not_picked":["Bullet Time","Prepared"],"picked":"Outmaneuver","floor":46.0}],"player_experience":171554,"relics_obtained":[{"floor":6.0,"key":"Mango"},{"floor":9.0,"key":"Gambling Chip"},{"floor":12.0,"key":"War Paint"},{"floor":23.0,"key":"Centennial Puzzle"},{"floor":26.0,"key":"Boot"},{"floor":43.0,"key":"Bag of Marbles"}],"event_choices":[{"damage_healed":0.0,"max_hp_gain":5.0,"max_hp_loss":0.0,"gold_gain":0.0,"event_name":"Big Fish","player_choice":"Donut","floor":3.0,"gold_loss":0.0,"damage_taken":0.0},{"damage_healed":0.0,"max_hp_gain":0.0,"max_hp_loss":0.0,"gold_gain":61.0,"event_name":"Golden Wing","player_choice":"Gained Gold","floor":4.0,"gold_loss":0.0,"damage_taken":0.0},{"damage_healed":0.0,"max_hp_gain":0.0,"max_hp_loss":0.0,"gold_gain":100.0,"event_name":"Golden Shrine","player_choice":"Pray","floor":5.0,"gold_loss":0.0,"damage_taken":0.0},{"damage_healed":0.0,"max_hp_gain":0.0,"max_hp_loss":0.0,"gold_gain":0.0,"event_name":"Duplicator","player_choice":"Copied","floor":19.0,"gold_loss":0.0,"damage_taken":0.0,"cards_obtained":["Bullet Time"]},{"damage_healed":0.0,"max_hp_gain":0.0,"max_hp_loss":0.0,"gold_gain":0.0,"event_name":"Knowing Skull","player_choice":"CARD ","floor":22.0,"potions_obtained":[],"gold_loss":0.0,"damage_taken":16.0,"cards_obtained":["PanicButton"]},{"damage_healed":0.0,"max_hp_gain":0.0,"max_hp_loss":0.0,"gold_gain":0.0,"event_name":"The Moai Head","player_choice":"Ignored","floor":38.0,"gold_loss":0.0,"damage_taken":0.0},{"damage_healed":0.0,"max_hp_gain":0.0,"max_hp_loss":0.0,"gold_gain":0.0,"event_name":"SecretPortal","player_choice":"Ignored","floor":39.0,"gold_loss":0.0,"damage_taken":0.0},{"damage_healed":0.0,"max_hp_gain":0.0,"max_hp_loss":0.0,"gold_gain":0.0,"event_name":"Tomb of Lord Red Mask","player_choice":"Paid","floor":48.0,"gold_loss":89.0,"damage_taken":0.0,"relics_obtained":["Red Mask"]}],"is_beta":false,"boss_relics":[{"not_picked":["Empty Cage","Velvet Choker"],"picked":"Fusion Hammer"},{"not_picked":["Eternal Feather","Cursed Key"],"picked":"HoveringKite"}],"items_purged_floors":[],"is_endless":false,"potions_floor_spawned":[1,8,10,13,16,21,23,28,31,33,36,44],"killed_by":"Donu and Deca","ascension_level":0}