{"gold_per_floor":[115,115,65,79,95,95,114,129,210,243,243,262,187,207,207,333,333],"floor_reached":17,"playtime":1129,"items_purged":["Strike_B"],"score":164,"play_id":"cd012337-f08e-4e26-b6f7-e8e3ed7869db","local_time":"20180713013609","is_ascension_mode":true,"campfire_choices":[{"floor":6,"key":"REST"},{"floor":11,"key":"REST"},{"floor":15,"key":"REST"}],"neow_cost":"NONE","seed_source_timestamp":108449285321030,"circlet_count":0,"master_deck":["Strike_B","Strike_B","Defend_B","Defend_B","Defend_B","Defend_B","Zap","Dualcast","Go for the Eyes","Beam Cell","Beam Cell","Self Repair","Coolheaded","Defragment","Sweeping Beam","Darkness","Core Surge"],"relics":["Fusion Hammer","Golden Idol","Singing Bowl","Odd Mushroom","Snecko Eye"],"potions_floor_usage":[8,10,16,16],"damage_taken":[{"damage":1,"enemies":"Cultist","floor":1,"turns":4},{"damage":4,"enemies":"Jaw Worm","floor":4,"turns":3},{"damage":2,"enemies":"Small Slimes","floor":5,"turns":4},{"damage":4,"enemies":"Looter","floor":7,"turns":3},{"damage":16,"enemies":"Lots of Slimes","floor":8,"turns":3},{"damage":39,"floor":10,"turns":6},{"damage":0,"enemies":"Large Slime","floor":12,"turns":7},{"damage":6,"enemies":"2 Fungi Beasts","floor":14,"turns":3},{"damage":2,"enemies":"Slime Boss","floor":16,"turns":8}],"seed_played":"7307570401394281069","potions_obtained":[{"floor":4,"key":"LiquidBronze"},{"floor":7,"key":"SpeedPotion"},{"floor":10,"key":"FocusPotion"},{"floor":12,"key":"Strength Potion"},{"floor":16,"key":"SpeedPotion"}],"is_trial":false,"path_per_floor":["M","?","?","M","M","R","M","M","T","?","R","M","$","M","R","B"],"character_chosen":"DEFECT","items_purchased":[],"campfire_rested":3,"item_purchase_floors":[],"current_hp_per_floor":[74,56,56,52,50,72,68,59,59,27,49,56,56,57,75,75,75],"gold":333,"neow_bonus":"BOSS_RELIC","is_prod":false,"is_daily":false,"chose_seed":false,"campfire_upgraded":0,"win_rate":0,"timestamp":1531463769,"path_taken":["M","?","?","M","M","R","M","M","T","?","R","M","$","?","R","BOSS"],"build_version":"2018-07-12","purchased_purges":1,"victory":false,"max_hp_per_floor":[75,75,75,75,75,75,75,75,75,75,75,75,75,75,75,75,75],"card_choices":[{"not_picked":["Rebound","Steam"],"picked":"Go for the Eyes","floor":1},{"not_picked":["Stack","Conserve Battery"],"picked":"Beam Cell","floor":4},{"not_picked":["Rip and Tear","Steam"],"picked":"Beam Cell","floor":5},{"not_picked":["Redo","Blizzard"],"picked":"Self Repair","floor":7},{"not_picked":["Fusion","Redo"],"picked":"Coolheaded","floor":8},{"not_picked":["Cold Snap","Skim"],"picked":"Defragment","floor":10},{"not_picked":["Hologram","Compile Driver"],"picked":"Sweeping Beam","floor":12},{"not_picked":["Stack","Go for the Eyes"],"picked":"Darkness","floor":14},{"not_picked":["Electrodynamics","Thunder Strike"],"picked":"Core Surge","floor":16}],"player_experience":289439,"relics_obtained":[{"floor":9,"key":"Singing Bowl"},{"floor":10,"key":"Odd Mushroom"}],"event_choices":[{"event_name":"Golden Idol","player_choice":"Take Damage","floor":2,"damage_taken":0},{"event_name":"The Cleric","player_choice":"Card Removal","floor":3,"damage_taken":0},{"event_name":"Mushrooms","player_choice":"Fought Mushrooms","floor":10,"damage_taken":0}],"boss_relics":[{"not_picked":["Ectoplasm","Eternal Feather"],"picked":"Snecko Eye"}],"items_purged_floors":[13],"is_endless":false,"potions_floor_spawned":[4,7,10,12,16],"ascension_level":2}