{"gold_per_floor":[366,378,395,25,43,43,70,70,97,97,117,117,131,161,161,240,240,250,250,280,290,205,205,104,104,128,128,53,53,72,72,72,149,149,165,265,265,278,298,298,309,309,309,328,37,37,50,50,50,50],"floor_reached":51,"playtime":4311,"items_purged":["Strike_G"],"score":1079,"play_id":"c542f93f-0b9c-40d7-b739-ddb7a991521f","local_time":"20190216194825","is_ascension_mode":true,"campfire_choices":[{"floor":6,"key":"REST"},{"data":"Noxious Fumes","floor":8,"key":"SMITH"},{"data":"Footwork","floor":10,"key":"SMITH"},{"data":"Bane","floor":12,"key":"SMITH"},{"floor":15,"key":"REST"},{"floor":23,"key":"REST"},{"floor":27,"key":"REST"},{"floor":32,"key":"REST"},{"floor":40,"key":"REST"},{"floor":42,"key":"REST"},{"floor":49,"key":"REST"}],"neow_cost":"TEN_PERCENT_HP_LOSS","seed_source_timestamp":435084158958800,"circlet_count":0,"master_deck":["AscendersBane","Defend_G+1","Defend_G+1","Defend_G+1","Defend_G+1","Defend_G+1","Survivor","Neutralize","Bane+1","Dash","Footwork+1","Noxious Fumes+1","Sadistic Nature","Escape Plan","Bullet Time","Noxious Fumes","PiercingWail","Night Terror+1","PiercingWail","Deadly Poison+1","Dodge and Roll","Prepared+1","Adrenaline","Escape Plan","Catalyst+1","Calculated Gamble"],"relics":["Ring of the Serpent","PreservedInsect","Happy Flower","Odd Mushroom","Empty Cage","Red Mask","Snake Skull","Strawberry","Thread and Needle","Blood Vial","Bronze Scales"],"potions_floor_usage":[7,16,16,30,45,50,50],"damage_taken":[{"damage":18,"enemies":"Cultist","floor":1,"turns":6},{"damage":4,"enemies":"Jaw Worm","floor":2,"turns":7},{"damage":1,"enemies":"Small Slimes","floor":3,"turns":4},{"damage":3,"enemies":"2 Fungi Beasts","floor":5,"turns":5},{"damage":20,"enemies":"Gremlin Nob","floor":7,"turns":5},{"damage":3,"enemies":"Blue Slaver","floor":11,"turns":4},{"damage":4,"enemies":"Large Slime","floor":13,"turns":5},{"damage":12,"enemies":"The Mushroom Lair","floor":14,"turns":5},{"damage":7,"enemies":"Slime Boss","floor":16,"turns":10},{"damage":5,"enemies":"Shell Parasite","floor":18,"turns":6},{"damage":38,"enemies":"Masked Bandits","floor":20,"turns":5},{"damage":5,"enemies":"Chosen","floor":21,"turns":5},{"damage":6,"enemies":"Snake Plant","floor":30,"turns":5},{"damage":20,"enemies":"Champ","floor":33,"turns":11},{"damage":16,"enemies":"Orb Walker","floor":35,"turns":5},{"damage":0,"enemies":"Mind Bloom Boss Battle","floor":36,"turns":8},{"damage":10,"enemies":"3 Darklings","floor":38,"turns":6},{"damage":4,"enemies":"Sphere and 2 Shapes","floor":39,"turns":5},{"damage":9,"enemies":"Spire Growth","floor":41,"turns":6},{"damage":0,"enemies":"3 Darklings","floor":44,"turns":4},{"damage":16,"enemies":"Jaw Worm Horde","floor":47,"turns":5},{"damage":9,"enemies":"Time Eater","floor":50,"turns":10}],"seed_played":"7326035741937513288","potions_obtained":[{"floor":2,"key":"Dexterity Potion"},{"floor":5,"key":"Swift Potion"},{"floor":7,"key":"Dexterity Potion"},{"floor":14,"key":"Fire Potion"},{"floor":20,"key":"Block Potion"},{"floor":33,"key":"SpeedPotion"},{"floor":38,"key":"EssenceOfSteel"},{"floor":47,"key":"EssenceOfSteel"}],"is_trial":false,"path_per_floor":["M","M","M","$","M","R","E","R","T","R","M","R","M","?","R","B",null,"M","?","?","M","?","R","$","?","T","R","?","?","M","?","R","B",null,"M","?","$","M","M","R","M","R","T","M","$","?","M","?","R","B",null],"character_chosen":"THE_SILENT","items_purchased":["Noxious Fumes","Sadistic Nature","Escape Plan","Dodge and Roll","SpeedPotion","Fruit Juice","Bronze Scales","Calculated Gamble"],"campfire_rested":8,"item_purchase_floors":[4,4,4,24,24,45,45,45],"current_hp_per_floor":[41,37,36,36,33,51,31,31,31,31,28,28,24,12,30,23,51,46,46,8,3,3,21,21,21,28,48,48,48,42,36,56,36,59,43,43,43,33,29,49,40,60,60,62,67,72,56,56,72,63],"gold":50,"neow_bonus":"TWO_FIFTY_GOLD","is_prod":false,"is_daily":false,"chose_seed":false,"campfire_upgraded":3,"win_rate":0,"timestamp":1550371705,"path_taken":["M","M","M","$","M","R","E","R","T","R","M","R","?","?","R","BOSS","M","?","?","M","?","R","?","?","T","R","?","?","?","?","R","BOSS","M","?","$","M","M","R","M","R","T","M","?","?","?","?","R","BOSS"],"build_version":"2019-01-23","purchased_purges":1,"victory":true,"max_hp_per_floor":[60,60,60,60,60,60,60,60,60,60,60,60,60,60,60,60,60,60,60,60,60,60,60,60,60,67,67,67,67,67,67,67,67,67,67,67,67,67,67,67,67,67,67,67,72,72,72,72,72,72],"card_choices":[{"not_picked":["Acrobatics","Infinite Blades"],"picked":"Bane","floor":1},{"not_picked":["Accuracy","Underhanded Strike"],"picked":"Dash","floor":2},{"not_picked":["All Out Attack","Blade Dance"],"picked":"Footwork","floor":3},{"not_picked":["Slice","Deflect"],"picked":"Bullet Time","floor":5},{"not_picked":["Cloak And Dagger","Distraction","Predator"],"picked":"SKIP","floor":7},{"not_picked":["Acrobatics","Underhanded Strike"],"picked":"Noxious Fumes","floor":11},{"not_picked":["Finisher","Slice"],"picked":"PiercingWail","floor":13},{"not_picked":["A Thousand Cuts","Burst"],"picked":"Night Terror","floor":16},{"not_picked":["Riddle With Holes","Dagger Spray","PiercingWail"],"picked":"SKIP","floor":18},{"not_picked":["Masterful Stab","Cloak And Dagger"],"picked":"Deadly Poison+1","floor":20},{"not_picked":["Slice","Cloak And Dagger","Flechettes"],"picked":"SKIP","floor":21},{"not_picked":["Dagger Throw","Blade Dance"],"picked":"Prepared+1","floor":30},{"not_picked":["After Image","Die Die Die"],"picked":"Adrenaline","floor":33},{"not_picked":["Slice","Sucker Punch","Dagger Spray"],"picked":"SKIP","floor":35},{"not_picked":["Concentrate+1","Underhanded Strike+1"],"picked":"Escape Plan","floor":36},{"not_picked":["Dagger Throw","Prepared","Backstab"],"picked":"SKIP","floor":38},{"not_picked":["Deadly Poison","Accuracy","Dagger Throw"],"picked":"SKIP","floor":39},{"not_picked":["Outmaneuver","Storm of Steel","Acrobatics"],"picked":"SKIP","floor":41},{"not_picked":["Riddle With Holes","Dagger Throw"],"picked":"Catalyst+1","floor":44},{"not_picked":["Reflex","Dagger Throw","Heel Hook+1"],"picked":"SKIP","floor":47}],"player_experience":949422,"relics_obtained":[{"floor":7,"key":"PreservedInsect"},{"floor":9,"key":"Happy Flower"},{"floor":14,"key":"Odd Mushroom"},{"floor":20,"key":"Red Mask"},{"floor":26,"key":"Strawberry"},{"floor":36,"key":"Thread and Needle"},{"floor":43,"key":"Blood Vial"}],"event_choices":[{"damage_healed":0,"gold_gain":0,"player_choice":"Fought Mushrooms","damage_taken":0,"max_hp_gain":0,"max_hp_loss":0,"event_name":"Mushrooms","floor":14,"gold_loss":0},{"damage_healed":0,"gold_gain":0,"cards_transformed":["Strike_G","Strike_G"],"player_choice":"Became Test Subject","damage_taken":0,"max_hp_gain":0,"max_hp_loss":0,"event_name":"Drug Dealer","floor":19,"gold_loss":0,"cards_obtained":["PiercingWail","Quick Slash"]},{"damage_healed":0,"gold_gain":0,"player_choice":"Fought Bandits","damage_taken":0,"max_hp_gain":0,"max_hp_loss":0,"event_name":"Masked Bandits","floor":20,"gold_loss":0},{"damage_healed":0,"gold_gain":0,"player_choice":"Obtained Relic","damage_taken":0,"relics_obtained":["Snake Skull"],"max_hp_gain":0,"max_hp_loss":0,"event_name":"Addict","floor":22,"gold_loss":85},{"damage_healed":0,"gold_gain":0,"player_choice":"Simplicity","damage_taken":0,"max_hp_gain":0,"max_hp_loss":0,"event_name":"Back to Basics","floor":25,"gold_loss":0,"cards_upgraded":["Defend_G","Defend_G","Defend_G","Defend_G","Defend_G"]},{"cards_removed":["Quick Slash"],"damage_healed":0,"gold_gain":0,"player_choice":"Gave Gold","damage_taken":0,"max_hp_gain":0,"max_hp_loss":0,"event_name":"Beggar","floor":28,"gold_loss":75},{"damage_healed":0,"gold_gain":0,"player_choice":"Upgraded","damage_taken":0,"max_hp_gain":0,"max_hp_loss":0,"event_name":"Upgrade Shrine","floor":29,"gold_loss":0,"cards_upgraded":["Night Terror"]},{"damage_healed":0,"gold_gain":0,"player_choice":"Joined the Cult","damage_taken":6,"max_hp_gain":0,"max_hp_loss":0,"event_name":"Nest","floor":31,"gold_loss":0,"cards_obtained":["RitualDagger"]},{"damage_healed":0,"gold_gain":0,"player_choice":"Fight","damage_taken":0,"max_hp_gain":0,"max_hp_loss":0,"event_name":"MindBloom","floor":36,"gold_loss":0},{"cards_removed":["RitualDagger"],"damage_healed":5,"gold_gain":0,"player_choice":"Offered Special","damage_taken":0,"max_hp_gain":0,"max_hp_loss":0,"event_name":"Bonfire Elementals","floor":46,"gold_loss":0},{"damage_healed":0,"gold_gain":0,"player_choice":"Leave","damage_taken":0,"max_hp_gain":0,"max_hp_loss":0,"event_name":"FaceTrader","floor":48,"gold_loss":0}],"is_beta":false,"boss_relics":[{"not_picked":["Ectoplasm","Tiny House"],"picked":"Empty Cage"},{"not_picked":["Astrolabe","White Beast Statue"],"picked":"Ring of the Serpent"}],"items_purged_floors":[4],"is_endless":false,"potions_floor_spawned":[2,5,7,11,14,20,33,38,47],"ascension_level":14}