{"gold_per_floor":[366,291,304,317,337,365,384,404,482,96,96,96,46,46,46,142,142,160,176,51,51,68,100,111,111,192,203,219,219,238,251,251,251],"floor_reached":33,"playtime":1486,"items_purged":["Strike_R","Strike_R","Defend_R"],"score":273,"play_id":"1b004742-e7fd-49dc-9abc-8f1adeca8b81","local_time":"20190212104648","is_ascension_mode":false,"campfire_choices":[{"floor":11,"key":"REST"},{"floor":15,"key":"REST"},{"floor":25,"key":"REST"},{"floor":32,"key":"REST"}],"neow_cost":"TEN_PERCENT_HP_LOSS","seed_source_timestamp":47762084469908,"circlet_count":0,"master_deck":["Strike_R","Defend_R+1","Defend_R","Bash","Shrug It Off","Wild Strike","Perfected Strike","Twin Strike+1","Anger","Perfected Strike","Wild Strike+1"],"special_seed":0,"relics":["Burning Blood","Gremlin Horn","Toxic Egg 2","Champion Belt","Fusion Hammer","Frozen Egg 2","Molten Egg 2"],"potions_floor_usage":[5,23,31,31,33],"damage_taken":[{"damage":6.0,"enemies":"Cultist","floor":1.0,"turns":4.0},{"damage":5.0,"enemies":"Jaw Worm","floor":3.0,"turns":5.0},{"damage":5.0,"enemies":"Small Slimes","floor":4.0,"turns":4.0},{"damage":15,"enemies":"Gremlin Gang","floor":5,"turns":7},{"damage":30,"enemies":"3 Sentries","floor":6,"turns":12},{"damage":5,"enemies":"Large Slime","floor":7,"turns":7},{"damage":3,"enemies":"Red Slaver","floor":8,"turns":5},{"damage":61,"enemies":"Slime Boss","floor":16,"turns":11},{"damage":24,"enemies":"Spheric Guardian","floor":18,"turns":4},{"damage":13,"enemies":"3 Byrds","floor":19,"turns":6},{"damage":9,"enemies":"Cultist and Chosen","floor":22,"turns":4},{"damage":23,"enemies":"Slavers","floor":23,"turns":6},{"damage":31,"enemies":"Sentry and Sphere","floor":24,"turns":6},{"damage":10,"enemies":"Snake Plant","floor":27,"turns":4},{"damage":13,"enemies":"Snecko","floor":28,"turns":5},{"damage":9,"enemies":"Chosen and Byrds","floor":30,"turns":4},{"damage":7,"enemies":"Snake Plant","floor":31,"turns":3},{"damage":62,"enemies":"Champ","floor":33,"turns":7}],"seed_played":"-1832654512809082205","potions_obtained":[{"floor":1.0,"key":"AttackPotion"},{"floor":5,"key":"Strength Potion"},{"floor":8,"key":"Ancient Potion"},{"floor":16,"key":"BloodPotion"},{"floor":27,"key":"Fruit Juice"},{"floor":30,"key":"Regen Potion"}],"is_trial":false,"path_per_floor":["M","$","M","M","M","E","M","M","T","$","R","?","?","?","R","B",null,"M","M","$","?","M","E","M","R","T","M","M","?","M","M","R","B"],"character_chosen":"IRONCLAD","items_purchased":["Champion Belt"],"campfire_rested":4,"item_purchase_floors":[10],"current_hp_per_floor":[72,72,72,72,63,39,40,43,43,43,64,50,50,50,71,16,72,54,47,47,47,44,34,9,30,30,26,19,19,16,29,52,0],"gold":251,"neow_bonus":"TWO_FIFTY_GOLD","is_prod":false,"is_daily":false,"chose_seed":false,"campfire_upgraded":0,"win_rate":0,"timestamp":1549957608,"path_taken":["M","$","M","M","?","E","M","M","T","$","R","?","?","?","R","BOSS","M","?","$","?","?","E","M","R","T","M","M","?","M","M","R","BOSS"],"build_version":"2019-01-23","purchased_purges":3,"victory":false,"max_hp_per_floor":[72,72,72,72,72,72,72,72,72,72,72,72,72,72,72,72,72,72,72,72,72,72,72,72,72,72,72,72,72,72,77,77,77],"card_choices":[{"not_picked":["Metallicize","True Grit","Sword Boomerang"],"picked":"SKIP","floor":1.0},{"not_picked":["Twin Strike","Havoc"],"picked":"Shrug It Off","floor":3.0},{"not_picked":["Heavy Blade","Clash","Inflame"],"picked":"SKIP","floor":4.0},{"not_picked":["Sword Boomerang","Clothesline","Iron Wave"],"picked":"SKIP","floor":5},{"not_picked":["Flame Barrier","Heavy Blade"],"picked":"Wild Strike","floor":6},{"not_picked":["Anger","Body Slam"],"picked":"Perfected Strike","floor":7},{"not_picked":["Exhume","Metallicize"],"picked":"Twin Strike","floor":8},{"not_picked":["Power Through+1","Rupture","Seeing Red+1"],"picked":"SKIP","floor":18},{"not_picked":["Armaments+1","Metallicize"],"picked":"Anger","floor":19},{"not_picked":["Armaments+1","Whirlwind","Clothesline"],"picked":"SKIP","floor":22},{"not_picked":["Clothesline+1","Dual Wield+1","Reckless Charge+1"],"picked":"SKIP","floor":23},{"not_picked":["Clothesline+1","Dual Wield+1","Reckless Charge+1"],"picked":"SKIP","floor":23},{"not_picked":["Pommel Strike","Cleave"],"picked":"Perfected Strike","floor":24},{"not_picked":["Carnage+1","Rage+1","Body Slam+1"],"picked":"SKIP","floor":27},{"not_picked":["Clash+1","Metallicize+1","Entrench+1"],"picked":"SKIP","floor":28},{"not_picked":["Rampage+1","Intimidate+1"],"picked":"Wild Strike+1","floor":30},{"not_picked":["Dual Wield+1","Warcry+1","Demon Form+1"],"picked":"SKIP","floor":31}],"player_experience":337254,"relics_obtained":[{"floor":6,"key":"Gremlin Horn"},{"floor":9,"key":"Toxic Egg 2"},{"floor":23,"key":"Frozen Egg 2"},{"floor":26,"key":"Molten Egg 2"}],"event_choices":[{"damage_healed":0,"gold_gain":0,"player_choice":"Entered Light","damage_taken":14,"max_hp_gain":0,"max_hp_loss":0,"event_name":"Shining Light","floor":12,"gold_loss":0,"cards_upgraded":["Defend_R","Twin Strike"]},{"cards_removed":["Strike_R"],"damage_healed":0,"gold_gain":0,"player_choice":"Card Removal","damage_taken":0,"max_hp_gain":0,"max_hp_loss":0,"event_name":"The Cleric","floor":13,"gold_loss":50},{"cards_removed":["Strike_R"],"damage_healed":0,"gold_gain":0,"player_choice":"Purged","damage_taken":0,"max_hp_gain":0,"max_hp_loss":0,"event_name":"Purifier","floor":14,"gold_loss":0},{"damage_healed":0,"gold_gain":0,"player_choice":"Got Potions","damage_taken":0,"max_hp_gain":0,"max_hp_loss":0,"event_name":"Lab","floor":21,"gold_loss":0},{"cards_removed":["Defend_R"],"damage_healed":0,"gold_gain":0,"player_choice":"Elegance","damage_taken":0,"max_hp_gain":0,"max_hp_loss":0,"event_name":"Back to Basics","floor":29,"gold_loss":0}],"is_beta":false,"boss_relics":[{"not_picked":["Mark of Pain","Tiny House"],"picked":"Fusion Hammer"}],"items_purged_floors":[2,10,20],"is_endless":false,"potions_floor_spawned":[1,5,8,16,22,27,30],"killed_by":"Champ","ascension_level":0}