{"gold_per_floor":[110,182,357,375,390,390,418,435,435,451,161,89,89,103,103,198,198,218,218,236,236,250,270,280,280,280,314,339,75,75,95,95,200,200,220,142,159,159],"floor_reached":38,"playtime":3044,"items_purged":[],"score":448,"play_id":"15bd21da-08f1-4a6d-a5b3-798f9219f223","local_time":"20190212171950","is_ascension_mode":false,"campfire_choices":[{"floor":13.0,"key":"REST"},{"floor":15.0,"key":"REST"},{"data":"Storm","floor":25.0,"key":"SMITH"},{"floor":30,"key":"REST"},{"floor":32,"key":"REST"}],"neow_cost":"PERCENT_DAMAGE","seed_source_timestamp":69807298494612,"circlet_count":0,"master_deck":["Defend_B","Defend_B","Defend_B","Defend_B","Zap","Dualcast","Sunder+1","Doubt","Cold Snap","Cold Snap","Cold Snap","Self Repair","Storm+1","White Noise","Amplify","Cold Snap","Bite","Bite","Bite","Bite","Bite","Conserve Battery","Buffer","Conserve Battery","Heatsinks+1","Buffer","Static Discharge","Capacitor+1","Electrodynamics","Storm","Storm","Double Energy"],"special_seed":0,"relics":["Cracked Core","Du-Vu Doll","Ornamental Fan","Gremlin Horn","Kunai","Sozu","Pear","Question Card","Red Mask","Centennial Puzzle","ClockworkSouvenir","Inserter"],"potions_floor_usage":[28],"damage_taken":[{"damage":5.0,"enemies":"Small Slimes","floor":1.0,"turns":3.0},{"damage":0.0,"enemies":"2 Louse","floor":4.0,"turns":1.0},{"damage":0.0,"enemies":"Jaw Worm","floor":5.0,"turns":5.0},{"damage":34.0,"enemies":"Lagavulin","floor":7.0,"turns":6.0},{"damage":4.0,"enemies":"Lots of Slimes","floor":8.0,"turns":4.0},{"damage":4.0,"enemies":"Red Slaver","floor":10.0,"turns":5.0},{"damage":6.0,"enemies":"Exordium Thugs","floor":14.0,"turns":5.0},{"damage":36.0,"enemies":"Slime Boss","floor":16.0,"turns":8.0},{"damage":24.0,"enemies":"3 Byrds","floor":18.0,"turns":7.0},{"damage":8.0,"enemies":"Shell Parasite","floor":20.0,"turns":8.0},{"damage":20.0,"enemies":"Centurion and Healer","floor":22.0,"turns":6.0},{"damage":26.0,"enemies":"3 Cultists","floor":23.0,"turns":5.0},{"damage":5.0,"enemies":"Chosen and Byrds","floor":24.0,"turns":8.0},{"damage":56,"enemies":"Masked Bandits","floor":27,"turns":5},{"damage":15,"enemies":"Gremlin Leader","floor":28,"turns":5},{"damage":17,"enemies":"Cultist and Chosen","floor":31,"turns":6},{"damage":68,"enemies":"Champ","floor":33,"turns":16},{"damage":29,"enemies":"3 Darklings","floor":35,"turns":4},{"damage":12,"enemies":"3 Shapes","floor":37,"turns":3},{"damage":28,"enemies":"Maw","floor":38,"turns":3}],"seed_played":"2658336674516981365","potions_obtained":[{"floor":8.0,"key":"Weak Potion"},{"floor":14.0,"key":"SkillPotion"}],"is_trial":false,"path_per_floor":["M","?","?","M","M","?","E","M","T","M","$","$","R","M","R","B",null,"M","?","M","?","M","M","M","R","T","?","E","$","R","M","R","B",null,"M","$","M","M"],"character_chosen":"DEFECT","items_purchased":["Kunai","Self Repair","Storm","Static Discharge","ClockworkSouvenir","Storm"],"campfire_rested":4,"item_purchase_floors":[11,11,12,29,29,36],"current_hp_per_floor":[49,49,49,49,49,49,15,11,11,7,7,7,29,23,45,16,75,58,52,52,62,51,44,62,62,62,19,17,17,35,33,51,23,62,35,35,25,0],"gold":159,"neow_bonus":"ONE_RARE_RELIC","is_prod":false,"is_daily":false,"chose_seed":false,"campfire_upgraded":1,"win_rate":0.0,"timestamp":1549981190,"path_taken":["M","?","?","M","M","?","E","?","T","?","?","$","R","M","R","BOSS","M","?","M","?","M","M","M","R","T","?","E","?","R","M","R","BOSS","M","$","M","?"],"build_version":"2019-01-23","purchased_purges":0,"victory":false,"max_hp_per_floor":[75,75,75,75,75,75,75,75,75,75,75,75,75,75,75,75,75,75,52,52,62,62,62,62,62,62,62,62,62,62,62,62,62,62,62,62,62,62],"card_choices":[{"not_picked":["Beam Cell","BootSequence"],"picked":"Sunder","floor":1.0},{"not_picked":["Steam","Go for the Eyes","Stack"],"picked":"SKIP","floor":4.0},{"not_picked":["Turbo","Barrage","Steam"],"picked":"SKIP","floor":5.0},{"not_picked":["Machine Learning","Steam"],"picked":"Cold Snap","floor":7.0},{"not_picked":["Conserve Battery","Blizzard"],"picked":"Cold Snap","floor":8.0},{"not_picked":["Turbo","Storm"],"picked":"Cold Snap","floor":10.0},{"not_picked":["Beam Cell","Hologram"],"picked":"White Noise","floor":14.0},{"not_picked":["Meteor Strike","Hyperbeam"],"picked":"Amplify","floor":16.0},{"not_picked":["Stack","Undo+1"],"picked":"Cold Snap","floor":18.0},{"not_picked":["Hologram","Gash","Tempest+1"],"picked":"SKIP","floor":20.0},{"not_picked":["Streamline","Skim"],"picked":"Conserve Battery","floor":22.0},{"not_picked":["Sunder","Streamline"],"picked":"Buffer","floor":23.0},{"not_picked":["Streamline","Go for the Eyes+1"],"picked":"Conserve Battery","floor":24.0},{"not_picked":["Gash","Lockon","Conserve Battery"],"picked":"Heatsinks+1","floor":27},{"not_picked":["Rebound+1","Ball Lightning","Hologram"],"picked":"Buffer","floor":28},{"not_picked":["Rebound+1","Go for the Eyes","Static Discharge"],"picked":"Capacitor+1","floor":31},{"not_picked":["Reboot","Thunder Strike","Core Surge"],"picked":"Electrodynamics","floor":33},{"not_picked":["Rebound","Go for the Eyes+1","Streamline"],"picked":"Storm","floor":35},{"not_picked":["Reprogram","Cold Snap+1","Leap"],"picked":"Double Energy","floor":37}],"player_experience":351750,"relics_obtained":[{"floor":7.0,"key":"Ornamental Fan"},{"floor":9.0,"key":"Gremlin Horn"},{"floor":26.0,"key":"Question Card"},{"floor":27,"key":"Red Mask"},{"floor":28,"key":"Centennial Puzzle"}],"event_choices":[{"damage_healed":0.0,"max_hp_gain":0.0,"max_hp_loss":0.0,"gold_gain":72.0,"event_name":"Golden Wing","player_choice":"Gained Gold","floor":2.0,"gold_loss":0.0,"damage_taken":0.0},{"damage_healed":0.0,"max_hp_gain":0.0,"max_hp_loss":0.0,"gold_gain":175.0,"event_name":"Liars Game","player_choice":"AGREE","floor":3.0,"gold_loss":0.0,"damage_taken":0.0,"cards_obtained":["Doubt"]},{"damage_healed":0.0,"max_hp_gain":0.0,"max_hp_loss":0.0,"gold_gain":0.0,"event_name":"Living Wall","player_choice":"Grow","floor":6.0,"gold_loss":0.0,"damage_taken":0.0,"cards_upgraded":["Sunder"]},{"damage_healed":0.0,"max_hp_gain":0.0,"max_hp_loss":23.0,"gold_gain":0.0,"event_name":"Vampires","player_choice":"Became a vampire","floor":19.0,"gold_loss":0.0,"damage_taken":0.0,"cards_obtained":["Bite","Bite","Bite","Bite","Bite"]},{"damage_healed":0.0,"max_hp_gain":0.0,"max_hp_loss":0.0,"gold_gain":0.0,"event_name":"The Mausoleum","player_choice":"Opened","floor":21.0,"gold_loss":0.0,"damage_taken":0.0,"relics_obtained":["Pear"]},{"damage_healed":0,"gold_gain":0,"player_choice":"Fought Bandits","damage_taken":0,"max_hp_gain":0,"max_hp_loss":0,"event_name":"Masked Bandits","floor":27,"gold_loss":0}],"is_beta":false,"boss_relics":[{"not_picked":["Runic Pyramid","Fusion Hammer"],"picked":"Sozu"},{"not_picked":["Coffee Dripper","Empty Cage"],"picked":"Inserter"}],"items_purged_floors":[],"is_endless":false,"potions_floor_spawned":[5,8,14,20,22,23,27,31,37],"killed_by":"Maw","ascension_level":0}