{"gold_per_floor":[111,111,186,186,29,29,64,64,149,149,183,207,241,259,259,355,355,375,474,138,138,158,158,187,202,256,291,291,167,167,180,180,282,282,300,352,397,100,100,128,128,139,162,27,0,30,30,48,48,48,48,48,48,78,78],"floor_reached":56,"playtime":2251,"items_purged":["Strike_B","Strike_B","Strike_B","Defend_B+1","Scrape+1"],"score":1657,"play_id":"30b1473d-7ddf-4a39-9b0e-7801bc7b6ca2","local_time":"20190117123223","is_ascension_mode":true,"campfire_choices":[{"data":"Defragment","floor":6.0,"key":"SMITH"},{"data":"Zap","floor":8.0,"key":"SMITH"},{"data":"Defend_B","floor":10.0,"key":"SMITH"},{"data":"Hologram","floor":15.0,"key":"SMITH"},{"data":"Fission","floor":23.0,"key":"SMITH"},{"data":"Impatience","floor":28.0,"key":"SMITH"},{"data":"Capacitor","floor":30.0,"key":"SMITH"},{"data":"Chill","floor":32.0,"key":"SMITH"},{"data":"Impatience","floor":41.0,"key":"SMITH"},{"floor":49.0,"key":"RECALL"},{"data":"Panache","floor":52.0,"key":"SMITH"}],"neow_cost":"NONE","seed_source_timestamp":150427237623908,"circlet_count":0,"master_deck":["Defend_B+1","Defend_B+1","Zap+1","Gash+1","Defragment+1","Chill+1","Hologram+1","Fission+1","Glacier","Impatience+1","Self Repair","Coolheaded+1","Capacitor+1","Electrodynamics","BootSequence+1","Impatience+1","Panache+1","Defragment","Impatience+1","Discovery+1","Discovery+1","Echo Form"],"special_seed":0,"relics":["FrozenCore","NeowsBlessing","Smiling Mask","Tiny Chest","Bronze Scales","Potion Belt","Boot","Whetstone","PreservedInsect","Mercury Hourglass","Empty Cage","Calipers","Happy Flower","Vajra","Red Mask","Toxic Egg 2","Omamori"],"potions_floor_usage":[54,55,55],"damage_taken":[{"damage":0.0,"enemies":"2 Louse","floor":1.0,"turns":1.0},{"damage":0.0,"enemies":"3 Sentries","floor":7.0,"turns":1.0},{"damage":0.0,"enemies":"Gremlin Nob","floor":11.0,"turns":1.0},{"damage":8.0,"enemies":"Lagavulin","floor":13.0,"turns":6.0},{"damage":2.0,"enemies":"Small Slimes","floor":14.0,"turns":2.0},{"damage":29.0,"enemies":"The Guardian","floor":16.0,"turns":10.0},{"damage":2.0,"enemies":"Chosen","floor":18.0,"turns":6.0},{"damage":9.0,"enemies":"Shell Parasite","floor":22.0,"turns":6.0},{"damage":12.0,"enemies":"Book of Stabbing","floor":24.0,"turns":5.0},{"damage":0.0,"enemies":"Snecko","floor":25.0,"turns":7.0},{"damage":19.0,"enemies":"Slavers","floor":27.0,"turns":8.0},{"damage":5.0,"enemies":"Centurion and Healer","floor":31.0,"turns":7.0},{"damage":13.0,"enemies":"Automaton","floor":33.0,"turns":7.0},{"damage":0.0,"enemies":"Orb Walker","floor":35.0,"turns":3.0},{"damage":0.0,"enemies":"2 Orb Walkers","floor":36.0,"turns":3.0},{"damage":0.0,"enemies":"Reptomancer","floor":40.0,"turns":2.0},{"damage":0.0,"enemies":"3 Darklings","floor":42.0,"turns":2.0},{"damage":0.0,"enemies":"Nemesis","floor":46.0,"turns":4.0},{"damage":0.0,"enemies":"Sphere and 2 Shapes","floor":48.0,"turns":2.0},{"damage":0.0,"enemies":"Awakened One","floor":50.0,"turns":4.0},{"damage":0,"enemies":"Shield and Spear","floor":54,"turns":2},{"damage":32,"enemies":"The Heart","floor":55,"turns":10}],"seed_played":"5630119404079135621","potions_obtained":[{"floor":7.0,"key":"LiquidBronze"},{"floor":11.0,"key":"FocusPotion"},{"floor":13.0,"key":"EssenceOfSteel"},{"floor":14.0,"key":"Energy Potion"},{"floor":18.0,"key":"Fire Potion"},{"floor":21.0,"key":"FairyPotion"},{"floor":21.0,"key":"FocusPotion"},{"floor":25.0,"key":"Block Potion"},{"floor":33.0,"key":"SkillPotion"},{"floor":48.0,"key":"AttackPotion"}],"is_trial":false,"path_per_floor":["M","?","?","?","$","R","E","R","T","R","E","T","E","M","R","B",null,"M","?","$","?","M","R","E","M","T","E","R","$","R","M","R","B",null,"M","?","T","$","?","E","R","M","T","$","?","E","?","M","R","B",null,"R","$","E","B",null],"character_chosen":"DEFECT","items_purchased":["Defragment","Glacier","Impatience","Scrape","Self Repair","Capacitor","Impatience","Panache","Defragment","Strength Potion"],"campfire_rested":0,"item_purchase_floors":[5,20,20,20,20,29,38,38,44,44],"current_hp_per_floor":[75,75,64,49,49,49,49,49,49,49,49,49,41,39,39,10,75,73,73,73,73,71,71,66,73,73,61,61,61,61,63,63,57,75,75,75,75,75,71,71,71,71,71,71,71,71,61,68,68,71,71,71,71,71,39],"gold":78,"neow_bonus":"THREE_ENEMY_KILL","is_prod":false,"is_daily":false,"chose_seed":false,"campfire_upgraded":10,"win_rate":0,"timestamp":1547739143,"path_taken":["M","?","?","?","$","R","E","R","T","R","E","?","E","M","R","BOSS","M","?","$","?","?","R","E","M","T","E","R","$","R","M","R","BOSS","M","?","?","$","?","E","R","M","T","?","?","E","?","M","R","BOSS","R","$","E","BOSS"],"build_version":"2018-11-15","purchased_purges":5,"victory":true,"max_hp_per_floor":[75,75,75,75,75,75,75,75,75,75,75,75,75,75,75,75,75,75,75,75,75,75,75,75,75,75,75,75,75,75,75,75,75,75,75,75,75,75,71,71,71,71,71,71,71,71,71,71,71,71,71,71,71,71,71],"card_choices":[{"not_picked":["Compile Driver","Redo"],"picked":"Gash","floor":1.0},{"not_picked":["Compile Driver","Heatsinks","Steam"],"picked":"SKIP","floor":7.0},{"not_picked":["Hello World","Scrape"],"picked":"Chill","floor":11.0},{"not_picked":["Redo","Rebound","Recycle"],"picked":"SKIP","floor":13.0},{"not_picked":["Recycle","Streamline"],"picked":"Hologram","floor":14.0},{"not_picked":["Rainbow","Multi-Cast"],"picked":"Fission","floor":16.0},{"not_picked":["Redo","Melter","Sweeping Beam"],"picked":"SKIP","floor":18.0},{"not_picked":["Turbo","Beam Cell","Leap"],"picked":"SKIP","floor":22.0},{"not_picked":["Lockon","Conserve Battery","Hologram"],"picked":"SKIP","floor":24.0},{"not_picked":["Stack","All For One"],"picked":"Coolheaded+1","floor":25.0},{"not_picked":["Conserve Battery","Chaos","Streamline"],"picked":"SKIP","floor":27.0},{"not_picked":["Compile Driver+1","Melter","Redo+1"],"picked":"SKIP","floor":31.0},{"not_picked":["Hyperbeam","All For One"],"picked":"Electrodynamics","floor":33.0},{"not_picked":["Doom and Gloom+1","Redo+1","Barrage"],"picked":"SKIP","floor":35.0},{"not_picked":["Consume+1","Redo+1"],"picked":"BootSequence+1","floor":36.0},{"not_picked":["Blizzard+1","Turbo","Leap"],"picked":"SKIP","floor":40.0},{"not_picked":["Stack+1","Steam","Leap+1"],"picked":"SKIP","floor":42.0},{"not_picked":["Stack+1","Compile Driver","Coolheaded+1"],"picked":"SKIP","floor":46.0},{"not_picked":["Mind Blast","Master of Strategy+1"],"picked":"Impatience+1","floor":47.0},{"not_picked":["Flash of Steel","Apotheosis+1"],"picked":"Discovery+1","floor":47.0},{"not_picked":["Madness+1","Apotheosis+1"],"picked":"Discovery+1","floor":47.0},{"not_picked":["Beam Cell+1","Rebound","Blizzard"],"picked":"SKIP","floor":48.0},{"not_picked":["Hologram+1","Conserve Battery+1"],"picked":"Echo Form","floor":54}],"player_experience":26288,"relics_obtained":[{"floor":7.0,"key":"Smiling Mask"},{"floor":9.0,"key":"Tiny Chest"},{"floor":11.0,"key":"Bronze Scales"},{"floor":12.0,"key":"Potion Belt"},{"floor":13.0,"key":"Boot"},{"floor":24.0,"key":"Whetstone"},{"floor":26.0,"key":"PreservedInsect"},{"floor":27.0,"key":"Mercury Hourglass"},{"floor":36.0,"key":"Calipers"},{"floor":40.0,"key":"Happy Flower"},{"floor":43.0,"key":"Vajra"},{"floor":46.0,"key":"Toxic Egg 2"},{"floor":54,"key":"Omamori"}],"event_choices":[{"cards_removed":["Dualcast"],"damage_healed":0.0,"max_hp_gain":0.0,"max_hp_loss":0.0,"gold_gain":0.0,"event_name":"Living Wall","player_choice":"Forget","floor":2.0,"gold_loss":0.0,"damage_taken":0.0},{"damage_healed":0.0,"max_hp_gain":0.0,"max_hp_loss":0.0,"gold_gain":75.0,"event_name":"World of Goop","player_choice":"Gather Gold","floor":3.0,"gold_loss":0.0,"damage_taken":11.0},{"damage_healed":0.0,"max_hp_gain":0.0,"max_hp_loss":0.0,"gold_gain":0.0,"event_name":"Shining Light","player_choice":"Entered Light","floor":4.0,"gold_loss":0.0,"damage_taken":15.0,"cards_upgraded":["Defend_B","Defend_B"]},{"damage_healed":0.0,"max_hp_gain":0.0,"max_hp_loss":0.0,"gold_gain":99.0,"event_name":"Nest","player_choice":"Stole From Cult","floor":19.0,"gold_loss":0.0,"damage_taken":0.0},{"damage_healed":0.0,"max_hp_gain":0.0,"max_hp_loss":0.0,"gold_gain":0.0,"event_name":"Lab","player_choice":"Got Potions","floor":21.0,"gold_loss":0.0,"damage_taken":0.0},{"damage_healed":0.0,"max_hp_gain":0.0,"max_hp_loss":0.0,"gold_gain":0.0,"event_name":"Mysterious Sphere","player_choice":"Fight","floor":36.0,"gold_loss":0.0,"damage_taken":0.0},{"damage_healed":0.0,"max_hp_gain":0.0,"max_hp_loss":4.0,"gold_gain":0.0,"event_name":"Winding Halls","player_choice":"Max HP","floor":39.0,"gold_loss":0.0,"damage_taken":0.0},{"damage_healed":0.0,"max_hp_gain":0.0,"max_hp_loss":0.0,"gold_gain":0.0,"event_name":"Tomb of Lord Red Mask","player_choice":"Paid","floor":45.0,"gold_loss":27.0,"damage_taken":0.0,"relics_obtained":["Red Mask"]},{"damage_healed":0.0,"max_hp_gain":0.0,"max_hp_loss":0.0,"gold_gain":0.0,"event_name":"SensoryStone","player_choice":"Memory 3","floor":47.0,"gold_loss":0.0,"damage_taken":10.0}],"is_beta":false,"boss_relics":[{"not_picked":["Ectoplasm","Inserter"],"picked":"FrozenCore"},{"not_picked":["Fusion Hammer","Velvet Choker"],"picked":"Empty Cage"}],"items_purged_floors":[5,20,29,38,44],"is_endless":false,"potions_floor_spawned":[7,11,13,14,18,25,27,33,35,40,48],"ascension_level":3}