{"gold_per_floor":[110,110,110,121,131,131,165,178,178,178,197,214,214,228,228,303,303,316,332,1,1,19,50,67,67,92,92,104,124,24,24,24,103,103,116,128,128,148,148,174,174,174,174,174,174],"floor_reached":45,"playtime":4593,"items_purged":["Strike_G","Shame"],"score":841,"play_id":"3c57448b-7dfb-42ff-95ce-13e4e1de0889","local_time":"20190217111143","is_ascension_mode":true,"campfire_choices":[{"data":"Noxious Fumes","floor":6,"key":"SMITH"},{"floor":10,"key":"REST"},{"data":"Neutralize","floor":13,"key":"SMITH"},{"data":"Dodge and Roll","floor":15,"key":"SMITH"},{"floor":25,"key":"REST"},{"floor":27,"key":"REST"},{"floor":32,"key":"REST"},{"data":"Infinite Blades","floor":42,"key":"SMITH"}],"neow_cost":"NONE","seed_source_timestamp":490212043272100,"circlet_count":0,"master_deck":["AscendersBane","Defend_G","Defend_G","Defend_G","Defend_G","Defend_G","Strike_G","Strike_G","Strike_G","Survivor","Neutralize+1","Deadly Poison","Noxious Fumes+1","Dagger Spray","PiercingWail","Dagger Throw","Dodge and Roll+1","Glass Knife","Well Laid Plans","Blur","Apotheosis","Infinite Blades+1","Outmaneuver+1","Burst","Flying Knee","Cloak And Dagger","Quick Slash+1","Malaise","Blur","Infinite Blades","Endless Agony+1","Finesse","Cloak And Dagger","Doubt","Doubt","Infinite Blades+1"],"relics":["Ring of the Serpent","Potion Belt","Anchor","Letter Opener","Kunai","Cursed Key","Spirit Poop","Strawberry","Dream Catcher","MutagenicStrength","Prayer Wheel","Bag of Marbles"],"potions_floor_usage":[8,16,16,16,23,28,38,45,45],"damage_taken":[{"damage":1,"enemies":"Small Slimes","floor":1,"turns":4},{"damage":1,"enemies":"Jaw Worm","floor":4,"turns":4},{"damage":4,"enemies":"Cultist","floor":5,"turns":4},{"damage":17,"enemies":"Lagavulin","floor":7,"turns":6},{"damage":2,"enemies":"Exordium Thugs","floor":8,"turns":5},{"damage":0,"enemies":"Lots of Slimes","floor":11,"turns":2},{"damage":0,"enemies":"Red Slaver","floor":12,"turns":4},{"damage":0,"enemies":"Large Slime","floor":14,"turns":7},{"damage":17,"enemies":"The Guardian","floor":16,"turns":12},{"damage":12,"enemies":"Shell Parasite","floor":18,"turns":7},{"damage":4,"enemies":"2 Thieves","floor":19,"turns":4},{"damage":4,"enemies":"3 Cultists","floor":22,"turns":5},{"damage":18,"enemies":"Book of Stabbing","floor":23,"turns":7},{"damage":10,"enemies":"Centurion and Healer","floor":24,"turns":6},{"damage":4,"enemies":"Shelled Parasite and Fungi","floor":28,"turns":6},{"damage":24,"enemies":"Snecko","floor":29,"turns":6},{"damage":8,"enemies":"Champ","floor":33,"turns":14},{"damage":32,"enemies":"3 Darklings","floor":35,"turns":7},{"damage":0,"enemies":"3 Shapes","floor":36,"turns":6},{"damage":29,"enemies":"Jaw Worm Horde","floor":38,"turns":6},{"damage":3,"enemies":"Nemesis","floor":40,"turns":11},{"damage":87,"enemies":"Reptomancer","floor":45,"turns":3}],"seed_played":"395620765234041042","potions_obtained":[{"floor":4,"key":"GhostInAJar"},{"floor":5,"key":"GhostInAJar"},{"floor":8,"key":"Dexterity Potion"},{"floor":12,"key":"SkillPotion"},{"floor":14,"key":"SkillPotion"},{"floor":22,"key":"GamblersBrew"},{"floor":23,"key":"Fire Potion"},{"floor":33,"key":"Strength Potion"},{"floor":35,"key":"SteroidPotion"}],"is_trial":false,"path_per_floor":["M","?","?","M","M","R","E","M","T","R","M","M","R","M","R","B",null,"M","M","$","?","M","E","M","R","T","R","M","M","$","?","R","B",null,"M","M","?","M","?","E","?","R","T","?","E"],"character_chosen":"THE_SILENT","items_purchased":["Apotheosis","Infinite Blades"],"campfire_rested":4,"item_purchase_floors":[20,20],"current_hp_per_floor":[58,40,40,39,35,35,18,16,16,35,35,35,35,35,35,18,54,42,38,38,38,34,23,13,34,34,55,51,27,27,27,48,40,65,33,33,33,4,4,1,73,73,73,73,0],"gold":174,"neow_bonus":"RANDOM_COMMON_RELIC","is_prod":false,"is_daily":false,"chose_seed":false,"campfire_upgraded":4,"win_rate":0,"timestamp":1550427103,"path_taken":["M","?","?","M","?","R","E","M","T","R","M","M","R","M","R","BOSS","M","M","$","?","?","E","M","R","T","R","M","M","?","?","R","BOSS","M","M","?","M","?","E","?","R","T","?","E"],"build_version":"2019-01-23","purchased_purges":2,"victory":false,"max_hp_per_floor":[66,66,66,66,66,66,66,66,66,66,66,66,66,66,66,66,66,66,66,66,66,66,73,73,73,73,73,73,73,73,73,73,73,73,73,73,73,73,73,73,73,73,73,73,73],"card_choices":[{"not_picked":["Dagger Spray","Escape Plan"],"picked":"Deadly Poison","floor":1},{"not_picked":["Bane","Slice"],"picked":"Noxious Fumes","floor":4},{"not_picked":["Eviscerate","Escape Plan"],"picked":"Dagger Spray","floor":5},{"not_picked":["Quick Slash","Bouncing Flask"],"picked":"PiercingWail","floor":7},{"not_picked":["Poisoned Stab","Dagger Spray"],"picked":"Dagger Throw","floor":8},{"not_picked":["Tactician","Underhanded Strike"],"picked":"Dodge and Roll","floor":11},{"not_picked":["Quick Slash","Slice","Dagger Spray"],"picked":"SKIP","floor":12},{"not_picked":["Quick Slash","Poisoned Stab","Tactician"],"picked":"SKIP","floor":14},{"not_picked":["After Image","Grand Finale"],"picked":"Glass Knife","floor":16},{"not_picked":["Skewer","Prepared"],"picked":"Well Laid Plans","floor":18},{"not_picked":["Deflect","Tactician"],"picked":"Blur","floor":19},{"not_picked":["Cloak And Dagger","Flying Knee"],"picked":"Outmaneuver+1","floor":22},{"not_picked":["Bouncing Flask","Dagger Throw"],"picked":"Burst","floor":23},{"not_picked":["Poisoned Stab","Crippling Poison","Deflect"],"picked":"SKIP","floor":24},{"not_picked":["Deadly Poison","Accuracy"],"picked":"Flying Knee","floor":27},{"not_picked":["Poisoned Stab","PiercingWail"],"picked":"Cloak And Dagger","floor":28},{"not_picked":["Riddle With Holes","PiercingWail+1","Quick Slash+1"],"picked":"SKIP","floor":29},{"not_picked":["Flying Knee","All Out Attack"],"picked":"Quick Slash+1","floor":32},{"not_picked":["Die Die Die","Night Terror"],"picked":"Malaise","floor":33},{"not_picked":["Slice","Setup+1"],"picked":"Blur","floor":35},{"not_picked":["Bane+1","Underhanded Strike+1"],"picked":"Infinite Blades","floor":36},{"not_picked":["Dagger Throw","Choke"],"picked":"Endless Agony+1","floor":38},{"not_picked":["Madness","Mind Blast"],"picked":"Finesse","floor":39},{"not_picked":["Setup","Burst"],"picked":"Cloak And Dagger","floor":40}],"player_experience":957487,"relics_obtained":[{"floor":7,"key":"Letter Opener"},{"floor":9,"key":"Kunai"},{"floor":23,"key":"Strawberry"},{"floor":26,"key":"Dream Catcher"},{"floor":40,"key":"Prayer Wheel"},{"floor":43,"key":"Bag of Marbles"}],"event_choices":[{"damage_healed":0,"gold_gain":0,"player_choice":"Success","damage_taken":18,"relics_obtained":["Anchor"],"max_hp_gain":0,"max_hp_loss":0,"event_name":"Scrap Ooze","floor":2,"gold_loss":0},{"damage_healed":0,"gold_gain":0,"player_choice":"Cursed","damage_taken":0,"max_hp_gain":0,"max_hp_loss":0,"event_name":"Wheel of Change","floor":3,"gold_loss":0,"cards_obtained":["Decay"]},{"cards_removed":["Decay"],"damage_healed":0,"gold_gain":0,"player_choice":"Offered Curse","damage_taken":0,"relics_obtained":["Spirit Poop"],"max_hp_gain":0,"max_hp_loss":0,"event_name":"Bonfire Elementals","floor":21,"gold_loss":0},{"damage_healed":0,"gold_gain":0,"player_choice":"Inject Mutagens","damage_taken":0,"relics_obtained":["MutagenicStrength"],"max_hp_gain":0,"max_hp_loss":0,"event_name":"Drug Dealer","floor":31,"gold_loss":0},{"cards_removed":["Strike_G"],"damage_healed":0,"gold_gain":0,"player_choice":"Removed Attack","damage_taken":0,"max_hp_gain":0,"max_hp_loss":0,"event_name":"Falling","floor":37,"gold_loss":0},{"damage_healed":0,"gold_gain":0,"player_choice":"Memory 1","damage_taken":0,"max_hp_gain":0,"max_hp_loss":0,"event_name":"SensoryStone","floor":39,"gold_loss":0},{"damage_healed":72,"gold_gain":0,"player_choice":"Heal","damage_taken":0,"max_hp_gain":0,"max_hp_loss":0,"event_name":"MindBloom","floor":41,"gold_loss":0,"cards_obtained":["Doubt"]},{"damage_healed":0,"gold_gain":0,"player_choice":"Copied","damage_taken":0,"max_hp_gain":0,"max_hp_loss":0,"event_name":"Duplicator","floor":44,"gold_loss":0,"cards_obtained":["Infinite Blades"]}],"is_beta":false,"boss_relics":[{"not_picked":["White Beast Statue","Black Star"],"picked":"Cursed Key"},{"not_picked":["Tiny House","Velvet Choker"],"picked":"Ring of the Serpent"}],"items_purged_floors":[20,30],"is_endless":false,"potions_floor_spawned":[4,5,8,12,14,22,23,33,35],"killed_by":"Reptomancer","ascension_level":15}