{"gold_per_floor":[119,138,313,17,29,29,56,76,149,163,163,197,197,212,212,308,308,321,339,339,355,56,56,56,56,56,88,100,143,170,213,225,341,353,381,407,207,207,223,223,256,256,256,273,286,286,286,297,297,297],"floor_reached":51,"playtime":6471,"items_purged":["Doubt","Strike_G","Doubt"],"score":1144,"play_id":"1d3e16a6-2185-454e-92b9-03ca7e691235","local_time":"20190216161629","is_ascension_mode":true,"campfire_choices":[{"floor":6.0,"key":"REST"},{"data":"Strike_G","floor":13,"key":"PURGE"},{"floor":15,"key":"REST"},{"data":"Strike_G","floor":23,"key":"PURGE"},{"floor":25,"key":"REST"},{"floor":28,"key":"REST"},{"floor":32,"key":"REST"},{"floor":40,"key":"REST"},{"data":"Flechettes+1","floor":49,"key":"PURGE"}],"neow_cost":"NONE","seed_source_timestamp":95426055536346,"circlet_count":0,"master_deck":["AscendersBane","Defend_G+1","Defend_G+1","Defend_G+1","Defend_G+1","Survivor+1","Neutralize+1","Bouncing Flask+1","Noxious Fumes+1","Die Die Die+1","Crippling Poison+1","Escape Plan+1","Expertise+1","After Image+1","Calculated Gamble+1","Well Laid Plans+1","After Image+1","Blur+1","Distraction+1","Corpse Explosion+1","Backflip+1","Deadly Poison+1","Footwork+1","Bane+1"],"special_seed":0,"relics":["Ring of the Snake","Ancient Tea Set","Peace Pipe","Meat on the Bone","Art of War","Snecko Eye","Membership Card","Snake Skull","War Paint","MawBank","Strawberry","Happy Flower","Astrolabe","Bottled Tornado","Blood Vial","Darkstone Periapt","Mark of the Bloom"],"potions_floor_usage":[16,16,19,21,31,50],"damage_taken":[{"damage":3.0,"enemies":"Jaw Worm","floor":1.0,"turns":5.0},{"damage":7.0,"enemies":"Small Slimes","floor":2.0,"turns":3.0},{"damage":0.0,"enemies":"2 Louse","floor":5.0,"turns":1.0},{"damage":16.0,"enemies":"3 Sentries","floor":7.0,"turns":6.0},{"damage":5.0,"enemies":"Blue Slaver","floor":8.0,"turns":4.0},{"damage":16.0,"enemies":"Gremlin Gang","floor":10.0,"turns":4.0},{"damage":23,"enemies":"Lagavulin","floor":12,"turns":7},{"damage":8,"enemies":"Exordium Wildlife","floor":14,"turns":4},{"damage":2,"enemies":"The Guardian","floor":16,"turns":9},{"damage":11,"enemies":"Spheric Guardian","floor":18,"turns":3},{"damage":4,"enemies":"Shell Parasite","floor":19,"turns":5},{"damage":33,"enemies":"Shelled Parasite and Fungi","floor":21,"turns":7},{"damage":43,"enemies":"Gremlin Leader","floor":27,"turns":6},{"damage":2,"enemies":"Book of Stabbing","floor":29,"turns":5},{"damage":2,"enemies":"Centurion and Healer","floor":30,"turns":6},{"damage":21,"enemies":"Gremlin Leader","floor":31,"turns":8},{"damage":44,"enemies":"Champ","floor":33,"turns":13},{"damage":17,"enemies":"3 Darklings","floor":35,"turns":3},{"damage":16,"enemies":"3 Shapes","floor":36,"turns":6},{"damage":27,"enemies":"Writhing Mass","floor":39,"turns":5},{"damage":31,"enemies":"Nemesis","floor":41,"turns":9},{"damage":17,"enemies":"Spire Growth","floor":44,"turns":5},{"damage":17,"enemies":"Jaw Worm Horde","floor":45,"turns":4},{"damage":21,"enemies":"4 Shapes","floor":48,"turns":3},{"damage":21,"enemies":"Time Eater","floor":50,"turns":11}],"seed_played":"-4555779155590958691","potions_obtained":[{"floor":5.0,"key":"SpeedPotion"},{"floor":8.0,"key":"Weak Potion"},{"floor":12,"key":"PowerPotion"},{"floor":16,"key":"FairyPotion"},{"floor":18,"key":"Poison Potion"},{"floor":19,"key":"Regen Potion"},{"floor":30,"key":"Energy Potion"},{"floor":36,"key":"SpeedPotion"},{"floor":44,"key":"Ancient Potion"}],"is_trial":false,"path_per_floor":["M","M","?","$","M","R","E","M","T","M","?","E","R","M","R","B",null,"M","M","?","M","$","R","?","R","T","E","R","E","M","E","R","B",null,"M","M","$","?","M","R","E","?","T","M","M","?","?","M","R","B",null],"character_chosen":"THE_SILENT","items_purchased":["Noxious Fumes","Die Die Die","Membership Card","Well Laid Plans","Footwork","Bottled Tornado"],"campfire_rested":6,"item_purchase_floors":[4,4,22,22,37,37],"current_hp_per_floor":[60,53,53,53,53,70,54,49,49,45,38,27,27,31,52,50,65,54,50,50,44,44,44,44,65,65,34,55,60,58,49,72,40,68,51,47,47,47,32,55,36,36,36,33,30,67,67,46,46,25],"gold":297,"neow_bonus":"RANDOM_COMMON_RELIC","is_prod":false,"is_daily":false,"chose_seed":false,"campfire_upgraded":0,"win_rate":0,"timestamp":1550355389,"path_taken":["M","M","?","$","M","R","E","M","T","M","?","E","R","M","R","BOSS","M","M","?","M","$","R","?","R","T","E","R","E","M","E","R","BOSS","M","M","$","?","M","R","E","?","T","?","M","?","?","M","R","BOSS"],"build_version":"2019-01-23","purchased_purges":3,"victory":true,"max_hp_per_floor":[70,70,70,70,70,70,70,70,70,70,70,70,70,70,70,70,70,70,70,70,70,70,70,70,70,70,70,70,77,77,77,77,77,77,77,77,77,77,77,77,77,77,77,77,77,67,67,67,67,67],"card_choices":[{"not_picked":["Dagger Throw","Prepared"],"picked":"Bouncing Flask","floor":1.0},{"not_picked":["Masterful Stab","Distraction","Prepared"],"picked":"SKIP","floor":2.0},{"not_picked":["Dagger Throw","Flying Knee"],"picked":"Crippling Poison","floor":5.0},{"not_picked":["Night Terror","Sucker Punch"],"picked":"Escape Plan","floor":7.0},{"not_picked":["Tactician","Dagger Throw"],"picked":"Flechettes","floor":8.0},{"not_picked":["Acrobatics","Finisher","Quick Slash"],"picked":"SKIP","floor":10.0},{"not_picked":["Blade Dance","Unload","Dodge and Roll"],"picked":"SKIP","floor":12},{"not_picked":["Tactician","Dodge and Roll"],"picked":"Expertise","floor":14},{"not_picked":["Venomology","Storm of Steel"],"picked":"After Image","floor":16},{"not_picked":["Outmaneuver","Tactician+1","Dodge and Roll"],"picked":"SKIP","floor":18},{"not_picked":["Slice","All Out Attack","Blade Dance"],"picked":"SKIP","floor":19},{"not_picked":["Sucker Punch","All Out Attack"],"picked":"Calculated Gamble","floor":21},{"not_picked":["Reflex","PiercingWail+1"],"picked":"After Image","floor":27},{"not_picked":["Endless Agony","Tactician","Well Laid Plans"],"picked":"SKIP","floor":29},{"not_picked":["Terror","Reflex"],"picked":"Blur","floor":30},{"not_picked":["Terror","Sucker Punch"],"picked":"Distraction","floor":31},{"not_picked":["Storm of Steel","Adrenaline"],"picked":"Corpse Explosion","floor":33},{"not_picked":["Dagger Throw+1","Slice+1"],"picked":"Deadly Poison","floor":35},{"not_picked":["Skewer+1","Slice","Blade Dance"],"picked":"SKIP","floor":36},{"not_picked":["Outmaneuver","Dagger Spray+1","Concentrate+1"],"picked":"SKIP","floor":39},{"not_picked":["Flying Knee","Cloak And Dagger+1"],"picked":"Bane+1","floor":41},{"not_picked":["Flying Knee+1","Underhanded Strike","Infinite Blades+1"],"picked":"SKIP","floor":44},{"not_picked":["Poisoned Stab","PiercingWail+1","Dodge and Roll+1"],"picked":"SKIP","floor":45},{"not_picked":["Underhanded Strike","Masterful Stab","Deflect"],"picked":"SKIP","floor":48}],"player_experience":370462,"relics_obtained":[{"floor":7.0,"key":"Peace Pipe"},{"floor":9.0,"key":"Meat on the Bone"},{"floor":12,"key":"Art of War"},{"floor":26,"key":"War Paint"},{"floor":27,"key":"MawBank"},{"floor":29,"key":"Strawberry"},{"floor":31,"key":"Happy Flower"},{"floor":41,"key":"Blood Vial"},{"floor":43,"key":"Darkstone Periapt"}],"event_choices":[{"damage_healed":0.0,"max_hp_gain":0.0,"max_hp_loss":0.0,"gold_gain":175.0,"event_name":"Liars Game","player_choice":"AGREE","floor":3.0,"gold_loss":0.0,"damage_taken":0.0,"cards_obtained":["Doubt"]},{"cards_removed":["Strike_G"],"damage_healed":0.0,"max_hp_gain":0.0,"max_hp_loss":0.0,"gold_gain":0.0,"event_name":"Golden Wing","player_choice":"Card Removal","floor":11.0,"gold_loss":0.0,"damage_taken":7.0},{"damage_healed":0,"gold_gain":0,"player_choice":"Ignored","damage_taken":0,"max_hp_gain":0,"max_hp_loss":0,"event_name":"Ghosts","floor":20,"gold_loss":0},{"damage_healed":0,"gold_gain":0,"player_choice":"Opened","damage_taken":0,"relics_obtained":["Snake Skull"],"max_hp_gain":0,"max_hp_loss":0,"event_name":"The Mausoleum","floor":24,"gold_loss":0,"cards_obtained":["Writhe"]},{"damage_healed":0,"gold_gain":0,"player_choice":"Ignored","damage_taken":0,"max_hp_gain":0,"max_hp_loss":0,"event_name":"Tomb of Lord Red Mask","floor":38,"gold_loss":0},{"cards_removed":["Dagger Throw"],"damage_healed":0,"gold_gain":0,"player_choice":"Removed Attack","damage_taken":0,"max_hp_gain":0,"max_hp_loss":0,"event_name":"Falling","floor":42,"gold_loss":0},{"damage_healed":67,"gold_gain":0,"player_choice":"Heal","damage_taken":0,"max_hp_gain":0,"max_hp_loss":10,"event_name":"The Moai Head","floor":46,"gold_loss":0},{"damage_healed":0,"gold_gain":0,"player_choice":"Upgrade","damage_taken":0,"relics_obtained":["Mark of the Bloom"],"max_hp_gain":0,"max_hp_loss":0,"event_name":"MindBloom","floor":47,"gold_loss":0,"cards_upgraded":["Defend_G","Defend_G","Survivor","Neutralize","Bouncing Flask","Noxious Fumes","Die Die Die","Crippling Poison","Escape Plan","Flechettes","Expertise","After Image","Calculated Gamble","Well Laid Plans","After Image","Blur","Distraction","Corpse Explosion","Deadly Poison","Footwork"]}],"is_beta":false,"boss_relics":[{"not_picked":["Sozu","Tiny House"],"picked":"Snecko Eye"},{"not_picked":["Lizard Tail","Orrery"],"picked":"Astrolabe"}],"items_purged_floors":[4,22,37],"is_endless":false,"potions_floor_spawned":[5,8,12,16,18,19,30,36,44,48],"ascension_level":11}