{"gold_per_floor":[116,116,130,50,62,97,97,97,97,122,122,136,154,178,178,308,308,332,332,114,114,38,76,76,76,76,114,114,129,150,171,171,171],"floor_reached":33,"playtime":1479,"items_purged":["Strike_B"],"score":287,"play_id":"46be3a0b-566f-4baf-8237-44d33b829254","local_time":"20190215200200","is_ascension_mode":false,"campfire_choices":[{"floor":7,"key":"REST"},{"floor":11,"key":"REST"},{"floor":15,"key":"REST"},{"data":"Fission","floor":28,"key":"SMITH"},{"floor":32,"key":"REST"}],"neow_cost":"NONE","seed_source_timestamp":4643968480117,"circlet_count":0,"master_deck":["Strike_B","Strike_B","Defend_B","Defend_B","Defend_B","Defend_B","Zap","Dualcast+1","Ball Lightning+1","Buffer","Go for the Eyes","Rebound+1","Storm","Loop","Steam+1","Barrage","Conserve Battery","Capacitor","Chaos","Fission+1","Ball Lightning+1","Defragment","Defragment+1","Ball Lightning","Defragment","Reinforced Body+1","Redo"],"relics":["Cracked Core","Pen Nib","Nunchaku","Golden Idol","Eternal Feather","Whetstone","Dream Catcher","Juzu Bracelet","Bag of Preparation","War Paint"],"potions_floor_usage":[16,23,27],"damage_taken":[{"damage":6,"enemies":"Jaw Worm","floor":1,"turns":3},{"damage":1,"enemies":"Cultist","floor":3,"turns":3},{"damage":0,"enemies":"Small Slimes","floor":5,"turns":2},{"damage":21,"enemies":"Lagavulin","floor":6,"turns":6},{"damage":12,"enemies":"2 Fungi Beasts","floor":10,"turns":3},{"damage":13,"enemies":"Blue Slaver","floor":12,"turns":4},{"damage":14,"enemies":"3 Louse","floor":13,"turns":2},{"damage":11,"enemies":"Exordium Wildlife","floor":14,"turns":4},{"damage":7,"enemies":"Slime Boss","floor":16,"turns":8},{"damage":25,"enemies":"3 Byrds","floor":18,"turns":5},{"damage":24,"enemies":"Gremlin Leader","floor":23,"turns":9},{"damage":22,"enemies":"Book of Stabbing","floor":27,"turns":5},{"damage":10,"enemies":"Spheric Guardian","floor":29,"turns":3},{"damage":10,"enemies":"Centurion and Healer","floor":30,"turns":5},{"damage":17,"enemies":"3 Cultists","floor":31,"turns":4},{"damage":71,"enemies":"Automaton","floor":33,"turns":6}],"seed_played":"-928236036253397687","potions_obtained":[{"floor":5,"key":"Explosive Potion"},{"floor":10,"key":"Energy Potion"},{"floor":13,"key":"Weak Potion"},{"floor":18,"key":"Strength Potion"},{"floor":27,"key":"Dexterity Potion"},{"floor":30,"key":"SteroidPotion"}],"is_trial":false,"path_per_floor":["M","?","M","$","M","E","R","?","T","M","R","M","M","M","R","B",null,"M","?","$","?","$","E","?","$","T","E","R","M","M","M","R","B"],"character_chosen":"DEFECT","items_purchased":["Storm","Whetstone","Defragment"],"campfire_rested":4,"item_purchase_floors":[4,20,22],"current_hp_per_floor":[69,69,68,68,68,47,69,51,51,39,61,48,34,23,45,38,75,50,50,50,50,50,26,51,51,51,29,41,31,21,4,41,0],"gold":171,"neow_bonus":"RANDOM_COMMON_RELIC","is_prod":false,"is_daily":false,"chose_seed":false,"campfire_upgraded":1,"win_rate":0,"timestamp":1550278920,"path_taken":["M","?","?","?","M","E","R","?","T","M","R","M","M","M","R","BOSS","M","?","$","?","?","E","?","$","T","E","R","M","M","M","R","BOSS"],"build_version":"2019-01-23","purchased_purges":1,"victory":false,"max_hp_per_floor":[75,75,75,75,75,75,75,75,75,75,75,75,75,75,75,75,75,75,75,75,75,75,75,75,75,75,75,75,75,75,75,75,75],"card_choices":[{"not_picked":["Skim","Reprogram"],"picked":"Ball Lightning","floor":1},{"not_picked":["Coolheaded","Streamline"],"picked":"Rebound","floor":3},{"not_picked":["Hello World","Sweeping Beam"],"picked":"Loop","floor":5},{"not_picked":["Rainbow","Gash"],"picked":"Steam","floor":6},{"not_picked":["Turbo","Consume"],"picked":"Barrage","floor":10},{"not_picked":["Glacier","Force Field"],"picked":"Conserve Battery","floor":12},{"not_picked":["Gash","Turbo"],"picked":"Capacitor","floor":13},{"not_picked":["Turbo","Double Energy"],"picked":"Chaos","floor":14},{"not_picked":["Meteor Strike","Creative AI"],"picked":"Fission","floor":16},{"not_picked":["Genetic Algorithm+1","Go for the Eyes"],"picked":"Ball Lightning+1","floor":18},{"not_picked":["Lockon+1","Ball Lightning"],"picked":"Defragment+1","floor":23},{"not_picked":["Fission","Coolheaded","Genetic Algorithm"],"picked":"SKIP","floor":27},{"not_picked":["Rebound","Heatsinks"],"picked":"Ball Lightning","floor":29},{"not_picked":["Rebound","Go for the Eyes"],"picked":"Defragment","floor":30},{"not_picked":["Barrage","Beam Cell"],"picked":"Reinforced Body+1","floor":31},{"not_picked":["Heatsinks","Self Repair"],"picked":"Redo","floor":32}],"player_experience":47425,"relics_obtained":[{"floor":6,"key":"Nunchaku"},{"floor":23,"key":"Juzu Bracelet"},{"floor":26,"key":"Bag of Preparation"},{"floor":27,"key":"War Paint"}],"event_choices":[{"damage_healed":0,"gold_gain":0,"player_choice":"2 cards matched","damage_taken":0,"max_hp_gain":0,"max_hp_loss":0,"event_name":"Match and Keep!","floor":2,"gold_loss":0,"cards_obtained":["Buffer","Go for the Eyes"]},{"damage_healed":0,"gold_gain":0,"player_choice":"Take Damage","damage_taken":18,"relics_obtained":["Golden Idol"],"max_hp_gain":0,"max_hp_loss":0,"event_name":"Golden Idol","floor":8,"gold_loss":0},{"cards_removed":["Strike_B"],"damage_healed":0,"gold_gain":0,"player_choice":"Elegance","damage_taken":0,"max_hp_gain":0,"max_hp_loss":0,"event_name":"Back to Basics","floor":19,"gold_loss":0},{"damage_healed":0,"gold_gain":0,"player_choice":"Opened","damage_taken":0,"relics_obtained":["Dream Catcher"],"max_hp_gain":0,"max_hp_loss":0,"event_name":"The Mausoleum","floor":21,"gold_loss":0},{"damage_healed":25,"gold_gain":0,"player_choice":"Heal","damage_taken":0,"max_hp_gain":0,"max_hp_loss":0,"event_name":"The Library","floor":24,"gold_loss":0}],"is_beta":false,"boss_relics":[{"not_picked":["Sozu","Runic Dome"],"picked":"Eternal Feather"}],"items_purged_floors":[20],"is_endless":false,"potions_floor_spawned":[5,10,13,18,27,30],"killed_by":"Automaton","ascension_level":0}