{"path_per_floor":["M","M","?","M","$","E","M","$","T","R","M","M","M","?","R"],"character_chosen":"IRONCLAD","items_purchased":[],"gold_per_floor":[113,133,133,152,77,110,133,33,33,33,53,76,90,90,90,90],"floor_reached":16,"campfire_rested":1,"playtime":1232,"item_purchase_floors":[],"current_hp_per_floor":[46,49,29,35,35,16,17,17,17,41,40,34,29,49,49,0],"items_purged":["Defend_R","Bash"],"gold":90,"score":104,"play_id":"77b232eb-78d2-42e8-8a48-ca4e34c74c2c","local_time":"20180528161753","is_prod":false,"is_daily":false,"chose_seed":false,"is_ascension_mode":false,"campfire_upgraded":1,"win_rate":0,"timestamp":1527542273,"campfire_choices":[{"floor":10,"key":"REST"},{"data":"Rampage","floor":15,"key":"SMITH"}],"path_taken":["M","M","?","M","?","E","M","$","T","R","M","M","M","?","R","BOSS"],"build_version":"2018-05-24","seed_source_timestamp":495894974199308,"purchased_purges":2,"victory":false,"master_deck":["Strike_R","Strike_R","Strike_R","Strike_R","Strike_R","Defend_R","Iron Wave","Headbutt","Fire Breathing","Perfected Strike","Berserk","Rampage+1","Headbutt","Seeing Red","Parasite"],"max_hp_per_floor":[80,80,80,80,80,80,80,80,80,80,80,80,80,80,80,80],"relics":["Burning Blood","Golden Idol","Dream Catcher","Happy Flower"],"card_choices":[{"not_picked":["Pommel Strike","Burning Pact"],"picked":"Fire Breathing","floor":1},{"not_picked":["Cleave","Clothesline"],"picked":"Perfected Strike","floor":2},{"not_picked":["Headbutt","Sword Boomerang","Clash"],"picked":"SKIP","floor":4},{"not_picked":["Power Through","Thunderclap","Burning Pact"],"picked":"SKIP","floor":6},{"not_picked":["Clothesline","Warcry"],"picked":"Berserk","floor":7},{"not_picked":["Seeing Red","Thunderclap"],"picked":"Rampage","floor":10},{"not_picked":["Dropkick","Sword Boomerang"],"picked":"Headbutt","floor":11},{"not_picked":["Warcry","Inflame"],"picked":"Seeing Red","floor":12},{"not_picked":["Shockwave","Body Slam","Thunderclap"],"picked":"SKIP","floor":13}],"player_experience":39382,"potions_floor_usage":[16,16,16],"damage_taken":[{"damage":0,"enemies":"2 Louse","floor":1,"turns":3},{"damage":3,"enemies":"Jaw Worm","floor":2,"turns":5},{"damage":0,"enemies":"Small Slimes","floor":4,"turns":2},{"damage":25,"enemies":"3 Sentries","floor":6,"turns":6},{"damage":5,"enemies":"Exordium Thugs","floor":7,"turns":4},{"damage":7,"enemies":"2 Fungi Beasts","floor":11,"turns":3},{"damage":12,"enemies":"Blue Slaver","floor":12,"turns":2},{"damage":11,"enemies":"Exordium Thugs","floor":13,"turns":4},{"damage":50,"enemies":"The Guardian","floor":16,"turns":7}],"relics_obtained":[{"floor":6,"key":"Dream Catcher"},{"floor":9,"key":"Happy Flower"}],"event_choices":[{"event_name":"Golden Idol","player_choice":"Take Damage","floor":3,"damage_taken":0},{"event_name":"Mushrooms","player_choice":"Healed and dodged fight","floor":14,"damage_taken":0}],"boss_relics":[],"items_purged_floors":[5,8],"potions_floor_spawned":[2,12,13],"seed_played":"-4683935254853499344","killed_by":"The Guardian","ascension_level":0,"potions_obtained":[{"floor":2,"key":"Dexterity Potion"},{"floor":12,"key":"AttackPotion"},{"floor":13,"key":"LiquidBronze"}],"is_trial":false}