{"gold_per_floor":[114,114,114,39,58,86,86,105,151,183,83,83,101,133,133,236,236,256,256,272,272,75,75,75,75,75,85,119,119,154,171,171,271,271,283,158,176,187,37,37,72,72,142,242,242,259,32,47,47,47],"floor_reached":51,"playtime":3522,"items_purged":["Regret","Defend_R","Strike_R","Strike_R","Strike_R"],"score":923,"play_id":"4eb25a13-46cd-4e00-a820-2aaf12d348af","local_time":"20181216135550","is_ascension_mode":true,"campfire_choices":[{"data":"Fiend Fire","floor":7,"key":"SMITH"},{"data":"Feed","floor":15,"key":"SMITH"},{"data":"Armaments","floor":23,"key":"SMITH"},{"data":"Juggernaut","floor":29,"key":"SMITH"},{"data":"Anger","floor":32,"key":"SMITH"},{"data":"Clash","floor":40,"key":"SMITH"},{"data":"Cleave","floor":42,"key":"SMITH"},{"data":"Bash","floor":45,"key":"SMITH"},{"data":"Iron Wave","floor":49,"key":"SMITH"}],"neow_cost":"CURSE","seed_source_timestamp":5272699594705,"circlet_count":0,"master_deck":["Strike_R","Defend_R+1","Defend_R+1","Bash+1","Fiend Fire+1","Thunderclap+1","Cleave+1","Clash+1","Iron Wave+1","Feed+1","Juggernaut+1","Armaments+1","Anger+1","Ghostly","Ghostly","Ghostly","Ghostly","Ghostly","Pummel+1","Twin Strike+1","Sword Boomerang+1","Anger+1"],"relics":["Burning Blood","War Paint","Ornamental Fan","Shuriken","Art of War","Omamori","Thread and Needle","Busted Crown","Brimstone","Molten Egg 2","Darkstone Periapt","Bag of Marbles","Vajra","Empty Cage","Oddly Smooth Stone","Pantograph","Torii"],"potions_floor_usage":[10,28,28,28,28,30,33,33,50,50,50],"damage_taken":[{"damage":6,"enemies":"Jaw Worm","floor":1,"turns":4},{"damage":0,"enemies":"Small Slimes","floor":5,"turns":3},{"damage":36,"enemies":"Gremlin Nob","floor":6,"turns":5},{"damage":0,"enemies":"2 Louse","floor":8,"turns":2},{"damage":5,"enemies":"Lagavulin","floor":10,"turns":5},{"damage":5,"enemies":"Looter","floor":13,"turns":2},{"damage":13,"enemies":"3 Sentries","floor":14,"turns":6},{"damage":0,"enemies":"Slime Boss","floor":16,"turns":5},{"damage":8,"enemies":"2 Thieves","floor":18,"turns":3},{"damage":0,"enemies":"Shell Parasite","floor":20,"turns":5},{"damage":0,"enemies":"Cultist and Chosen","floor":27,"turns":3},{"damage":0,"enemies":"Slavers","floor":28,"turns":4},{"damage":0,"enemies":"Book of Stabbing","floor":30,"turns":4},{"damage":0,"enemies":"Chosen and Byrds","floor":31,"turns":3},{"damage":0,"enemies":"Champ","floor":33,"turns":6},{"damage":12,"enemies":"Orb Walker","floor":35,"turns":2},{"damage":0,"enemies":"3 Darklings","floor":37,"turns":2},{"damage":2,"enemies":"Jaw Worm Horde","floor":38,"turns":3},{"damage":1,"enemies":"Reptomancer","floor":41,"turns":4},{"damage":2,"enemies":"Mind Bloom Boss Battle","floor":44,"turns":5},{"damage":0,"enemies":"Transient","floor":46,"turns":5},{"damage":1,"enemies":"4 Shapes","floor":48,"turns":4},{"damage":17,"enemies":"Donu and Deca","floor":50,"turns":7}],"seed_played":"-4501209167133667714","potions_obtained":[{"floor":1,"key":"Dexterity Potion"},{"floor":6,"key":"FearPotion"},{"floor":10,"key":"LiquidBronze"},{"floor":27,"key":"EntropicBrew"},{"floor":28,"key":"Poison Potion"},{"floor":35,"key":"SpeedPotion"},{"floor":38,"key":"SpeedPotion"},{"floor":46,"key":"Regen Potion"}],"is_trial":false,"path_per_floor":["M","?","T","$","M","E","R","M","T","E","$","?","M","E","R","B",null,"M","?","M","?","$","R","?","T","T","M","E","R","E","M","R","B",null,"M","$","M","M","$","R","E","R","T","?","R","M","$","M","R","B",null],"character_chosen":"IRONCLAD","items_purchased":["Brimstone","Anger+1"],"campfire_rested":0,"item_purchase_floors":[22,47],"current_hp_per_floor":[80,73,73,73,79,49,49,55,55,56,56,56,57,50,50,56,80,82,66,72,72,72,72,44,44,44,44,44,44,48,48,48,48,48,42,42,48,48,48,48,48,48,48,48,48,48,48,52,52,52],"gold":47,"neow_bonus":"THREE_RARE_CARDS","is_prod":false,"is_daily":false,"chose_seed":false,"campfire_upgraded":9,"win_rate":0,"timestamp":1544990150,"path_taken":["M","?","?","$","M","E","R","M","T","E","$","?","M","E","R","BOSS","M","?","M","?","$","R","?","?","T","M","E","R","E","M","R","BOSS","M","?","M","?","$","R","E","R","T","?","R","M","$","M","R","BOSS"],"build_version":"2018-12-13","purchased_purges":5,"victory":true,"max_hp_per_floor":[80,80,80,80,80,80,80,80,80,80,80,80,80,80,80,80,80,84,89,89,89,89,89,44,44,44,44,44,44,48,48,48,48,48,48,48,48,48,48,48,48,48,48,48,48,48,48,52,52,52],"card_choices":[{"not_picked":["Brutality","Dark Embrace"],"picked":"Fiend Fire","floor":0},{"not_picked":["Warcry","Heavy Blade","Flame Barrier"],"picked":"SKIP","floor":1},{"not_picked":["Pummel","Wild Strike"],"picked":"Thunderclap","floor":5},{"not_picked":["Rupture","Flex","Havoc"],"picked":"SKIP","floor":6},{"not_picked":["Uppercut","Armaments"],"picked":"Cleave","floor":8},{"not_picked":["Pommel Strike","Rupture"],"picked":"Clash","floor":10},{"not_picked":["Carnage","Flex"],"picked":"Iron Wave","floor":13},{"not_picked":["Shrug It Off","Thunderclap"],"picked":"Feed","floor":14},{"not_picked":["Limit Break","Dark Embrace"],"picked":"Juggernaut","floor":16},{"not_picked":["Twin Strike"],"picked":"SKIP","floor":18},{"not_picked":[],"picked":"Armaments","floor":20},{"not_picked":["Armaments"],"picked":"SKIP","floor":27},{"not_picked":[],"picked":"Pummel+1","floor":28},{"not_picked":[],"picked":"Twin Strike+1","floor":30},{"not_picked":["Dropkick+1"],"picked":"SKIP","floor":31},{"not_picked":[],"picked":"Sword Boomerang+1","floor":35},{"not_picked":["Shrug It Off"],"picked":"SKIP","floor":37},{"not_picked":["Seeing Red+1"],"picked":"SKIP","floor":38},{"not_picked":["Twin Strike+1"],"picked":"SKIP","floor":41},{"not_picked":["Dual Wield"],"picked":"SKIP","floor":46},{"not_picked":["Entrench"],"picked":"SKIP","floor":48}],"player_experience":451408,"relics_obtained":[{"floor":3,"key":"Ornamental Fan"},{"floor":6,"key":"Shuriken"},{"floor":9,"key":"Art of War"},{"floor":10,"key":"Omamori"},{"floor":14,"key":"Thread and Needle"},{"floor":25,"key":"Molten Egg 2"},{"floor":26,"key":"Darkstone Periapt"},{"floor":28,"key":"Bag of Marbles"},{"floor":30,"key":"Vajra"},{"floor":41,"key":"Oddly Smooth Stone"},{"floor":43,"key":"Pantograph"},{"floor":44,"key":"Torii"}],"event_choices":[{"damage_healed":0,"gold_gain":0,"player_choice":"Success","damage_taken":7,"relics_obtained":["War Paint"],"max_hp_gain":0,"max_hp_loss":0,"event_name":"Scrap Ooze","floor":2,"gold_loss":0},{"damage_healed":0,"gold_gain":0,"player_choice":"Grow","damage_taken":0,"max_hp_gain":0,"max_hp_loss":0,"event_name":"Living Wall","floor":12,"gold_loss":0,"cards_upgraded":["Thunderclap"]},{"damage_healed":0,"gold_gain":0,"player_choice":"Shed Blood","damage_taken":21,"max_hp_gain":5,"max_hp_loss":0,"event_name":"Forgotten Altar","floor":19,"gold_loss":0},{"damage_healed":0,"gold_gain":0,"player_choice":"Read","damage_taken":0,"max_hp_gain":0,"max_hp_loss":0,"event_name":"The Library","floor":21,"gold_loss":0,"cards_obtained":["Anger"]},{"damage_healed":0,"gold_gain":0,"player_choice":"Became a Ghost","damage_taken":0,"max_hp_gain":0,"max_hp_loss":45,"event_name":"Ghosts","floor":24,"gold_loss":0,"cards_obtained":["Ghostly","Ghostly","Ghostly","Ghostly","Ghostly"]},{"damage_healed":0,"gold_gain":0,"player_choice":"Fight","damage_taken":0,"max_hp_gain":0,"max_hp_loss":0,"event_name":"MindBloom","floor":44,"gold_loss":0}],"is_beta":false,"boss_relics":[{"not_picked":["Runic Dome","Coffee Dripper"],"picked":"Busted Crown"},{"not_picked":["Lizard Tail","Snecko Eye"],"picked":"Empty Cage"}],"items_purged_floors":[4,11,36,39,47],"is_endless":false,"potions_floor_spawned":[1,6,10,27,28,35,38,46],"ascension_level":1}