{"gold_per_floor":[117,117,131,131,196,196,225,241,241,266,286,302,302,329,329,430,430,441,441,441,460,474,499,517,530,530,530,549,549,190,210,210,314,314,330,350,76,96,147,147,147,147,147,180,191,165,165,183,183,183],"floor_reached":51,"playtime":3565,"items_purged":[],"score":769,"play_id":"201b67cd-c0ae-42ee-91cb-649d4d815b3c","local_time":"20180715150948","is_ascension_mode":false,"campfire_choices":[{"floor":6,"key":"REST"},{"data":"Rage","floor":13,"key":"SMITH"},{"floor":15,"key":"REST"},{"floor":27,"key":"REST"},{"data":"Shockwave","floor":29,"key":"SMITH"},{"data":"Disarm","floor":32,"key":"SMITH"},{"data":"Ghostly Armor","floor":40,"key":"SMITH"},{"data":"Bludgeon","floor":42,"key":"SMITH"},{"floor":47,"key":"REST"},{"floor":49,"key":"REST"}],"neow_cost":"NONE","seed_source_timestamp":682902359422415,"circlet_count":0,"master_deck":["Strike_R","Strike_R","Strike_R+1","Strike_R","Strike_R","Defend_R","Defend_R","Defend_R","Defend_R","Bash","Cleave+1","Rage+1","Pommel Strike","Metallicize+1","Armaments","Whirlwind","Juggernaut+1","Clash+1","Clash","Body Slam","Blood for Blood+1","Flame Barrier+1","Shockwave+1","Disarm+1","Corruption+1","Bludgeon+1","Entrench","Shrug It Off+1","Ghostly Armor+1","Cleave","Fire Breathing+1","Madness","Madness","Evolve+1","Infernal Blade","Flex","Shrug It Off+1"],"relics":["Burning Blood","Lantern","Ginger","Frozen Egg 2","Ice Cream","Charon\u0027s Ashes","Vajra","Sozu","Anchor","Pear","Pen Nib","Bag of Marbles","Mark of Pain","TheAbacus","Bird Faced Urn","Mercury Hourglass","Red Skull"],"potions_floor_usage":[16,33],"damage_taken":[{"damage":2,"enemies":"2 Louse","floor":1,"turns":3},{"damage":3,"enemies":"Small Slimes","floor":3,"turns":2},{"damage":14,"enemies":"3 Sentries","floor":7,"turns":8},{"damage":0,"enemies":"Jaw Worm","floor":8,"turns":3},{"damage":22,"enemies":"Gremlin Nob","floor":10,"turns":4},{"damage":0,"enemies":"3 Louse","floor":11,"turns":3},{"damage":1,"enemies":"Looter","floor":12,"turns":2},{"damage":6,"enemies":"3 Sentries","floor":14,"turns":6},{"damage":75,"enemies":"Hexaghost","floor":16,"turns":14},{"damage":0,"enemies":"Chosen","floor":18,"turns":4},{"damage":0,"enemies":"3 Byrds","floor":21,"turns":3},{"damage":12,"enemies":"Snake Plant","floor":22,"turns":4},{"damage":22,"enemies":"Book of Stabbing","floor":23,"turns":4},{"damage":6,"enemies":"Centurion and Healer","floor":24,"turns":4},{"damage":0,"enemies":"Chosen and Byrds","floor":25,"turns":4},{"damage":9,"enemies":"3 Cultists","floor":28,"turns":4},{"damage":5,"enemies":"Snake Plant","floor":31,"turns":3},{"damage":33,"enemies":"Champ","floor":33,"turns":10},{"damage":8,"enemies":"3 Shapes","floor":35,"turns":1},{"damage":15,"enemies":"Orb Walker","floor":36,"turns":4},{"damage":0,"enemies":"Transient","floor":38,"turns":5},{"damage":0,"floor":39,"turns":4},{"damage":13,"enemies":"Nemesis","floor":44,"turns":5},{"damage":89,"enemies":"Flame Bruiser 2 Orb","floor":45,"turns":3},{"damage":16,"enemies":"3 Darklings","floor":48,"turns":4},{"damage":70,"enemies":"Time Eater","floor":50,"turns":10}],"seed_played":"-408664889231673902","potions_obtained":[{"floor":12,"key":"GamblersBrew"},{"floor":16,"key":"Dexterity Potion"}],"is_trial":false,"path_per_floor":["M","?","M","?","?","R","E","M","T","E","M","M","R","E","R","B",null,"M","?","?","M","M","E","M","M","T","R","M","R","$","M","R","B",null,"M","M","$","M","?","R","?","R","T","E","M","$","R","M","R","B"],"character_chosen":"IRONCLAD","items_purchased":["Pen Nib","Bag of Marbles","Disarm","TheAbacus","Ghostly Armor","Flex"],"campfire_rested":5,"item_purchase_floors":[30,30,30,37,37,46],"current_hp_per_floor":[80,64,67,64,64,80,72,78,78,62,68,73,73,73,80,11,80,80,90,72,78,72,56,56,62,72,103,100,100,100,101,101,74,105,103,94,94,100,105,105,92,92,92,93,10,10,41,35,66,12],"gold":183,"neow_bonus":"RANDOM_COMMON_RELIC","is_prod":false,"is_daily":false,"chose_seed":false,"campfire_upgraded":5,"win_rate":0,"timestamp":1531656588,"path_taken":["M","?","M","?","?","R","E","M","T","E","M","M","R","E","R","BOSS","M","?","?","M","M","E","M","M","T","R","M","R","?","M","R","BOSS","M","M","$","M","?","R","?","R","T","E","M","$","R","M","R","BOSS"],"build_version":"2018-07-12","purchased_purges":0,"victory":true,"max_hp_per_floor":[80,80,80,80,80,80,80,80,80,80,80,80,80,80,80,80,80,80,90,95,95,95,95,95,95,105,105,105,105,105,105,105,105,105,105,105,105,105,105,105,105,105,105,105,105,105,105,105,105,105],"card_choices":[{"not_picked":["Twin Strike","Heavy Blade"],"picked":"Cleave","floor":1},{"not_picked":["Combust","Body Slam"],"picked":"Rage","floor":3},{"not_picked":["Burning Pact","Rampage","Perfected Strike"],"picked":"SKIP","floor":7},{"not_picked":["Thunderclap","Warcry"],"picked":"Pommel Strike","floor":8},{"not_picked":["Flex","Perfected Strike"],"picked":"Metallicize+1","floor":10},{"not_picked":["Twin Strike","Battle Trance"],"picked":"Armaments","floor":11},{"not_picked":["Searing Blow","Twin Strike"],"picked":"Dark Embrace+1","floor":12},{"not_picked":["Second Wind","Armaments"],"picked":"Whirlwind","floor":14},{"not_picked":["Brutality+1","Exhume"],"picked":"Juggernaut+1","floor":16},{"not_picked":["Thunderclap+1","Feel No Pain+1"],"picked":"Clash+1","floor":18},{"not_picked":["Pommel Strike","Body Slam"],"picked":"Clash","floor":21},{"not_picked":["Havoc","Sword Boomerang"],"picked":"Body Slam","floor":22},{"not_picked":["Havoc","Burning Pact"],"picked":"Blood for Blood+1","floor":23},{"not_picked":["Searing Blow+1","Flex"],"picked":"Flame Barrier+1","floor":24},{"not_picked":["Wild Strike","Headbutt","Feel No Pain+1"],"picked":"SKIP","floor":25},{"not_picked":["Headbutt","Exhume"],"picked":"Shockwave","floor":28},{"not_picked":["Searing Blow+1","Warcry"],"picked":"Corruption+1","floor":31},{"not_picked":["Limit Break","Feed"],"picked":"Bludgeon","floor":33},{"not_picked":["Second Wind+1","Body Slam"],"picked":"Entrench","floor":35},{"not_picked":["Anger","Body Slam+1"],"picked":"Shrug It Off+1","floor":36},{"not_picked":["Wild Strike+1","Clash"],"picked":"Cleave","floor":38},{"not_picked":["Whirlwind+1","Uppercut"],"picked":"Fire Breathing+1","floor":39},{"not_picked":["Thunderclap+1","Wild Strike"],"picked":"Evolve+1","floor":44},{"not_picked":["Intimidate","Power Through"],"picked":"Infernal Blade","floor":45},{"not_picked":["Evolve+1","Anger+1"],"picked":"Shrug It Off+1","floor":48}],"player_experience":38942,"relics_obtained":[{"floor":7,"key":"Frozen Egg 2"},{"floor":9,"key":"Ice Cream"},{"floor":10,"key":"Charon\u0027s Ashes"},{"floor":14,"key":"Vajra"},{"floor":23,"key":"Anchor"},{"floor":26,"key":"Pear"},{"floor":39,"key":"Bird Faced Urn"},{"floor":43,"key":"Mercury Hourglass"},{"floor":44,"key":"Red Skull"}],"event_choices":[{"event_name":"Shining Light","player_choice":"Entered Light","floor":2,"damage_taken":0},{"event_name":"Scrap Ooze","player_choice":"success","floor":4,"damage_taken":3},{"event_name":"Golden Wing","player_choice":"Gained Gold","floor":5,"damage_taken":0},{"event_name":"Bonfire Elementals","player_choice":"RARE","floor":19,"damage_taken":0},{"event_name":"Forgotten Altar","player_choice":"Shed Blood","floor":20,"damage_taken":0},{"event_name":"Mysterious Sphere","player_choice":"Fight","floor":39,"damage_taken":0},{"event_name":"Winding Halls","player_choice":"Embrace Madness","floor":41,"damage_taken":0}],"boss_relics":[{"not_picked":["Coffee Dripper","Snecko Eye"],"picked":"Sozu"},{"not_picked":["White Beast Statue","Runic Cube"],"picked":"Mark of Pain"}],"items_purged_floors":[],"is_endless":false,"potions_floor_spawned":[12,16,18,21,24,31,33,36,44,48],"ascension_level":0}