{"gold_per_floor":[113,188,202,202,202,202,127,127,127,81,99,122,138,149,149,245,245,260,280,29,43,43,43,54,54,136,136,61,61,72,85,85,184,184,202,202,202,248,248,248,267,267,292,292,312,329,17,17],"floor_reached":48,"playtime":5614,"items_purged":["Strike_G","Strike_G"],"score":525,"play_id":"675a92d9-f345-401a-827e-89584a0471d8","local_time":"20180626190405","is_ascension_mode":true,"campfire_choices":[{"data":"Dagger Spray","floor":6.0,"key":"SMITH"},{"data":"Neutralize","floor":8.0,"key":"SMITH"},{"floor":15.0,"key":"REST"},{"floor":23,"key":"REST"},{"data":"Grand Finale","floor":25,"key":"SMITH"},{"data":"Prepared","floor":27,"key":"SMITH"},{"floor":32,"key":"REST"},{"data":"Defend_G","floor":40,"key":"PURGE"},{"data":"Defend_G","floor":42,"key":"PURGE"},{"data":"Defend_G","floor":44,"key":"PURGE"}],"neow_cost":"","seed_source_timestamp":0,"circlet_count":0,"master_deck":["Defend_G","Defend_G","Survivor","Neutralize+1","Dagger Spray+1","Deadly Poison","Escape Plan","Backflip","Prepared","Prepared+1","Grand Finale+1","Expertise+1","Noxious Fumes","Backflip","Calculated Gamble","Acrobatics","After Image","Caltrops+1","Footwork+1","Thinking Ahead","Sadistic Nature","Backflip+1","Madness","Madness"],"special_seed":0,"relics":["Ring of the Snake","Orichalcum","Bird Faced Urn","Odd Mushroom","Runic Pyramid","Bag of Preparation","Kunai","Orrery","Peace Pipe","Oddly Smooth Stone","Calipers"],"potions_floor_usage":[18,33,38,46],"damage_taken":[{"damage":0.0,"enemies":"Jaw Worm","floor":1.0,"turns":5.0},{"damage":0.0,"enemies":"2 Louse","floor":3.0,"turns":3.0},{"damage":0.0,"enemies":"Cultist","floor":11.0,"turns":3.0},{"damage":36.0,"floor":12.0,"turns":4.0},{"damage":0.0,"enemies":"2 Fungi Beasts","floor":13.0,"turns":3.0},{"damage":11.0,"enemies":"Large Slime","floor":14.0,"turns":5.0},{"damage":21.0,"enemies":"Hexaghost","floor":16.0,"turns":12.0},{"damage":2,"enemies":"3 Byrds","floor":18,"turns":5},{"damage":8,"enemies":"Spheric Guardian","floor":19,"turns":4},{"damage":17,"enemies":"3 Cultists","floor":21,"turns":4},{"damage":5,"enemies":"Slaver and Parasite","floor":24,"turns":3},{"damage":7,"enemies":"Snecko","floor":30,"turns":7},{"damage":4,"enemies":"Cultist and Chosen","floor":31,"turns":4},{"damage":22,"enemies":"Automaton","floor":33,"turns":8},{"damage":1,"enemies":"Orb Walker","floor":35,"turns":5},{"damage":1,"floor":38,"turns":3},{"damage":13,"enemies":"3 Shapes","floor":41,"turns":6},{"damage":18,"enemies":"3 Darklings","floor":45,"turns":5},{"damage":49,"enemies":"4 Shapes","floor":46,"turns":6},{"damage":15,"enemies":"2 Orb Walkers","floor":48,"turns":2}],"seed_played":"4799058194536947342","potions_obtained":[{"floor":3.0,"key":"LiquidBronze"},{"floor":11.0,"key":"SpeedPotion"},{"floor":14.0,"key":"GamblersBrew"},{"floor":16.0,"key":"AttackPotion"},{"floor":24,"key":"SteroidPotion"},{"floor":30,"key":"Swift Potion"},{"floor":31,"key":"Dexterity Potion"},{"floor":33,"key":"Strength Potion"},{"floor":35,"key":"Energy Potion"}],"is_trial":false,"path_per_floor":["M","?","M","?","?","R","$","R","T","$","M","?","M","M","R","B",null,"M","M","$","M","$","R","M","R","T","R","?","$","M","M","R","B",null,"M","?","T","?","?","R","M","R","T","R","M","M","$"],"character_chosen":"THE_SILENT","items_purchased":["Deadly Poison","Bag of Preparation","Calipers"],"campfire_rested":3,"item_purchase_floors":[],"current_hp_per_floor":[70,59,59,59,52,52,52,52,52,52,52,16,16,5,26,5,54,52,44,44,29,29,50,45,45,45,45,45,45,40,38,59,39,62,67,57,57,66,57,57,54,54,54,54,46,7,7,0],"gold":17,"neow_bonus":"","is_prod":false,"is_daily":false,"chose_seed":false,"campfire_upgraded":4,"win_rate":0,"timestamp":1530057845,"path_taken":["M","?","M","?","?","R","$","R","T","?","?","?","M","M","R","BOSS","M","M","$","M","$","R","M","R","T","R","?","?","?","M","R","BOSS","M","?","?","?","?","R","M","R","T","R","M","M","$","E"],"build_version":"2018-06-21v2","purchased_purges":2,"victory":false,"max_hp_per_floor":[70,70,70,70,70,70,70,70,70,70,70,70,70,70,70,70,70,70,70,70,70,70,70,70,70,70,70,70,70,70,70,70,70,70,70,70,70,70,70,70,70,70,70,70,70,70,70,70],"card_choices":[{"not_picked":["Poisoned Stab","Underhanded Strike"],"picked":"Dagger Spray","floor":1.0},{"not_picked":["Distraction","Poisoned Stab","Sucker Punch"],"picked":"SKIP","floor":3.0},{"not_picked":["Underhanded Strike","Dagger Throw"],"picked":"Escape Plan","floor":11.0},{"not_picked":["Finisher","Calculated Gamble"],"picked":"Backflip","floor":12.0},{"not_picked":["Leg Sweep","Underhanded Strike"],"picked":"Prepared","floor":13.0},{"not_picked":["Poisoned Stab","Sucker Punch"],"picked":"Prepared","floor":14.0},{"not_picked":["After Image","Tools of the Trade"],"picked":"Grand Finale","floor":16.0},{"not_picked":["Bane+1","Backflip+1"],"picked":"Expertise+1","floor":18},{"not_picked":["Bane","Prepared"],"picked":"Noxious Fumes","floor":19},{"not_picked":["Dodge and Roll+1","Underhanded Strike+1"],"picked":"Backflip","floor":21},{"not_picked":["All Out Attack","PiercingWail"],"picked":"Calculated Gamble","floor":24},{"not_picked":["Dodge and Roll","Blur+1"],"picked":"Acrobatics","floor":30},{"not_picked":["Infinite Blades","Glass Knife","Cloak And Dagger"],"picked":"SKIP","floor":31},{"not_picked":["Envenom","Glass Knife"],"picked":"After Image","floor":33},{"not_picked":["Sucker Punch+1","Deadly Poison"],"picked":"Caltrops+1","floor":34},{"not_picked":["Dagger Throw+1","Dodge and Roll"],"picked":"Footwork+1","floor":35},{"not_picked":["Trip","Blind"],"picked":"Thinking Ahead","floor":36},{"not_picked":["Secret Weapon","Blind"],"picked":"Sadistic Nature","floor":36},{"not_picked":["Dodge and Roll+1","Deflect+1"],"picked":"Backflip+1","floor":38},{"not_picked":["Bane","Finisher+1","Cloak And Dagger"],"picked":"SKIP","floor":41},{"not_picked":["Poisoned Stab","Flying Knee","Dagger Spray"],"picked":"SKIP","floor":45},{"not_picked":["Crippling Poison","Deadly Poison+1","Dash+1"],"picked":"SKIP","floor":46}],"player_experience":221544,"relics_obtained":[{"floor":9.0,"key":"Bird Faced Urn"},{"floor":12.0,"key":"Odd Mushroom"},{"floor":26,"key":"Kunai"},{"floor":38,"key":"Peace Pipe"},{"floor":43,"key":"Oddly Smooth Stone"}],"event_choices":[{"event_name":"World of Goop","player_choice":"Gather Gold","floor":2.0,"damage_taken":0.0},{"event_name":"Wheel of Change","player_choice":"Card Removal","floor":4.0,"damage_taken":0.0},{"event_name":"Golden Wing","player_choice":"Card Removal","floor":5.0,"damage_taken":0.0},{"event_name":"Mushrooms","player_choice":"Fought Mushrooms","floor":12.0,"damage_taken":0.0},{"event_name":"Beggar","player_choice":"Gave Gold","floor":28,"damage_taken":0},{"event_name":"SensoryStone","player_choice":"Memory 3","floor":36,"damage_taken":0},{"event_name":"Mysterious Sphere","player_choice":"Fight","floor":38,"damage_taken":0},{"event_name":"Winding Halls","player_choice":"Embrace Madness","floor":39,"damage_taken":0}],"boss_relics":[{"not_picked":["Sozu","Pandora\u0027s Box"],"picked":"Runic Pyramid"},{"not_picked":["Philosopher\u0027s Stone","Velvet Choker"],"picked":"Orrery"}],"items_purged_floors":[],"is_endless":false,"potions_floor_spawned":[3,11,14,16,24,30,31,33,35],"killed_by":"2 Orb Walkers","ascension_level":5}