{"gold_per_floor":[111,111,111,123,123,123,48,48,48,78,78,99,110,145,145,240,240,259,159,159,171,171,186,186,216,216,216,216,91,102,102],"floor_reached":31,"playtime":824,"items_purged":["Defend_B","Strike_B","Defend_B"],"score":311,"play_id":"627188af-e3c6-47d3-9c70-97392b918d3a","local_time":"20190120160719","is_ascension_mode":true,"campfire_choices":[{"data":"Zap","floor":6,"key":"SMITH"},{"data":"Dualcast","floor":8,"key":"SMITH"},{"data":"Defend_B","floor":11,"key":"PURGE"},{"data":"Streamline","floor":15,"key":"SMITH"},{"data":"Dualcast+1","floor":24,"key":"PURGE"},{"data":"Strike_B+1","floor":28,"key":"PURGE"}],"neow_cost":"NONE","seed_source_timestamp":160785546339025,"circlet_count":0,"master_deck":["Strike_B+1","Defend_B","Zap+1","BootSequence","Coolheaded","Streamline+1","Auto Shields","Echo Form","Capacitor+1","Barrage+1","Gash"],"relics":["Cracked Core","Centennial Puzzle","Whetstone","Peace Pipe","Odd Mushroom","Bag of Preparation","Velvet Choker","Nloth\u0027s Gift","Ornamental Fan","Blue Candle","Dodecahedron"],"potions_floor_usage":[12,31,31,31],"damage_taken":[{"damage":0,"enemies":"Cultist","floor":1,"turns":2},{"damage":2,"enemies":"Jaw Worm","floor":4,"turns":2},{"damage":16,"enemies":"3 Sentries","floor":10,"turns":6},{"damage":7,"enemies":"The Mushroom Lair","floor":12,"turns":3},{"damage":0,"enemies":"Small Slimes","floor":13,"turns":2},{"damage":9,"enemies":"Gremlin Nob","floor":14,"turns":3},{"damage":5,"enemies":"The Guardian","floor":16,"turns":8},{"damage":7,"enemies":"2 Thieves","floor":18,"turns":3},{"damage":0,"enemies":"Spheric Guardian","floor":21,"turns":3},{"damage":16,"enemies":"Centurion and Healer","floor":23,"turns":7},{"damage":9,"enemies":"Book of Stabbing","floor":25,"turns":5},{"damage":20,"enemies":"Snake Plant","floor":30,"turns":4},{"damage":30,"enemies":"Gremlin Leader","floor":31,"turns":2}],"seed_played":"6166613655587984215","potions_obtained":[{"floor":1,"key":"Dexterity Potion"},{"floor":12,"key":"Fruit Juice"},{"floor":13,"key":"FocusPotion"},{"floor":14,"key":"FocusPotion"},{"floor":30,"key":"Block Potion"}],"is_trial":false,"path_per_floor":["M","?","T","M","?","R","$","R","T","E","R","?","M","E","R","B",null,"M","$","?","M","T","M","R","E","T","?","R","$","M","E"],"character_chosen":"DEFECT","items_purchased":[],"campfire_rested":0,"item_purchase_floors":[],"current_hp_per_floor":[75,75,75,73,66,66,66,66,66,50,50,48,48,39,39,34,80,73,73,73,73,73,57,57,48,48,48,48,48,28,0],"gold":102,"neow_bonus":"RANDOM_COMMON_RELIC","is_prod":false,"is_daily":false,"chose_seed":false,"campfire_upgraded":3,"win_rate":0,"timestamp":1548011239,"path_taken":["M","?","?","?","?","R","$","R","T","E","R","?","M","E","R","BOSS","M","$","?","?","?","M","R","E","T","?","R","$","M","E"],"build_version":"2018-11-15","purchased_purges":3,"victory":false,"max_hp_per_floor":[75,75,75,75,75,75,75,75,75,75,75,80,80,80,80,80,80,80,80,80,80,80,80,80,80,80,80,80,80,80,80],"card_choices":[{"not_picked":["Melter","Turbo","Sweeping Beam"],"picked":"SKIP","floor":1},{"not_picked":["Cold Snap","Turbo"],"picked":"BootSequence","floor":4},{"not_picked":["Steam","Turbo"],"picked":"Coolheaded","floor":10},{"not_picked":["Leap","Turbo"],"picked":"Streamline","floor":12},{"not_picked":["Streamline","Beam Cell"],"picked":"Auto Shields","floor":13},{"not_picked":["Blizzard","Steam"],"picked":"Echo Form","floor":14},{"not_picked":["Beam Cell","Conserve Battery","FTL"],"picked":"SKIP","floor":18},{"not_picked":["Echo Form","Leap"],"picked":"Capacitor+1","floor":21},{"not_picked":["White Noise+1","Auto Shields"],"picked":"Barrage+1","floor":23},{"not_picked":["Steam","Rebound"],"picked":"Gash","floor":25},{"not_picked":["Doom and Gloom+1","Go for the Eyes+1","Streamline"],"picked":"SKIP","floor":30}],"player_experience":12624,"relics_obtained":[{"floor":3,"key":"Whetstone"},{"floor":9,"key":"Gambling Chip"},{"floor":10,"key":"Peace Pipe"},{"floor":12,"key":"Odd Mushroom"},{"floor":14,"key":"Bag of Preparation"},{"floor":22,"key":"Ornamental Fan"},{"floor":25,"key":"Blue Candle"},{"floor":26,"key":"Dodecahedron"}],"event_choices":[{"damage_healed":0,"gold_gain":0,"player_choice":"Ignored","damage_taken":0,"max_hp_gain":0,"max_hp_loss":0,"event_name":"Liars Game","floor":2,"gold_loss":0},{"cards_removed":["Strike_B"],"damage_healed":0,"gold_gain":0,"player_choice":"Card Removal","damage_taken":7,"max_hp_gain":0,"max_hp_loss":0,"event_name":"Golden Wing","floor":5,"gold_loss":0},{"damage_healed":0,"gold_gain":0,"player_choice":"Fought Mushrooms","damage_taken":0,"max_hp_gain":0,"max_hp_loss":0,"event_name":"Mushrooms","floor":12,"gold_loss":0},{"damage_healed":0,"gold_gain":0,"player_choice":"Traded Relic","damage_taken":0,"relics_obtained":["Nloth\u0027s Gift"],"max_hp_gain":0,"max_hp_loss":0,"event_name":"N\u0027loth","floor":20,"relics_lost":["Gambling Chip"],"gold_loss":0},{"damage_healed":0,"gold_gain":0,"player_choice":"Ignored","damage_taken":0,"max_hp_gain":0,"max_hp_loss":0,"event_name":"Ghosts","floor":27,"gold_loss":0}],"is_beta":false,"boss_relics":[{"not_picked":["FrozenCore","Calling Bell"],"picked":"Velvet Choker"}],"items_purged_floors":[7,19,29],"is_endless":false,"potions_floor_spawned":[1,12,13,14,30],"killed_by":"Gremlin Leader","ascension_level":4}