{"gold_per_floor":[117,48,48,67,37,37,52,79,79,79,94,110,110,136,136,235,235,249,232,250,270,270,270,285,155,180,191,191,191,191,207,207,207],"floor_reached":33,"playtime":1657,"items_purged":[],"score":259,"play_id":"8b74a8d3-61f3-415c-b47d-582a15341196","local_time":"20190217002811","is_ascension_mode":false,"campfire_choices":[{"data":"Defragment","floor":6,"key":"SMITH"},{"floor":13,"key":"REST"},{"floor":15,"key":"REST"},{"floor":23,"key":"REST"},{"floor":30,"key":"REST"},{"floor":32,"key":"REST"}],"neow_cost":"NONE","seed_source_timestamp":46258726739884,"circlet_count":0,"master_deck":["Strike_B","Strike_B","Strike_B","Defend_B","Defend_B","Defend_B","Defend_B","Zap","Dualcast","Core Surge","Defragment+1","Self Repair","Ball Lightning","Go for the Eyes","Machine Learning","Steam","Conserve Battery","Hologram","Thunder Strike","Redo","Barrage","Turbo+1","Conserve Battery","Loop","Static Discharge","Reinforced Body","Sunder+1"],"relics":["Cracked Core","Kunai","Lantern","Shuriken","Lizard Tail","Ancient Tea Set"],"potions_floor_usage":[20,21,21,21,27,31,31,31],"damage_taken":[{"damage":1,"enemies":"Jaw Worm","floor":1,"turns":2},{"damage":10,"enemies":"Small Slimes","floor":4,"turns":4},{"damage":0,"enemies":"Cultist","floor":7,"turns":2},{"damage":28,"enemies":"Gremlin Nob","floor":8,"turns":5},{"damage":11,"enemies":"Large Slime","floor":11,"turns":4},{"damage":3,"enemies":"Red Slaver","floor":12,"turns":3},{"damage":13,"enemies":"3 Sentries","floor":14,"turns":5},{"damage":6,"enemies":"The Guardian","floor":16,"turns":9},{"damage":21,"enemies":"3 Byrds","floor":18,"turns":5},{"damage":20,"enemies":"2 Thieves","floor":19,"turns":4},{"damage":32,"enemies":"Snecko","floor":20,"turns":6},{"damage":25,"enemies":"Cultist and Chosen","floor":21,"turns":7},{"damage":46,"enemies":"Shelled Parasite and Fungi","floor":24,"turns":5},{"damage":17,"enemies":"Centurion and Healer","floor":27,"turns":8},{"damage":11,"enemies":"Colosseum Slavers","floor":28,"turns":5},{"damage":26,"enemies":"3 Cultists","floor":31,"turns":5},{"damage":44,"enemies":"Collector","floor":33,"turns":3}],"seed_played":"6094255008873341454","potions_obtained":[{"floor":1,"key":"GamblersBrew"},{"floor":5,"key":"GamblersBrew"},{"floor":5,"key":"AttackPotion"},{"floor":20,"key":"Weak Potion"},{"floor":27,"key":"PowerPotion"},{"floor":29,"key":"Regen Potion"},{"floor":29,"key":"Regen Potion"}],"is_trial":false,"path_per_floor":["M","$","?","M","?","R","M","E","T","?","M","M","R","E","R","B",null,"M","M","M","M","?","R","M","$","T","M","?","?","R","M","R","B"],"character_chosen":"DEFECT","items_purchased":["Self Repair","Static Discharge","Swift Potion"],"campfire_rested":5,"item_purchase_floors":[2,25,25],"current_hp_per_floor":[74,74,74,71,71,71,71,50,50,50,46,43,65,59,75,69,75,61,48,23,44,44,66,27,27,27,17,6,6,28,21,43,0],"gold":207,"neow_bonus":"ONE_RANDOM_RARE_CARD","is_prod":false,"is_daily":false,"chose_seed":false,"campfire_upgraded":1,"win_rate":0,"timestamp":1550381291,"path_taken":["M","$","?","M","?","R","?","E","T","?","?","?","R","E","R","BOSS","M","?","M","M","?","R","M","?","T","?","?","?","R","M","R","BOSS"],"build_version":"2019-01-23","purchased_purges":0,"victory":false,"max_hp_per_floor":[75,75,75,75,75,75,75,75,75,75,75,75,75,75,75,75,75,75,75,75,75,75,75,75,75,75,75,75,75,75,75,75,75],"card_choices":[{"not_picked":["Double Energy","Reprogram"],"picked":"Defragment","floor":1},{"not_picked":["Barrage","Turbo"],"picked":"Ball Lightning","floor":4},{"not_picked":["Sweeping Beam","Streamline"],"picked":"Go for the Eyes","floor":7},{"not_picked":["Chill","Cold Snap"],"picked":"Machine Learning","floor":8},{"not_picked":["Hologram","Beam Cell"],"picked":"Steam","floor":11},{"not_picked":["Go for the Eyes","Reinforced Body"],"picked":"Conserve Battery","floor":12},{"not_picked":["Chill","Recycle"],"picked":"Hologram","floor":14},{"not_picked":["Biased Cognition","Reboot"],"picked":"Thunder Strike","floor":16},{"not_picked":["Melter","Hologram"],"picked":"Redo","floor":18},{"not_picked":["Genetic Algorithm","Recycle"],"picked":"Barrage","floor":19},{"not_picked":["Streamline","Auto Shields"],"picked":"Turbo+1","floor":20},{"not_picked":["Genetic Algorithm","Sweeping Beam"],"picked":"Conserve Battery","floor":21},{"not_picked":["Go for the Eyes","Tempest"],"picked":"Loop","floor":24},{"not_picked":["Scrape","Streamline"],"picked":"Reinforced Body","floor":27},{"not_picked":["Ball Lightning","Reinforced Body"],"picked":"Sunder+1","floor":31}],"player_experience":87413,"relics_obtained":[{"floor":8,"key":"Kunai"},{"floor":9,"key":"Lantern"},{"floor":14,"key":"Shuriken"},{"floor":26,"key":"Ancient Tea Set"}],"event_choices":[{"damage_healed":0,"gold_gain":0,"player_choice":"Leave","damage_taken":0,"max_hp_gain":0,"max_hp_loss":0,"event_name":"The Cleric","floor":3,"gold_loss":0},{"damage_healed":0,"gold_gain":0,"player_choice":"Bought 2 Potions","damage_taken":0,"max_hp_gain":0,"max_hp_loss":0,"event_name":"The Woman in Blue","floor":5,"gold_loss":0},{"cards_removed":["Strike_B"],"damage_healed":0,"gold_gain":0,"player_choice":"Purged","damage_taken":0,"max_hp_gain":0,"max_hp_loss":0,"event_name":"Purifier","floor":10,"gold_loss":0},{"damage_healed":0,"gold_gain":0,"player_choice":"Ignored","damage_taken":0,"max_hp_gain":0,"max_hp_loss":0,"event_name":"Vampires","floor":22,"gold_loss":0},{"damage_healed":0,"gold_gain":0,"player_choice":"Fight","damage_taken":0,"max_hp_gain":0,"max_hp_loss":0,"event_name":"Colosseum","floor":28,"gold_loss":0},{"damage_healed":0,"gold_gain":0,"player_choice":"Fled From Nobs","damage_taken":0,"max_hp_gain":0,"max_hp_loss":0,"event_name":"Colosseum","floor":28,"gold_loss":0},{"damage_healed":0,"gold_gain":0,"player_choice":"Got Potions","damage_taken":0,"max_hp_gain":0,"max_hp_loss":0,"event_name":"Lab","floor":29,"gold_loss":0}],"is_beta":false,"boss_relics":[{"not_picked":["Empty Cage","Sozu"],"picked":"Lizard Tail"}],"items_purged_floors":[],"is_endless":false,"potions_floor_spawned":[1,7,11,14,19,20,27,28],"killed_by":"Collector","ascension_level":0}