{"gold_per_floor":[112,132,142,161,219,219,235,253,253,271,271,290,290,290,290,410,440,453,26,26,42,63,63,104,32,56,81,100,119,157,181,181,181],"floor_reached":33,"playtime":2707,"items_purged":["Regret"],"score":308,"play_id":"b1d45560-457b-4156-a43c-08e3df2a7673","local_time":"20190204185645","is_ascension_mode":false,"campfire_choices":[{"floor":11.0,"key":"REST"},{"floor":13.0,"key":"REST"},{"data":"Noxious Fumes","floor":15.0,"key":"SMITH"},{"floor":23.0,"key":"REST"},{"floor":32.0,"key":"REST"}],"neow_cost":"PERCENT_DAMAGE","seed_source_timestamp":68951254787146,"circlet_count":0,"master_deck":["Defend_G","Defend_G","Defend_G","Defend_G","Defend_G","Strike_G","Strike_G","Strike_G","Strike_G","Strike_G","Survivor","Neutralize","Backflip","Cloak And Dagger","Terror","Underhanded Strike","Quick Slash","Crippling Poison","Dagger Spray","Noxious Fumes+1","Corpse Explosion","Prepared+1","After Image","Magnetism","Underhanded Strike","Blade Dance+1","Noxious Fumes","Blade Dance+1","Unload","Accuracy","Accuracy","Noxious Fumes","Tactician+1"],"special_seed":0,"relics":["Ring of the Snake","Unceasing Top","Darkstone Periapt","Golden Idol","Calling Bell","Tiny Chest","Meat on the Bone","Torii","Shuriken","Snake Skull","Regal Pillow","Question Card"],"potions_floor_usage":[],"damage_taken":[{"damage":0.0,"enemies":"Cultist","floor":1.0,"turns":3.0},{"damage":5.0,"enemies":"Jaw Worm","floor":2.0,"turns":6.0},{"damage":0.0,"enemies":"2 Louse","floor":3.0,"turns":3.0},{"damage":16.0,"enemies":"Large Slime","floor":4.0,"turns":10.0},{"damage":5.0,"enemies":"Exordium Thugs","floor":7.0,"turns":8.0},{"damage":7.0,"enemies":"Blue Slaver","floor":8.0,"turns":4.0},{"damage":2.0,"enemies":"Looter","floor":10.0,"turns":4.0},{"damage":0.0,"enemies":"Lots of Slimes","floor":12.0,"turns":1.0},{"damage":46.0,"enemies":"Slime Boss","floor":16.0,"turns":11.0},{"damage":31.0,"enemies":"Spheric Guardian","floor":18.0,"turns":6.0},{"damage":18.0,"enemies":"Shell Parasite","floor":21.0,"turns":6.0},{"damage":1.0,"enemies":"Cultist and Chosen","floor":22.0,"turns":5.0},{"damage":61.0,"enemies":"Slavers","floor":24.0,"turns":5.0},{"damage":30.0,"enemies":"Snake Plant","floor":28.0,"turns":4.0},{"damage":8.0,"enemies":"Shelled Parasite and Fungi","floor":29.0,"turns":7.0},{"damage":19.0,"enemies":"Gremlin Leader","floor":30.0,"turns":5.0},{"damage":15.0,"enemies":"Cultist and Chosen","floor":31.0,"turns":6.0},{"damage":62,"enemies":"Collector","floor":33,"turns":5}],"seed_played":"-6870970919583779617","potions_obtained":[{"floor":4.0,"key":"EssenceOfSteel"},{"floor":7.0,"key":"Explosive Potion"},{"floor":10.0,"key":"Swift Potion"},{"floor":12.0,"key":"Explosive Potion"},{"floor":16.0,"key":"Poison Potion"},{"floor":18.0,"key":"GhostInAJar"},{"floor":22.0,"key":"Poison Potion"},{"floor":24.0,"key":"Fire Potion"},{"floor":29.0,"key":"Strength Potion"},{"floor":30.0,"key":"Strength Potion"}],"is_trial":false,"path_per_floor":["M","M","M","M","?","?","M","M","T","M","R","M","R","?","R","B",null,"M","$","?","M","M","R","E","$","T","T","M","M","E","M","R","B"],"character_chosen":"THE_SILENT","items_purchased":["After Image","Magnetism","Underhanded Strike","Unload"],"campfire_rested":4,"item_purchase_floors":[19,19,19,25],"current_hp_per_floor":[63,58,58,42,42,35,30,23,23,21,46,46,71,71,71,25,96,65,65,65,59,58,86,37,37,37,37,19,23,16,13,56,0],"gold":181,"neow_bonus":"TWENTY_PERCENT_HP_BONUS","is_prod":false,"is_daily":false,"chose_seed":false,"campfire_upgraded":1,"win_rate":0.0,"timestamp":1549295805,"path_taken":["M","M","M","?","?","?","M","M","T","M","R","M","R","?","R","BOSS","M","$","?","M","M","R","E","?","T","?","M","M","E","M","R","BOSS"],"build_version":"2019-01-23","purchased_purges":1,"victory":false,"max_hp_per_floor":[84,84,84,84,84,84,84,84,84,84,84,84,84,78,78,78,96,96,96,96,96,96,96,96,96,96,96,96,96,96,96,96,96],"card_choices":[{"not_picked":["Dagger Spray","PiercingWail"],"picked":"Backflip","floor":1.0},{"not_picked":["Leg Sweep","Choke"],"picked":"Cloak And Dagger","floor":2.0},{"not_picked":["Dodge and Roll","Deflect"],"picked":"Terror","floor":3.0},{"not_picked":["Poisoned Stab","Sucker Punch"],"picked":"Underhanded Strike","floor":4.0},{"not_picked":["Flechettes","Choke"],"picked":"Quick Slash","floor":7.0},{"not_picked":["Well Laid Plans","Dagger Spray"],"picked":"Crippling Poison","floor":8.0},{"not_picked":["Well Laid Plans","Quick Slash"],"picked":"Dagger Spray","floor":10.0},{"not_picked":["Dagger Throw","Reflex"],"picked":"Noxious Fumes","floor":12.0},{"not_picked":["Storm of Steel","A Thousand Cuts"],"picked":"Corpse Explosion","floor":16.0},{"not_picked":["Escape Plan+1","Endless Agony"],"picked":"Prepared+1","floor":18.0},{"not_picked":["Outmaneuver","Sucker Punch"],"picked":"Blade Dance+1","floor":21.0},{"not_picked":["Endless Agony+1","PiercingWail"],"picked":"Noxious Fumes","floor":22.0},{"not_picked":["Bouncing Flask+1","Noxious Fumes"],"picked":"Blade Dance+1","floor":24.0},{"not_picked":["Poisoned Stab","Riddle With Holes"],"picked":"Accuracy","floor":28.0},{"not_picked":["Sucker Punch","Quick Slash"],"picked":"Accuracy","floor":29.0},{"not_picked":["Quick Slash","Masterful Stab"],"picked":"Noxious Fumes","floor":30.0},{"not_picked":["Outmaneuver","Quick Slash+1","Acrobatics"],"picked":"Tactician+1","floor":31.0}],"player_experience":183933,"relics_obtained":[{"floor":9.0,"key":"Darkstone Periapt"},{"floor":17.0,"key":"Tiny Chest"},{"floor":17.0,"key":"Meat on the Bone"},{"floor":17.0,"key":"Torii"},{"floor":24.0,"key":"Shuriken"},{"floor":26.0,"key":"Snake Skull"},{"floor":27.0,"key":"Regal Pillow"},{"floor":30.0,"key":"Question Card"}],"event_choices":[{"damage_healed":0.0,"max_hp_gain":0.0,"max_hp_loss":0.0,"gold_gain":58.0,"event_name":"Golden Wing","player_choice":"Gained Gold","floor":5.0,"gold_loss":0.0,"damage_taken":0.0},{"damage_healed":0.0,"max_hp_gain":0.0,"max_hp_loss":0.0,"gold_gain":0.0,"event_name":"Scrap Ooze","player_choice":"Success","floor":6.0,"gold_loss":0.0,"damage_taken":7.0,"relics_obtained":["Unceasing Top"]},{"damage_healed":0.0,"max_hp_gain":0.0,"max_hp_loss":6.0,"gold_gain":0.0,"event_name":"Golden Idol","player_choice":"Lose Max HP","floor":14.0,"gold_loss":0.0,"damage_taken":0.0,"relics_obtained":["Golden Idol"]},{"cards_removed":["Doubt","Doubt"],"damage_healed":0.0,"max_hp_gain":0.0,"max_hp_loss":0.0,"gold_gain":0.0,"event_name":"Fountain of Cleansing","player_choice":"Removed Curses","floor":20.0,"gold_loss":0.0,"damage_taken":0.0}],"is_beta":false,"boss_relics":[{"not_picked":["Coffee Dripper","Orrery"],"picked":"Calling Bell"}],"items_purged_floors":[19],"is_endless":false,"potions_floor_spawned":[4,7,10,12,16,18,22,24,29,30],"killed_by":"Collector","ascension_level":0}