{"gold_per_floor":[112,287,362,376,394,426,426,138,138,138,167,183,197,211,211,313,313,327,346,364,454,465,492,492,524,524,536,556,556],"floor_reached":29,"playtime":1918,"items_purged":["Doubt"],"score":279,"play_id":"6769f41f-e807-48a7-a044-5f1342c4b0a2","local_time":"20190201191851","is_ascension_mode":false,"campfire_choices":[{"floor":7.0,"key":"REST"},{"floor":15,"key":"REST"},{"floor":24,"key":"REST"}],"neow_cost":"NONE","seed_source_timestamp":0,"circlet_count":0,"master_deck":["Strike_B","Strike_B","Strike_B","Defend_B","Defend_B","Defend_B","Defend_B","Zap","Dualcast","Chill","Go for the Eyes","Hologram","Static Discharge+1","Cold Snap","Sweeping Beam","Auto Shields","Buffer+1","White Noise","Electrodynamics+1","Auto Shields","Coolheaded","Lockon","Storm+1","Leap+1","Redo+1","Reinforced Body+1","Undo","Ball Lightning","Defragment+1"],"special_seed":0,"relics":["Velvet Choker","Frozen Egg 2","Anchor","Smiling Mask","Orrery","Blue Candle","Pen Nib","Symbiotic Virus"],"potions_floor_usage":[23,23,25,28],"damage_taken":[{"damage":2.0,"enemies":"Small Slimes","floor":1.0,"turns":3.0},{"damage":0.0,"enemies":"Cultist","floor":4.0,"turns":4.0},{"damage":6.0,"enemies":"Jaw Worm","floor":5.0,"turns":4.0},{"damage":18.0,"enemies":"Lagavulin","floor":6.0,"turns":10.0},{"damage":17.0,"enemies":"3 Sentries","floor":11.0,"turns":8.0},{"damage":2.0,"enemies":"Exordium Thugs","floor":12.0,"turns":5.0},{"damage":5,"enemies":"Large Slime","floor":13,"turns":6},{"damage":0,"enemies":"Looter","floor":14,"turns":4},{"damage":19,"enemies":"Hexaghost","floor":16,"turns":12},{"damage":3,"enemies":"Shell Parasite","floor":18,"turns":7},{"damage":8,"enemies":"2 Thieves","floor":19,"turns":3},{"damage":16,"enemies":"3 Cultists","floor":20,"turns":4},{"damage":8,"enemies":"Snecko","floor":22,"turns":4},{"damage":10,"enemies":"Book of Stabbing","floor":23,"turns":7},{"damage":30,"enemies":"Gremlin Leader","floor":25,"turns":6},{"damage":0,"enemies":"Centurion and Healer","floor":27,"turns":5},{"damage":0,"enemies":"Sentry and Sphere","floor":28,"turns":5},{"damage":14,"enemies":"Snake Plant","floor":29,"turns":2}],"seed_played":"4575906482069278485","potions_obtained":[{"floor":1.0,"key":"Block Potion"},{"floor":12.0,"key":"FearPotion"},{"floor":14,"key":"PowerPotion"},{"floor":16,"key":"Energy Potion"},{"floor":23,"key":"GamblersBrew"},{"floor":27,"key":"PowerPotion"}],"is_trial":false,"path_per_floor":["M","?","?","M","M","E","R","$","T","?","E","M","M","M","R","B",null,"M","M","M","?","M","E","R","E","T","M","M","M"],"character_chosen":"DEFECT","items_purchased":["Static Discharge+1","Anchor"],"campfire_rested":3,"item_purchase_floors":[8,8],"current_hp_per_floor":[73,73,62,62,56,38,60,60,60,53,36,34,29,29,51,32,75,72,64,48,34,26,16,38,8,8,8,8,0],"gold":556,"neow_bonus":"BOSS_RELIC","is_prod":false,"is_daily":false,"chose_seed":false,"campfire_upgraded":0,"win_rate":0,"timestamp":1549070331,"path_taken":["M","?","?","M","M","E","R","$","T","?","E","M","M","M","R","BOSS","M","M","M","?","M","E","R","E","T","M","?","M"],"build_version":"2019-01-23","purchased_purges":1,"victory":false,"max_hp_per_floor":[75,75,75,75,75,75,75,75,75,75,75,75,75,75,75,75,75,75,75,75,75,75,75,75,75,75,75,75,75],"card_choices":[{"not_picked":["Compile Driver","Sweeping Beam"],"picked":"Chill","floor":1.0},{"not_picked":["Redo","Rebound"],"picked":"Go for the Eyes","floor":4.0},{"not_picked":["Heatsinks","Recycle"],"picked":"Hologram","floor":5.0},{"not_picked":["Genetic Algorithm","Biased Cognition","Beam Cell"],"picked":"SKIP","floor":6.0},{"not_picked":["Go for the Eyes","Gash","Beam Cell"],"picked":"SKIP","floor":11.0},{"not_picked":["Fusion","Lockon"],"picked":"Cold Snap","floor":12.0},{"not_picked":["Steam Power","Streamline"],"picked":"Sweeping Beam","floor":13},{"not_picked":["Hyperbeam","Streamline"],"picked":"Auto Shields","floor":14},{"not_picked":["All For One","Core Surge"],"picked":"Buffer+1","floor":16},{"not_picked":["Tempest","Beam Cell"],"picked":"White Noise","floor":17},{"not_picked":["Barrage","Tempest"],"picked":"Electrodynamics+1","floor":17},{"not_picked":["Barrage","Hologram"],"picked":"Auto Shields","floor":17},{"not_picked":["Turbo","Gash"],"picked":"Coolheaded","floor":17},{"not_picked":["Cold Snap","Hologram"],"picked":"Lockon","floor":17},{"not_picked":["Skim","Stack"],"picked":"Storm+1","floor":18},{"not_picked":["Cold Snap+1","Sweeping Beam"],"picked":"Leap+1","floor":19},{"not_picked":["Coolheaded+1","Stack"],"picked":"Redo+1","floor":20},{"not_picked":["Cold Snap","Compile Driver","Turbo"],"picked":"SKIP","floor":22},{"not_picked":["Scrape+1","Skim"],"picked":"Reinforced Body+1","floor":23},{"not_picked":["Hyperbeam","Blizzard"],"picked":"Undo","floor":25},{"not_picked":["Gash","Barrage"],"picked":"Ball Lightning","floor":27},{"not_picked":["Undo","Turbo"],"picked":"Defragment+1","floor":28}],"player_experience":359090,"relics_obtained":[{"floor":6.0,"key":"Frozen Egg 2"},{"floor":11.0,"key":"Smiling Mask"},{"floor":23,"key":"Blue Candle"},{"floor":25,"key":"Pen Nib"},{"floor":26,"key":"Symbiotic Virus"}],"event_choices":[{"damage_healed":0.0,"max_hp_gain":0.0,"max_hp_loss":0.0,"gold_gain":175.0,"event_name":"Liars Game","player_choice":"AGREE","floor":2.0,"gold_loss":0.0,"damage_taken":0.0,"cards_obtained":["Doubt"]},{"damage_healed":0.0,"max_hp_gain":0.0,"max_hp_loss":0.0,"gold_gain":75.0,"event_name":"World of Goop","player_choice":"Gather Gold","floor":3.0,"gold_loss":0.0,"damage_taken":11.0},{"cards_removed":["Strike_B"],"damage_healed":0.0,"max_hp_gain":0.0,"max_hp_loss":0.0,"gold_gain":0.0,"event_name":"Golden Wing","player_choice":"Card Removal","floor":10.0,"gold_loss":0.0,"damage_taken":7.0},{"damage_healed":0,"gold_gain":90,"player_choice":"GOLD ","damage_taken":14,"max_hp_gain":0,"max_hp_loss":0,"event_name":"Knowing Skull","floor":21,"potions_obtained":[],"gold_loss":0,"cards_obtained":[]}],"is_beta":false,"boss_relics":[{"not_picked":["Fusion Hammer","White Beast Statue"],"picked":"Orrery"}],"items_purged_floors":[8],"is_endless":false,"potions_floor_spawned":[1,12,14,16,22,23,27],"killed_by":"Snake Plant","ascension_level":0}