{"gold_per_floor":[110,110,11,27,27,57,57,10,10,10,40,73,73,89,89,185,185,201,101,111,111,111,111,121,121,121,133,168,181,181,193,193,295,295,307,307,307,307,182,211,211,222,275,125,125,125,143,163,163,163],"floor_reached":50,"playtime":1796,"items_purged":["Defend_R","Strike_R","Double Tap","Strike_R"],"score":521,"play_id":"d5064f37-ae03-4b67-b75f-6c52b0db92c1","local_time":"20190212082859","is_ascension_mode":false,"campfire_choices":[{"data":"Heavy Blade","floor":7.0,"key":"SMITH"},{"data":"Pommel Strike","floor":10.0,"key":"SMITH"},{"floor":15.0,"key":"REST"},{"floor":23.0,"key":"REST"},{"floor":30.0,"key":"REST"},{"floor":32.0,"key":"REST"},{"floor":41.0,"key":"REST"},{"data":"Flex","floor":45.0,"key":"SMITH"},{"data":"Flex","floor":49.0,"key":"SMITH"}],"neow_cost":"NONE","seed_source_timestamp":38954246148328,"circlet_count":0,"master_deck":["Strike_R+1","Strike_R","Strike_R+1","Bash","Heavy Blade+1","Flex+1","Pommel Strike+1","Clash","Shrug It Off+1","Cleave","Heavy Blade+1","Flex+1","Clash"],"special_seed":0,"relics":["Burning Blood","NeowsBlessing","Meat on the Bone","Oddly Smooth Stone","Omamori","Matryoshka","Happy Flower","Empty Cage","Ornamental Fan","WarpedTongs","Anchor","Prayer Wheel","Ginger","Busted Crown","Torii","Toxic Egg 2","PreservedInsect"],"potions_floor_usage":[50,50,50],"damage_taken":[{"damage":0.0,"enemies":"2 Louse","floor":1.0,"turns":1.0},{"damage":0.0,"enemies":"Jaw Worm","floor":4.0,"turns":1.0},{"damage":0.0,"enemies":"Lagavulin","floor":6.0,"turns":1.0},{"damage":39.0,"enemies":"3 Sentries","floor":12.0,"turns":8.0},{"damage":0.0,"enemies":"Small Slimes","floor":14.0,"turns":2.0},{"damage":57.0,"enemies":"The Guardian","floor":16.0,"turns":7.0},{"damage":10.0,"enemies":"Chosen","floor":18.0,"turns":3.0},{"damage":26.0,"enemies":"3 Byrds","floor":20.0,"turns":4.0},{"damage":15.0,"enemies":"Snecko","floor":24.0,"turns":4.0},{"damage":30.0,"enemies":"Cultist and Chosen","floor":27.0,"turns":6.0},{"damage":23.0,"enemies":"Gremlin Leader","floor":28.0,"turns":4.0},{"damage":12.0,"enemies":"3 Cultists","floor":29.0,"turns":4.0},{"damage":17.0,"enemies":"Centurion and Healer","floor":31.0,"turns":4.0},{"damage":73.0,"enemies":"Automaton","floor":33.0,"turns":8.0},{"damage":0.0,"enemies":"3 Darklings","floor":35.0,"turns":4.0},{"damage":35.0,"enemies":"Giant Head","floor":40.0,"turns":6.0},{"damage":15.0,"enemies":"Orb Walker","floor":42.0,"turns":3.0},{"damage":2.0,"enemies":"3 Darklings","floor":47.0,"turns":3.0},{"damage":1.0,"enemies":"Maw","floor":48.0,"turns":3.0},{"damage":79,"enemies":"Donu and Deca","floor":50,"turns":6}],"seed_played":"-1720621507518710791","potions_obtained":[{"floor":1.0,"key":"Dexterity Potion"},{"floor":12.0,"key":"Block Potion"},{"floor":28.0,"key":"Swift Potion"},{"floor":31.0,"key":"Explosive Potion"},{"floor":40.0,"key":"BloodPotion"},{"floor":48.0,"key":"SteroidPotion"}],"is_trial":false,"path_per_floor":["M","?","$","M","?","E","R","$","T","R","?","E","?","M","R","B",null,"M","$","M","?","$","R","M","?","T","M","E","M","R","M","R","B",null,"M","?","?","?","$","E","R","M","T","$","R","$","M","M","R","B"],"character_chosen":"IRONCLAD","items_purchased":["Heavy Blade","Pommel Strike"],"campfire_rested":5,"item_purchase_floors":[3,8],"current_hp_per_floor":[80,80,80,80,64,70,70,70,70,70,70,49,37,55,79,40,80,76,76,56,56,56,80,71,71,71,47,42,48,72,61,80,25,80,80,76,76,76,76,47,69,60,60,60,60,60,64,69,69,0],"gold":163,"neow_bonus":"THREE_ENEMY_KILL","is_prod":false,"is_daily":false,"chose_seed":false,"campfire_upgraded":4,"win_rate":0,"timestamp":1549949339,"path_taken":["M","?","$","M","?","E","R","$","T","R","?","E","?","M","R","BOSS","M","$","M","?","$","R","M","?","T","M","E","M","R","M","R","BOSS","M","?","?","?","$","E","R","M","T","$","R","?","M","M","R","BOSS"],"build_version":"2019-01-23","purchased_purges":4,"victory":false,"max_hp_per_floor":[80,80,80,80,80,80,80,80,80,80,80,80,80,80,80,80,80,80,80,80,80,80,80,80,80,80,80,80,80,80,80,80,80,80,80,76,76,76,76,76,76,76,76,76,76,76,76,76,76,76],"card_choices":[{"not_picked":["Havoc","Shrug It Off"],"picked":"Flex","floor":1.0},{"not_picked":["Sword Boomerang","Shrug It Off"],"picked":"Flex","floor":4.0},{"not_picked":["Reckless Charge","Barricade","Whirlwind"],"picked":"SKIP","floor":6.0},{"not_picked":["Iron Wave","Wild Strike","Dropkick"],"picked":"SKIP","floor":12.0},{"not_picked":["Corruption","Evolve"],"picked":"Clash","floor":14.0},{"not_picked":["Clothesline","Body Slam","Wild Strike"],"picked":"SKIP","floor":18.0},{"not_picked":["Perfected Strike","Sever Soul"],"picked":"Shrug It Off+1","floor":20.0},{"not_picked":["Flame Barrier","Thunderclap"],"picked":"Cleave","floor":24.0},{"not_picked":["True Grit","Pommel Strike"],"picked":"Heavy Blade+1","floor":27.0},{"not_picked":["Thunderclap","Rupture+1"],"picked":"Double Tap","floor":27.0},{"not_picked":["Burning Pact","Sword Boomerang","Reckless Charge"],"picked":"SKIP","floor":28.0},{"not_picked":["True Grit","Cleave"],"picked":"Flex","floor":29.0},{"not_picked":["Dual Wield","Perfected Strike+1","Thunderclap"],"picked":"SKIP","floor":29.0},{"not_picked":["Havoc","Sever Soul"],"picked":"Clash","floor":31.0},{"not_picked":["Inflame","Perfected Strike","Body Slam"],"picked":"SKIP","floor":31.0},{"not_picked":["Fire Breathing+1"],"picked":"SKIP","floor":35.0},{"not_picked":["Disarm+1"],"picked":"SKIP","floor":35.0},{"not_picked":["Anger"],"picked":"SKIP","floor":40.0},{"not_picked":["Wild Strike+1"],"picked":"SKIP","floor":42.0},{"not_picked":["True Grit"],"picked":"SKIP","floor":42.0},{"not_picked":["Rampage+1"],"picked":"SKIP","floor":47.0},{"not_picked":["Uppercut+1"],"picked":"SKIP","floor":47.0},{"not_picked":["Rampage"],"picked":"SKIP","floor":48.0},{"not_picked":["Body Slam"],"picked":"SKIP","floor":48.0}],"player_experience":329947,"relics_obtained":[{"floor":6.0,"key":"Meat on the Bone"},{"floor":9.0,"key":"Oddly Smooth Stone"},{"floor":12.0,"key":"Matryoshka"},{"floor":26.0,"key":"Anchor"},{"floor":26.0,"key":"Prayer Wheel"},{"floor":28.0,"key":"Ginger"},{"floor":40.0,"key":"Torii"},{"floor":43.0,"key":"Toxic Egg 2"},{"floor":43.0,"key":"PreservedInsect"}],"event_choices":[{"cards_removed":["Defend_R"],"damage_healed":0.0,"max_hp_gain":0.0,"max_hp_loss":0.0,"gold_gain":0.0,"event_name":"Living Wall","player_choice":"Forget","floor":2.0,"gold_loss":0.0,"damage_taken":0.0},{"damage_healed":0.0,"max_hp_gain":0.0,"max_hp_loss":0.0,"gold_gain":0.0,"event_name":"Shining Light","player_choice":"Entered Light","floor":5.0,"gold_loss":0.0,"damage_taken":16.0,"cards_upgraded":["Strike_R","Strike_R"]},{"damage_healed":0.0,"max_hp_gain":0.0,"max_hp_loss":0.0,"gold_gain":30.0,"event_name":"Dead Adventurer","player_choice":"Searched \u00272\u0027 times","floor":11.0,"gold_loss":0.0,"damage_taken":0.0,"relics_obtained":["Omamori"]},{"damage_healed":0.0,"max_hp_gain":0.0,"max_hp_loss":0.0,"gold_gain":0.0,"event_name":"Scrap Ooze","player_choice":"Success","floor":13.0,"gold_loss":0.0,"damage_taken":12.0,"relics_obtained":["Happy Flower"]},{"damage_healed":0.0,"max_hp_gain":0.0,"max_hp_loss":0.0,"gold_gain":0.0,"event_name":"The Mausoleum","player_choice":"Opened","floor":21.0,"gold_loss":0.0,"damage_taken":0.0,"relics_obtained":["Ornamental Fan"],"cards_obtained":["Writhe"]},{"damage_healed":0.0,"max_hp_gain":0.0,"max_hp_loss":0.0,"gold_gain":0.0,"event_name":"Accursed Blacksmith","player_choice":"Rummage","floor":25.0,"gold_loss":0.0,"damage_taken":0.0,"relics_obtained":["WarpedTongs"],"cards_obtained":["Pain"]},{"damage_healed":0.0,"max_hp_gain":0.0,"max_hp_loss":4.0,"gold_gain":0.0,"event_name":"Winding Halls","player_choice":"Max HP","floor":36.0,"gold_loss":0.0,"damage_taken":0.0},{"cards_removed":["Flex"],"damage_healed":0.0,"max_hp_gain":0.0,"max_hp_loss":0.0,"gold_gain":0.0,"event_name":"Falling","player_choice":"Removed Skill","floor":37.0,"gold_loss":0.0,"damage_taken":0.0},{"damage_healed":0.0,"max_hp_gain":0.0,"max_hp_loss":0.0,"gold_gain":0.0,"event_name":"Tomb of Lord Red Mask","player_choice":"Ignored","floor":38.0,"gold_loss":0.0,"damage_taken":0.0}],"is_beta":false,"boss_relics":[{"not_picked":["Pandora\u0027s Box","Black Star"],"picked":"Empty Cage"},{"not_picked":["Tiny House","Coffee Dripper"],"picked":"Busted Crown"}],"items_purged_floors":[3,19,39,44],"is_endless":false,"potions_floor_spawned":[1,12,28,31,40,48],"killed_by":"Donu and Deca","ascension_level":0}