{"gold_per_floor":[117,42,42,42,59,59,89,89,89,89,89,100,0,10,10,109,109,124,135,135,135,10,10,30,30,81,91,91,126,126,126,126,231,231,249,249,349,361,436,464,464,495,495,507,507,522,522,55,55,55,55,55,5,30,30],"floor_reached":56,"playtime":1871,"items_purged":["Defend_B","Dualcast","Strike_B"],"score":1507,"play_id":"406e367e-5c21-4818-a7cb-98b06d6519fa","local_time":"20190120215316","is_ascension_mode":true,"campfire_choices":[{"data":"Barrage","floor":6.0,"key":"SMITH"},{"data":"Steam","floor":8.0,"key":"SMITH"},{"data":"Static Discharge","floor":10.0,"key":"SMITH"},{"data":"Zap","floor":15.0,"key":"SMITH"},{"data":"Defragment","floor":23.0,"key":"SMITH"},{"data":"Thunder Strike","floor":25.0,"key":"SMITH"},{"data":"Deep Breath","floor":28.0,"key":"SMITH"},{"data":"Defend_B","floor":32.0,"key":"SMITH"},{"floor":41.0,"key":"RECALL"},{"data":"Stack","floor":49.0,"key":"SMITH"},{"data":"Conserve Battery","floor":52.0,"key":"SMITH"}],"neow_cost":"NONE","seed_source_timestamp":180228355588812,"circlet_count":0,"master_deck":["Strike_B","Defend_B","Defend_B","Defend_B+1","Zap+1","Steam+1","Static Discharge+1","Barrage+1","Machine Learning","Deep Breath+1","Zap+1","Glacier","Thunder Strike+1","Glacier+1","Gash+1","Defragment+1","Double Energy+1","FTL+1","Echo Form","Defragment+1","Double Energy+1","Storm+1","Defragment+1","Capacitor+1","Conserve Battery+1","Stack+1","Go for the Eyes+1"],"special_seed":0,"relics":["Cracked Core","Ancient Tea Set","Runic Pyramid","DataDisk","Molten Egg 2","Coffee Dripper","Unceasing Top","Anchor","Letter Opener","Frozen Egg 2","Mango","Bronze Scales"],"potions_floor_usage":[55,55],"damage_taken":[{"damage":0.0,"enemies":"Small Slimes","floor":1.0,"turns":2.0},{"damage":0.0,"enemies":"2 Louse","floor":5.0,"turns":2.0},{"damage":23.0,"enemies":"Lagavulin","floor":7.0,"turns":6.0},{"damage":0.0,"enemies":"Cultist","floor":12.0,"turns":3.0},{"damage":10.0,"enemies":"Large Slime","floor":14.0,"turns":4.0},{"damage":4.0,"enemies":"The Guardian","floor":16.0,"turns":10.0},{"damage":0.0,"enemies":"3 Byrds","floor":18.0,"turns":4.0},{"damage":0.0,"enemies":"Spheric Guardian","floor":19.0,"turns":3.0},{"damage":0.0,"enemies":"Snake Plant","floor":20.0,"turns":1.0},{"damage":2.0,"enemies":"Cultist and Chosen","floor":24.0,"turns":4.0},{"damage":0.0,"enemies":"Shelled Parasite and Fungi","floor":27.0,"turns":5.0},{"damage":0.0,"enemies":"Book of Stabbing","floor":29.0,"turns":6.0},{"damage":22.0,"enemies":"Collector","floor":33.0,"turns":9.0},{"damage":20.0,"enemies":"3 Shapes","floor":35.0,"turns":4.0},{"damage":0.0,"enemies":"Mind Bloom Boss Battle","floor":37.0,"turns":5.0},{"damage":0.0,"enemies":"Orb Walker","floor":38.0,"turns":2.0},{"damage":6.0,"enemies":"Nemesis","floor":40.0,"turns":5.0},{"damage":33.0,"enemies":"Reptomancer","floor":42.0,"turns":4.0},{"damage":0.0,"enemies":"3 Darklings","floor":44.0,"turns":2.0},{"damage":3.0,"enemies":"Nemesis","floor":45.0,"turns":2.0},{"damage":0.0,"enemies":"Jaw Worm Horde","floor":46.0,"turns":2.0},{"damage":12.0,"enemies":"Awakened One","floor":50.0,"turns":8.0},{"damage":17.0,"enemies":"Shield and Spear","floor":54.0,"turns":2.0},{"damage":68,"enemies":"The Heart","floor":55,"turns":7}],"seed_played":"4554622172905411112","potions_obtained":[{"floor":1.0,"key":"AttackPotion"},{"floor":7.0,"key":"EssenceOfSteel"},{"floor":18.0,"key":"Swift Potion"},{"floor":19.0,"key":"SmokeBomb"},{"floor":35.0,"key":"Ancient Potion"},{"floor":40.0,"key":"Swift Potion"},{"floor":42.0,"key":"SmokeBomb"},{"floor":44.0,"key":"Dexterity Potion"},{"floor":54.0,"key":"FocusPotion"}],"is_trial":false,"path_per_floor":["M","$","?","?","M","R","E","R","T","R","?","M","$","M","R","B",null,"M","M","M","?","$","R","M","R","T","M","R","E","?","?","R","B",null,"M","?","?","M","?","E","R","E","T","M","E","M","?","$","R","B",null,"R","$","E","B",null],"character_chosen":"DEFECT","items_purchased":["Mango","Block Potion","Conserve Battery","Stack","SkillPotion","Go for the Eyes+1"],"campfire_rested":0,"item_purchase_floors":[48,48,48,48,48,53],"current_hp_per_floor":[75,75,75,75,75,75,52,52,52,52,52,52,52,42,42,38,75,75,75,75,75,75,75,73,73,73,73,73,73,73,73,73,51,75,55,55,55,55,48,42,42,9,9,9,6,6,6,20,20,8,89,89,89,72,4],"gold":30,"neow_bonus":"UPGRADE_CARD","is_prod":false,"is_daily":false,"chose_seed":false,"campfire_upgraded":10,"win_rate":0,"timestamp":1548031996,"path_taken":["M","$","?","?","M","R","E","R","T","R","?","M","$","M","R","BOSS","M","?","M","?","$","R","M","R","T","M","R","E","?","?","R","BOSS","M","?","?","M","?","E","R","E","T","M","E","?","?","?","R","BOSS","R","$","E","BOSS"],"build_version":"2018-11-15","purchased_purges":3,"victory":true,"max_hp_per_floor":[75,75,75,75,75,75,75,75,75,75,75,75,75,75,75,75,75,75,75,75,75,75,75,75,75,75,75,75,75,75,75,75,75,75,75,75,75,75,75,75,75,75,75,75,75,75,75,89,89,89,89,89,89,89,89],"card_choices":[{"not_picked":["Streamline","Go for the Eyes"],"picked":"Steam","floor":1.0},{"not_picked":["Go for the Eyes","Turbo"],"picked":"Barrage","floor":5.0},{"not_picked":["Barrage","Conserve Battery"],"picked":"Machine Learning","floor":7.0},{"not_picked":["Sweeping Beam","Stack"],"picked":"Glacier","floor":12.0},{"not_picked":["Reprogram","Heatsinks","Redo"],"picked":"SKIP","floor":14.0},{"not_picked":["Fission","Reboot"],"picked":"Thunder Strike","floor":16.0},{"not_picked":["Scrape","Rip and Tear"],"picked":"Glacier+1","floor":18.0},{"not_picked":["Steam Power","Coolheaded"],"picked":"Gash+1","floor":19.0},{"not_picked":["Reinforced Body","Static Discharge","Self Repair"],"picked":"SKIP","floor":24.0},{"not_picked":["Hologram","Go for the Eyes"],"picked":"Double Energy+1","floor":27.0},{"not_picked":["Beam Cell","Go for the Eyes+1"],"picked":"FTL","floor":29.0},{"not_picked":["Reboot","Thunder Strike+1"],"picked":"Echo Form","floor":33.0},{"not_picked":["Hello World","Leap+1"],"picked":"Defragment+1","floor":35.0},{"not_picked":["Static Discharge+1","Glacier"],"picked":"Double Energy+1","floor":37.0},{"not_picked":["Beam Cell+1","Streamline+1"],"picked":"Storm+1","floor":38.0},{"not_picked":["Self Repair","Beam Cell+1"],"picked":"Defragment+1","floor":40.0},{"not_picked":["Skim","Undo","Steam"],"picked":"SKIP","floor":42.0},{"not_picked":["Rebound+1","Stack"],"picked":"Capacitor+1","floor":44.0},{"not_picked":["Rebound+1","Loop+1","FTL+1"],"picked":"SKIP","floor":46.0},{"not_picked":["Barrage+1","Sweeping Beam+1","Ball Lightning+1"],"picked":"SKIP","floor":54.0}],"player_experience":30622,"relics_obtained":[{"floor":7.0,"key":"Ancient Tea Set"},{"floor":26.0,"key":"DataDisk"},{"floor":29.0,"key":"Molten Egg 2"},{"floor":37.0,"key":"Unceasing Top"},{"floor":40.0,"key":"Anchor"},{"floor":42.0,"key":"Letter Opener"},{"floor":43.0,"key":"Frozen Egg 2"},{"floor":54.0,"key":"Bronze Scales"}],"event_choices":[{"damage_healed":0.0,"max_hp_gain":0.0,"max_hp_loss":0.0,"gold_gain":0.0,"cards_transformed":["Strike_B"],"event_name":"Living Wall","player_choice":"Change","floor":3.0,"gold_loss":0.0,"damage_taken":0.0,"cards_obtained":["Static Discharge"]},{"damage_healed":0.0,"max_hp_gain":0.0,"max_hp_loss":0.0,"gold_gain":0.0,"event_name":"The Cleric","player_choice":"Leave","floor":4.0,"gold_loss":0.0,"damage_taken":0.0},{"damage_healed":0.0,"max_hp_gain":0.0,"max_hp_loss":0.0,"gold_gain":0.0,"event_name":"Match and Keep!","player_choice":"2 cards matched","floor":11.0,"gold_loss":0.0,"damage_taken":0.0,"cards_obtained":["Deep Breath","Zap"]},{"damage_healed":0.0,"max_hp_gain":0.0,"max_hp_loss":0.0,"gold_gain":0.0,"event_name":"The Library","player_choice":"Read","floor":21.0,"gold_loss":0.0,"damage_taken":0.0,"cards_obtained":["Defragment"]},{"damage_healed":0.0,"max_hp_gain":0.0,"max_hp_loss":0.0,"gold_gain":0.0,"event_name":"Vampires","player_choice":"Ignored","floor":30.0,"gold_loss":0.0,"damage_taken":0.0},{"cards_removed":["Strike_B"],"damage_healed":0.0,"max_hp_gain":0.0,"max_hp_loss":0.0,"gold_gain":0.0,"event_name":"Back to Basics","player_choice":"Elegance","floor":31.0,"gold_loss":0.0,"damage_taken":0.0},{"damage_healed":0.0,"max_hp_gain":0.0,"max_hp_loss":0.0,"gold_gain":0.0,"event_name":"Tomb of Lord Red Mask","player_choice":"Ignored","floor":36.0,"gold_loss":0.0,"damage_taken":0.0},{"damage_healed":0.0,"max_hp_gain":0.0,"max_hp_loss":0.0,"gold_gain":0.0,"event_name":"MindBloom","player_choice":"Fight","floor":37.0,"gold_loss":0.0,"damage_taken":0.0},{"damage_healed":0.0,"max_hp_gain":0.0,"max_hp_loss":0.0,"gold_gain":75.0,"event_name":"FaceTrader","player_choice":"Touch","floor":39.0,"gold_loss":0.0,"damage_taken":7.0},{"damage_healed":0.0,"max_hp_gain":0.0,"max_hp_loss":0.0,"gold_gain":0.0,"event_name":"SensoryStone","player_choice":"Memory 1","floor":47.0,"gold_loss":0.0,"damage_taken":0.0}],"is_beta":false,"boss_relics":[{"not_picked":["Eternal Feather","Lizard Tail"],"picked":"Runic Pyramid"},{"not_picked":["Calling Bell","FrozenCore"],"picked":"Coffee Dripper"}],"items_purged_floors":[2,13,22],"is_endless":false,"potions_floor_spawned":[1,7,18,19,35,40,42,44,54],"ascension_level":4}