{"gold_per_floor":[113,125,125,148,171,171,209,265,265,285,315,315,1,1,1,1],"floor_reached":16,"playtime":1092,"items_purged":[],"score":170,"play_id":"c55826e5-8f31-48fc-bec6-b63565de9d11","local_time":"20190215211555","is_ascension_mode":true,"campfire_choices":[{"data":"Neutralize","floor":6,"key":"SMITH"},{"floor":12,"key":"REST"},{"floor":15,"key":"REST"}],"neow_cost":"NONE","seed_source_timestamp":357170513009400,"circlet_count":0,"master_deck":["AscendersBane","Defend_G","Defend_G","Defend_G","Defend_G","Defend_G","Strike_G","Strike_G","Strike_G","Strike_G","Strike_G","Survivor","Neutralize+1","Slice","Injury","Finisher","Flying Knee","Blur","Footwork+1"],"relics":["Ring of the Snake","NeowsBlessing","Golden Idol","Juzu Bracelet","Tiny Chest","Tough Bandages","Odd Mushroom","Toxic Egg 2"],"potions_floor_usage":[7,7,16],"damage_taken":[{"damage":0,"enemies":"Small Slimes","floor":1,"turns":1},{"damage":0,"enemies":"Jaw Worm","floor":2,"turns":1},{"damage":0,"enemies":"2 Louse","floor":4,"turns":1},{"damage":4,"enemies":"2 Fungi Beasts","floor":5,"turns":4},{"damage":17,"enemies":"3 Sentries","floor":7,"turns":8},{"damage":16,"enemies":"Lots of Slimes","floor":10,"turns":6},{"damage":15,"enemies":"The Mushroom Lair","floor":11,"turns":4},{"damage":46,"enemies":"Hexaghost","floor":16,"turns":15}],"seed_played":"476975603080080748","potions_obtained":[{"floor":1,"key":"Block Potion"},{"floor":2,"key":"SneckoOil"},{"floor":5,"key":"Strength Potion"},{"floor":11,"key":"FearPotion"}],"is_trial":false,"path_per_floor":["M","M","?","M","M","R","E","T","T","M","?","R","$","?","R","B"],"character_chosen":"THE_SILENT","items_purchased":["Toxic Egg 2","Footwork"],"campfire_rested":2,"item_purchase_floors":[13,13],"current_hp_per_floor":[59,59,59,59,55,55,38,38,38,22,7,26,26,26,45,0],"gold":1,"neow_bonus":"THREE_ENEMY_KILL","is_prod":false,"is_daily":false,"chose_seed":false,"campfire_upgraded":1,"win_rate":0,"timestamp":1550290555,"path_taken":["M","M","?","M","M","R","E","?","T","M","?","R","$","?","R","BOSS"],"build_version":"2019-01-23","purchased_purges":0,"victory":false,"max_hp_per_floor":[66,66,66,66,66,66,66,66,66,66,66,66,66,66,66,66],"card_choices":[{"not_picked":["Escape Plan","Prepared"],"picked":"Slice","floor":1},{"not_picked":["Prepared","Underhanded Strike","Bane"],"picked":"SKIP","floor":2},{"not_picked":["Outmaneuver","Acrobatics"],"picked":"Finisher","floor":4},{"not_picked":["Acrobatics","Sucker Punch"],"picked":"Flying Knee","floor":5},{"not_picked":["Prepared","Slice","Bane"],"picked":"SKIP","floor":7},{"not_picked":["Backflip","Sucker Punch"],"picked":"Blur","floor":10}],"player_experience":919454,"relics_obtained":[{"floor":7,"key":"Juzu Bracelet"},{"floor":8,"key":"Tiny Chest"},{"floor":9,"key":"Tough Bandages"},{"floor":11,"key":"Odd Mushroom"}],"event_choices":[{"damage_healed":0,"gold_gain":0,"player_choice":"Take Wound","damage_taken":0,"relics_obtained":["Golden Idol"],"max_hp_gain":0,"max_hp_loss":0,"event_name":"Golden Idol","floor":3,"gold_loss":0,"cards_obtained":["Injury"]},{"damage_healed":0,"gold_gain":0,"player_choice":"Fought Mushrooms","damage_taken":0,"max_hp_gain":0,"max_hp_loss":0,"event_name":"Mushrooms","floor":11,"gold_loss":0},{"damage_healed":0,"gold_gain":0,"player_choice":"Upgraded","damage_taken":0,"max_hp_gain":0,"max_hp_loss":0,"event_name":"Upgrade Shrine","floor":14,"gold_loss":0,"cards_upgraded":["Footwork"]}],"is_beta":false,"boss_relics":[],"items_purged_floors":[],"is_endless":false,"potions_floor_spawned":[1,2,5,11],"killed_by":"Hexaghost","ascension_level":14}