{"gold_per_floor":[112,122,142,142,30,30,30,62,62,62,62,75,25,35,35,130,130,148,148,158,177,203,203,203],"floor_reached":24,"playtime":2421,"items_purged":["Regret"],"score":231,"play_id":"c2f30fda-7662-4af5-a797-9d9a184f312b","local_time":"20181217153014","is_ascension_mode":true,"campfire_choices":[{"data":"Calculated Gamble","floor":6.0,"key":"SMITH"},{"data":"Tactician","floor":10.0,"key":"SMITH"},{"floor":15.0,"key":"REST"},{"data":"Envenom","floor":23,"key":"SMITH"}],"neow_cost":"NONE","seed_source_timestamp":0,"circlet_count":0,"master_deck":["Defend_G","Defend_G","Defend_G","Defend_G","Defend_G","Strike_G","Strike_G","Strike_G","Strike_G","Strike_G","Survivor","Neutralize","Deadly Poison","All Out Attack","Tactician+1","Calculated Gamble+1","Accuracy","Eviscerate+1","Envenom+1","Well Laid Plans","Glass Knife+1","Ghostly","Ghostly","Ghostly","Ghostly","Ghostly","Eviscerate+1","Prepared"],"special_seed":0,"relics":["Ring of the Snake","Smiling Mask","Molten Egg 2","Bottled Lightning","Ornamental Fan","Snake Skull","Black Star","Red Mask"],"potions_floor_usage":[22,24],"damage_taken":[{"damage":6.0,"enemies":"Jaw Worm","floor":1.0,"turns":5.0},{"damage":0.0,"enemies":"Small Slimes","floor":2.0,"turns":3.0},{"damage":2.0,"enemies":"2 Louse","floor":3.0,"turns":2.0},{"damage":19.0,"enemies":"3 Sentries","floor":8.0,"turns":8.0},{"damage":0.0,"enemies":"Blue Slaver","floor":12.0,"turns":3.0},{"damage":10.0,"enemies":"Gremlin Gang","floor":14.0,"turns":4.0},{"damage":11.0,"enemies":"Hexaghost","floor":16.0,"turns":7.0},{"damage":28,"enemies":"Spheric Guardian","floor":18,"turns":6},{"damage":3,"enemies":"Chosen","floor":20,"turns":6},{"damage":11,"enemies":"Centurion and Healer","floor":21,"turns":7},{"damage":1,"enemies":"Masked Bandits","floor":22,"turns":5},{"damage":7,"enemies":"Colosseum Slavers","floor":24,"turns":6},{"damage":13,"enemies":"Colosseum Nobs","floor":24,"turns":6}],"seed_played":"7468839703105298489","potions_obtained":[{"floor":1.0,"key":"GhostInAJar"},{"floor":8.0,"key":"GamblersBrew"},{"floor":16.0,"key":"Weak Potion"},{"floor":21,"key":"Dexterity Potion"}],"is_trial":false,"path_per_floor":["M","M","M","?","$","R","$","E","T","R","?","M","$","M","R","B",null,"M","?","M","M","?","R","?"],"character_chosen":"THE_SILENT","items_purchased":["Calculated Gamble","Accuracy"],"campfire_rested":1,"item_purchase_floors":[5,5],"current_hp_per_floor":[64,64,62,59,59,59,59,40,40,40,40,40,40,30,51,40,70,42,35,32,21,20,20,0],"gold":203,"neow_bonus":"RANDOM_COMMON_RELIC","is_prod":false,"is_daily":false,"chose_seed":false,"campfire_upgraded":3,"win_rate":0,"timestamp":1545082214,"path_taken":["M","M","M","?","$","R","$","E","T","R","?","M","$","M","R","BOSS","M","?","M","M","?","R","?"],"build_version":"2018-12-13","purchased_purges":1,"victory":false,"max_hp_per_floor":[70,70,70,70,70,70,70,70,70,70,70,70,70,70,70,70,70,70,35,35,35,35,35,35],"card_choices":[{"not_picked":["Backflip","Cloak And Dagger"],"picked":"Deadly Poison","floor":1.0},{"not_picked":["Dagger Throw","PiercingWail"],"picked":"All Out Attack","floor":2.0},{"not_picked":["Dagger Throw","Outmaneuver"],"picked":"Tactician","floor":3.0},{"not_picked":["Deflect","Sucker Punch+1"],"picked":"Eviscerate+1","floor":8.0},{"not_picked":["Setup","Backstab+1"],"picked":"Envenom","floor":12.0},{"not_picked":["Dagger Throw+1","Reflex"],"picked":"Well Laid Plans","floor":14.0},{"not_picked":["Doppelganger","Tools of the Trade"],"picked":"Glass Knife+1","floor":16.0},{"not_picked":["Dagger Spray+1","Sucker Punch+1","Skewer+1"],"picked":"SKIP","floor":18},{"not_picked":["Distraction","Blur","Quick Slash+1"],"picked":"SKIP","floor":20},{"not_picked":["Tactician+1","Riddle With Holes+1"],"picked":"Eviscerate+1","floor":21},{"not_picked":["Poisoned Stab+1","Dodge and Roll+1"],"picked":"Prepared","floor":22}],"player_experience":454930,"relics_obtained":[{"floor":8.0,"key":"Bottled Lightning"},{"floor":9.0,"key":"Ornamental Fan"},{"floor":22,"key":"Red Mask"}],"event_choices":[{"damage_healed":0.0,"max_hp_gain":0.0,"max_hp_loss":0.0,"gold_gain":0.0,"event_name":"Scrap Ooze","player_choice":"Success","floor":4.0,"gold_loss":0.0,"damage_taken":3.0,"relics_obtained":["Molten Egg 2"]},{"damage_healed":0.0,"max_hp_gain":0.0,"max_hp_loss":0.0,"gold_gain":0.0,"event_name":"Big Fish","player_choice":"Box","floor":11.0,"gold_loss":0.0,"damage_taken":0.0,"relics_obtained":["Snake Skull"],"cards_obtained":["Regret"]},{"damage_healed":0,"gold_gain":0,"player_choice":"Became a Ghost","damage_taken":0,"max_hp_gain":0,"max_hp_loss":35,"event_name":"Ghosts","floor":19,"gold_loss":0,"cards_obtained":["Ghostly","Ghostly","Ghostly","Ghostly","Ghostly"]},{"damage_healed":0,"gold_gain":0,"player_choice":"Fought Bandits","damage_taken":0,"max_hp_gain":0,"max_hp_loss":0,"event_name":"Masked Bandits","floor":22,"gold_loss":0},{"damage_healed":0,"gold_gain":0,"player_choice":"Fight","damage_taken":0,"max_hp_gain":0,"max_hp_loss":0,"event_name":"Colosseum","floor":24,"gold_loss":0},{"damage_healed":0,"gold_gain":0,"player_choice":"Fought Nobs","damage_taken":0,"max_hp_gain":0,"max_hp_loss":0,"event_name":"Colosseum","floor":24,"gold_loss":0}],"is_beta":false,"boss_relics":[{"not_picked":["Snecko Eye","Cursed Key"],"picked":"Black Star"}],"items_purged_floors":[13],"is_endless":false,"potions_floor_spawned":[1,8,16,21],"killed_by":"Colosseum Nobs","ascension_level":1}