{"gold_per_floor":[114,129,78,93,16,16,31,46,46,61,76,76,1,16,16,116,116,131,131,160,110,30,30,30,30,55,55,67,94,121,133],"floor_reached":31,"playtime":853,"items_purged":["Defend_G"],"score":252,"play_id":"7a1a35d4-5fba-40b3-8fd7-76ce9c973406","local_time":"20190211180141","daily_mods":["Specialized","Vintage","Terminal"],"is_ascension_mode":false,"campfire_choices":[{"data":"Blade Dance","floor":6,"key":"SMITH"},{"floor":15,"key":"DIG"},{"floor":23,"key":"DIG"},{"floor":25,"key":"REST"}],"neow_cost":"","seed_source_timestamp":0,"circlet_count":0,"master_deck":["Defend_G","Defend_G","Defend_G","Defend_G","Strike_G","Strike_G","Strike_G","Strike_G","Strike_G","Survivor","Neutralize","Crippling Poison","Crippling Poison","Crippling Poison","Crippling Poison","Crippling Poison","Blade Dance+1","Caltrops","Envenom","All Out Attack","Catalyst","Necronomicurse"],"special_seed":17938,"relics":["Ring of the Snake","Tingsha","Mummified Hand","Shuriken","Torii","WingedGreaves","Meat on the Bone","Shovel","Snake Skull","Question Card","Ginger","Runic Pyramid","Smiling Mask","Red Mask","Juzu Bracelet","Necronomicon","Bag of Preparation","MawBank","Letter Opener","Orichalcum"],"potions_floor_usage":[],"damage_taken":[{"damage":1.0,"enemies":"Cultist","floor":1.0,"turns":4.0},{"damage":7.0,"enemies":"Jaw Worm","floor":2.0,"turns":4.0},{"damage":0.0,"enemies":"2 Louse","floor":4.0,"turns":2.0},{"damage":2,"enemies":"Large Slime","floor":7,"turns":5},{"damage":2,"enemies":"Gremlin Gang","floor":8,"turns":3},{"damage":1,"enemies":"2 Fungi Beasts","floor":10,"turns":3},{"damage":1,"enemies":"Blue Slaver","floor":11,"turns":3},{"damage":1,"enemies":"Looter","floor":14,"turns":3},{"damage":27,"enemies":"The Guardian","floor":16,"turns":10},{"damage":0,"enemies":"3 Byrds","floor":18,"turns":3},{"damage":19,"enemies":"Masked Bandits","floor":20,"turns":4},{"damage":16,"enemies":"2 Thieves","floor":29,"turns":4},{"damage":17,"enemies":"Centurion and Healer","floor":30,"turns":6},{"damage":0,"enemies":"3 Cultists","floor":31,"turns":1}],"seed_played":"6339212738474030288","potions_obtained":[{"floor":8,"key":"SkillPotion"},{"floor":10,"key":"Weak Potion"},{"floor":11,"key":"Energy Potion"},{"floor":14,"key":"Fire Potion"}],"is_trial":false,"path_per_floor":["M","M","$","M","$","R","M","M","T","M","M","?","$","M","R","B",null,"M","?","?","?","$","R","?","R","T","?","?","M","M","M"],"character_chosen":"THE_SILENT","items_purchased":["Blade Dance","Caltrops","Catalyst"],"campfire_rested":1,"item_purchase_floors":[3,5,22],"current_hp_per_floor":[68,61,61,61,61,61,59,57,57,56,55,55,55,54,54,39,52,51,50,31,31,31,31,15,28,28,28,28,24,19,19],"gold":133,"neow_bonus":"","is_prod":false,"is_daily":true,"chose_seed":false,"campfire_upgraded":1,"win_rate":0,"timestamp":1549897301,"path_taken":["M","M","?","M","$","R","M","M","T","M","M","?","$","?","R","BOSS","M","?","?","?","$","R","?","R","T","?","?","M","M","M"],"build_version":"2019-01-23","purchased_purges":1,"victory":false,"max_hp_per_floor":[68,67,66,65,64,63,62,61,60,59,58,57,56,55,54,53,52,51,50,49,48,47,46,45,44,43,42,41,40,39,39],"card_choices":[{"not_picked":["Malaise","Die Die Die","Phantasmal Killer"],"picked":"Envenom","floor":16},{"not_picked":["Slice+1","Dodge and Roll","Leg Sweep+1"],"picked":"All Out Attack","floor":20}],"player_experience":318799,"relics_obtained":[{"floor":1.0,"key":"Tingsha"},{"floor":2.0,"key":"Mummified Hand"},{"floor":4.0,"key":"Shuriken"},{"floor":7,"key":"Torii"},{"floor":8,"key":"WingedGreaves"},{"floor":9,"key":"Meat on the Bone"},{"floor":10,"key":"Shovel"},{"floor":11,"key":"Snake Skull"},{"floor":14,"key":"Question Card"},{"floor":15,"key":"Ginger"},{"floor":18,"key":"Smiling Mask"},{"floor":20,"key":"Red Mask"},{"floor":23,"key":"Juzu Bracelet"},{"floor":24,"key":"Necronomicon"},{"floor":26,"key":"Bag of Preparation"},{"floor":29,"key":"Letter Opener"},{"floor":30,"key":"Orichalcum"}],"event_choices":[{"damage_healed":0,"gold_gain":0,"player_choice":"Bought 0 Potions","damage_taken":0,"max_hp_gain":0,"max_hp_loss":0,"event_name":"The Woman in Blue","floor":12,"gold_loss":0},{"damage_healed":0,"gold_gain":0,"player_choice":"Ignored","damage_taken":0,"max_hp_gain":0,"max_hp_loss":0,"event_name":"Ghosts","floor":19,"gold_loss":0},{"damage_healed":0,"gold_gain":0,"player_choice":"Fought Bandits","damage_taken":0,"max_hp_gain":0,"max_hp_loss":0,"event_name":"Masked Bandits","floor":20,"gold_loss":0},{"damage_healed":0,"gold_gain":0,"player_choice":"Bet on Murderer","damage_taken":0,"max_hp_gain":0,"max_hp_loss":0,"event_name":"The Joust","floor":21,"gold_loss":50},{"damage_healed":0,"gold_gain":0,"player_choice":"Obtained Book","damage_taken":16,"max_hp_gain":0,"max_hp_loss":0,"event_name":"Cursed Tome","floor":24,"gold_loss":0},{"damage_healed":0,"gold_gain":0,"player_choice":"Opened","damage_taken":0,"relics_obtained":["MawBank"],"max_hp_gain":0,"max_hp_loss":0,"event_name":"The Mausoleum","floor":27,"gold_loss":0},{"damage_healed":0,"gold_gain":0,"player_choice":"Ignored","damage_taken":0,"max_hp_gain":0,"max_hp_loss":0,"event_name":"Vampires","floor":28,"gold_loss":0}],"is_beta":false,"boss_relics":[{"not_picked":["Runic Dome","White Beast Statue"],"picked":"Runic Pyramid"}],"items_purged_floors":[13],"is_endless":false,"potions_floor_spawned":[8,10,11,14,16,18,20],"killed_by":"3 Cultists","ascension_level":0}