{"gold_per_floor":[117,117,117,42,42,42,55,55,55,72,106,117,133,152,152,152],"floor_reached":16,"playtime":504,"items_purged":["Defend_G"],"score":266,"play_id":"01c40371-509f-46c5-a3a7-107cfcedc70c","local_time":"20190214205848","is_ascension_mode":true,"campfire_choices":[{"data":"Blade Dance","floor":6.0,"key":"SMITH"},{"data":"Finisher","floor":8.0,"key":"SMITH"},{"data":"Neutralize","floor":15,"key":"SMITH"}],"neow_cost":"NONE","seed_source_timestamp":3183459686740,"circlet_count":0,"master_deck":["AscendersBane","Defend_G","Defend_G","Defend_G","Defend_G","Strike_G","Strike_G","Strike_G","Survivor","Neutralize+1","Blade Dance+1","Finisher+1","Cloak And Dagger","Blade Dance","Cloak And Dagger","Finisher"],"special_seed":0,"relics":["White Beast Statue","Pen Nib","Art of War","Anchor"],"potions_floor_usage":[11,11,12,13,16,16],"damage_taken":[{"damage":1.0,"enemies":"Jaw Worm","floor":1.0,"turns":7.0},{"damage":0.0,"enemies":"Small Slimes","floor":7.0,"turns":3.0},{"damage":3,"enemies":"2 Louse","floor":10,"turns":2},{"damage":18,"enemies":"Gremlin Nob","floor":11,"turns":3},{"damage":15,"enemies":"Exordium Thugs","floor":12,"turns":4},{"damage":0,"enemies":"Gremlin Gang","floor":13,"turns":3},{"damage":0,"enemies":"Blue Slaver","floor":14,"turns":2}],"seed_played":"3831769789119716681","potions_obtained":[{"floor":1.0,"key":"Poison Potion"},{"floor":7.0,"key":"Swift Potion"},{"floor":10,"key":"PowerPotion"},{"floor":11,"key":"Regen Potion"},{"floor":12,"key":"SkillPotion"},{"floor":13,"key":"Block Potion"},{"floor":14,"key":"Ancient Potion"}],"is_trial":false,"path_per_floor":["M","?","?","$","?","R","M","R","T","M","E","M","M","M","R","B"],"character_chosen":"THE_SILENT","items_purchased":[],"campfire_rested":0,"item_purchase_floors":[],"current_hp_per_floor":[58,51,46,46,46,46,46,46,46,43,25,22,22,22,22,0],"gold":152,"neow_bonus":"BOSS_RELIC","is_prod":false,"is_daily":false,"chose_seed":false,"campfire_upgraded":3,"win_rate":0,"timestamp":1550188728,"path_taken":["M","?","?","$","?","R","M","R","T","M","E","?","?","M","R","BOSS"],"build_version":"2018-11-15","purchased_purges":1,"victory":false,"max_hp_per_floor":[66,66,66,66,66,66,66,66,66,66,66,66,66,66,66,66],"card_choices":[{"not_picked":["Prepared","Endless Agony"],"picked":"Blade Dance","floor":1.0},{"not_picked":["Endless Agony","Dagger Spray"],"picked":"Finisher","floor":7.0},{"not_picked":["All Out Attack","Poisoned Stab"],"picked":"Cloak And Dagger","floor":10},{"not_picked":["Finisher","Poisoned Stab"],"picked":"Blade Dance","floor":11},{"not_picked":["Outmaneuver","Dagger Throw"],"picked":"Cloak And Dagger","floor":12},{"not_picked":["Slice","Deflect"],"picked":"Finisher","floor":13},{"not_picked":["Riddle With Holes","Endless Agony","Tactician"],"picked":"SKIP","floor":14}],"player_experience":135399,"relics_obtained":[{"floor":9.0,"key":"Art of War"},{"floor":11,"key":"Anchor"}],"event_choices":[{"cards_removed":["Strike_G"],"damage_healed":0.0,"max_hp_gain":0.0,"max_hp_loss":0.0,"gold_gain":0.0,"event_name":"Golden Wing","player_choice":"Card Removal","floor":2.0,"gold_loss":0.0,"damage_taken":7.0},{"damage_healed":0.0,"max_hp_gain":0.0,"max_hp_loss":0.0,"gold_gain":0.0,"event_name":"Scrap Ooze","player_choice":"Success","floor":3.0,"gold_loss":0.0,"damage_taken":5.0,"relics_obtained":["Pen Nib"]},{"cards_removed":["Strike_G"],"damage_healed":0.0,"max_hp_gain":0.0,"max_hp_loss":0.0,"gold_gain":0.0,"event_name":"Bonfire Elementals","player_choice":"Offered Basic","floor":5.0,"gold_loss":0.0,"damage_taken":0.0}],"is_beta":false,"boss_relics":[],"items_purged_floors":[4],"is_endless":false,"potions_floor_spawned":[1,7,10,11,12,13,14],"killed_by":"The Guardian","ascension_level":15}