{"path_per_floor":["M","$","M","?","M","E","R","E","T","M","?","$","?","?","R","B",null,"M","M","$","?","M","E","R","$","T","M","R","?","M","M","R"],"character_chosen":"IRONCLAD","items_purchased":["Dropkick","Bandage Up"],"gold_per_floor":[115,40,54,129,147,181,181,208,256,269,269,2,2,2,2,105,105,120,136,11,11,27,61,61,61,85,105,105,204,222,238,238,238],"floor_reached":33,"campfire_rested":3,"playtime":3969,"item_purchase_floors":[],"current_hp_per_floor":[77,77,80,69,74,70,70,70,70,66,66,66,48,78,78,48,90,78,71,71,71,61,17,44,44,44,27,54,54,26,26,53,0],"items_purged":["Strike_R","Defend_R","Strike_R"],"gold":238,"score":303,"play_id":"ef3d94e6-cc95-4b56-87db-c27268953a58","local_time":"20180618202411","is_prod":false,"is_daily":false,"chose_seed":false,"is_ascension_mode":true,"campfire_upgraded":2,"win_rate":0,"timestamp":1529371451,"campfire_choices":[{"data":"Evolve","floor":7.0,"key":"SMITH"},{"data":"Bash","floor":15.0,"key":"SMITH"},{"floor":24,"key":"REST"},{"floor":28,"key":"REST"},{"floor":32,"key":"REST"}],"path_taken":["M","$","M","?","?","E","R","E","T","M","?","?","?","?","R","BOSS","M","M","$","?","M","E","R","$","T","M","R","?","?","M","R","BOSS"],"build_version":"2018-06-14v2","seed_source_timestamp":0,"purchased_purges":3,"victory":false,"master_deck":["Strike_R","Strike_R","Defend_R+1","Defend_R","Defend_R","Bash+1","Headbutt","Flame Barrier","Burning Pact","Evolve+1","Carnage","Dropkick+1","Bandage Up","Berserk","Dual Wield","Battle Trance","Warcry","Exhume"],"max_hp_per_floor":[80,80,80,80,80,90,90,90,90,90,90,90,90,90,90,90,90,90,90,90,90,90,90,90,90,90,90,90,90,90,90,90,90],"special_seed":0,"relics":["Burning Blood","Pear","Boot","Lantern","Velvet Choker","Kunai","Oddly Smooth Stone"],"card_choices":[{"not_picked":["Entrench","Intimidate"],"picked":"Headbutt","floor":1.0},{"not_picked":["True Grit","Blood for Blood"],"picked":"Flame Barrier","floor":3.0},{"not_picked":["Fire Breathing","Battle Trance"],"picked":"Burning Pact","floor":5.0},{"not_picked":["Heavy Blade","Dual Wield"],"picked":"Evolve","floor":6.0},{"not_picked":["Bloodletting","Uppercut","Shrug It Off"],"picked":"SKIP","floor":8.0},{"not_picked":["Blood for Blood","Thunderclap"],"picked":"Carnage","floor":10.0},{"not_picked":["Brutality","Fiend Fire"],"picked":"Berserk","floor":16.0},{"not_picked":["Wild Strike","Shrug It Off","Fire Breathing"],"picked":"SKIP","floor":18},{"not_picked":["Cleave","Burning Pact","Corruption+1"],"picked":"SKIP","floor":19},{"not_picked":["Whirlwind+1","Flex"],"picked":"Dual Wield","floor":22},{"not_picked":["Thunderclap","Anger+1","Sentinel"],"picked":"SKIP","floor":23},{"not_picked":["Anger+1","Heavy Blade"],"picked":"Battle Trance","floor":27},{"not_picked":["Sentinel+1","Havoc"],"picked":"Warcry","floor":30},{"not_picked":["Power Through","Perfected Strike"],"picked":"Exhume","floor":31}],"player_experience":198791,"potions_floor_usage":[19,22,23,23,33],"damage_taken":[{"damage":9.0,"enemies":"2 Louse","floor":1.0,"turns":4.0},{"damage":1.0,"enemies":"Jaw Worm","floor":3.0,"turns":5.0},{"damage":1.0,"enemies":"Cultist","floor":5.0,"turns":4.0},{"damage":20.0,"enemies":"Gremlin Nob","floor":6.0,"turns":4.0},{"damage":6.0,"enemies":"3 Sentries","floor":8.0,"turns":11.0},{"damage":10.0,"enemies":"Large Slime","floor":10.0,"turns":11.0},{"damage":40.0,"enemies":"The Guardian","floor":16.0,"turns":12.0},{"damage":18.0,"enemies":"Chosen","floor":18.0,"turns":5.0},{"damage":29,"enemies":"3 Byrds","floor":19,"turns":5},{"damage":20,"enemies":"Centurion and Healer","floor":22,"turns":9},{"damage":54,"enemies":"Slavers","floor":23,"turns":7},{"damage":27,"enemies":"Snake Plant","floor":27,"turns":4},{"damage":38,"enemies":"Sentry and Sphere","floor":30,"turns":8},{"damage":10,"enemies":"Centurion and Healer","floor":31,"turns":9},{"damage":66,"enemies":"Automaton","floor":33,"turns":8}],"relics_obtained":[{"floor":6.0,"key":"Pear"},{"floor":8.0,"key":"Boot"},{"floor":9.0,"key":"Lantern"},{"floor":23,"key":"Kunai"},{"floor":26,"key":"Oddly Smooth Stone"}],"event_choices":[{"event_name":"World of Goop","player_choice":"Gather Gold","floor":4.0,"damage_taken":0.0},{"event_name":"The Lab","player_choice":"Got Potions","floor":11.0,"damage_taken":0.0},{"event_name":"Shining Light","player_choice":"Entered Light","floor":13.0,"damage_taken":0.0},{"event_name":"Big Fish","player_choice":"Banana","floor":14.0,"damage_taken":0.0},{"event_name":"N\u0027loth","player_choice":"Ignored","floor":21,"damage_taken":0},{"event_name":"Nest","player_choice":"Stole From Cult","floor":29,"damage_taken":0}],"boss_relics":[{"not_picked":["Black Blood","Fusion Hammer"],"picked":"Velvet Choker"}],"items_purged_floors":[],"is_endless":false,"potions_floor_spawned":[3,5,8,16,18,22,30],"seed_played":"3886627585085037533","killed_by":"Automaton","ascension_level":2,"potions_obtained":[{"floor":3.0,"key":"AttackPotion"},{"floor":5.0,"key":"FearPotion"},{"floor":8.0,"key":"Block Potion"},{"floor":11.0,"key":"Regen Potion"},{"floor":16.0,"key":"FearPotion"},{"floor":22,"key":"Poison Potion"},{"floor":30,"key":"Weak Potion"}],"is_trial":false}