{"gold_per_floor":[118,118,128,203,216,242,242,252,252,252,269,283,283,14,14,115,115,128,128,142,142,142],"floor_reached":22,"playtime":1885,"items_purged":["Strike_B"],"score":279,"play_id":"d77054dc-6d46-42b6-ad6d-c92467a51a5d","local_time":"20190213143158","is_ascension_mode":true,"campfire_choices":[{"floor":7,"key":"REST"},{"floor":13,"key":"REST"},{"floor":15,"key":"REST"}],"neow_cost":"NONE","seed_source_timestamp":37070346409938,"circlet_count":0,"master_deck":["AscendersBane","Strike_B","Strike_B","Strike_B","Defend_B","Defend_B","Defend_B","Defend_B","Zap","Dualcast","White Noise","Cold Snap","Sweeping Beam","Darkness","Static Discharge","Ball Lightning","Multi-Cast+1","Barrage+1","Decay","Self Repair","Shame"],"relics":["Cracked Core","Bag of Marbles","Blue Candle","Toxic Egg 2","Runic Capacitor","Coffee Dripper","Kunai"],"potions_floor_usage":[6,11,12,20],"damage_taken":[{"damage":4,"enemies":"Jaw Worm","floor":1,"turns":4},{"damage":9,"enemies":"2 Louse","floor":3,"turns":3},{"damage":4,"enemies":"Small Slimes","floor":5,"turns":3},{"damage":36,"enemies":"Lagavulin","floor":6,"turns":7},{"damage":17,"enemies":"Exordium Wildlife","floor":8,"turns":5},{"damage":7,"enemies":"Looter","floor":11,"turns":3},{"damage":6,"enemies":"Blue Slaver","floor":12,"turns":3},{"damage":33,"enemies":"Hexaghost","floor":16,"turns":7},{"damage":21,"enemies":"Spheric Guardian","floor":18,"turns":4},{"damage":23,"enemies":"Shell Parasite","floor":20,"turns":5},{"damage":21,"enemies":"Shelled Parasite and Fungi","floor":22,"turns":1}],"seed_played":"2084325385452096922","potions_obtained":[{"floor":3,"key":"SkillPotion"},{"floor":8,"key":"Energy Potion"},{"floor":11,"key":"Energy Potion"},{"floor":18,"key":"Dexterity Potion"}],"is_trial":false,"path_per_floor":["M","?","M","?","M","E","R","M","T","?","M","M","R","$","R","B",null,"M","?","M","?","M"],"character_chosen":"DEFECT","items_purchased":["Runic Capacitor"],"campfire_rested":3,"item_purchase_floors":[14],"current_hp_per_floor":[64,69,60,49,45,9,33,16,16,16,9,3,27,27,51,18,65,44,44,21,21,0],"gold":142,"neow_bonus":"RANDOM_COMMON_RELIC","is_prod":false,"is_daily":false,"chose_seed":false,"campfire_upgraded":0,"win_rate":0,"timestamp":1550089918,"path_taken":["M","?","M","?","M","E","R","M","T","?","M","M","R","$","R","BOSS","M","?","M","?","M"],"build_version":"2019-01-23","purchased_purges":1,"victory":false,"max_hp_per_floor":[75,80,80,80,80,80,80,80,80,80,80,80,80,80,80,80,80,80,80,80,80,80],"card_choices":[{"not_picked":["Streamline","Hello World"],"picked":"White Noise","floor":1},{"not_picked":["Undo","Melter"],"picked":"Cold Snap","floor":3},{"not_picked":["Turbo","Steam"],"picked":"Sweeping Beam","floor":5},{"not_picked":["Gash","Beam Cell"],"picked":"Darkness","floor":6},{"not_picked":["Reinforced Body","Melter"],"picked":"Static Discharge","floor":8},{"not_picked":["Skim+1","Reprogram+1","Rebound"],"picked":"SKIP","floor":11},{"not_picked":["Steam+1","Cold Snap"],"picked":"Ball Lightning","floor":12},{"not_picked":["Amplify+1","Core Surge"],"picked":"Multi-Cast+1","floor":16},{"not_picked":["Blizzard","Fusion+1"],"picked":"Barrage+1","floor":18},{"not_picked":["Chill+1","Steam+1"],"picked":"Self Repair","floor":20}],"player_experience":292850,"relics_obtained":[{"floor":6,"key":"Blue Candle"},{"floor":9,"key":"Toxic Egg 2"}],"event_choices":[{"damage_healed":0,"gold_gain":0,"player_choice":"Donut","damage_taken":0,"max_hp_gain":5,"max_hp_loss":0,"event_name":"Big Fish","floor":2,"gold_loss":0},{"damage_healed":0,"gold_gain":75,"player_choice":"Gather Gold","damage_taken":11,"max_hp_gain":0,"max_hp_loss":0,"event_name":"World of Goop","floor":4,"gold_loss":0},{"damage_healed":0,"gold_gain":0,"player_choice":"Searched \u00270\u0027 times","damage_taken":0,"max_hp_gain":0,"max_hp_loss":0,"event_name":"Dead Adventurer","floor":10,"gold_loss":0},{"damage_healed":0,"gold_gain":0,"player_choice":"Smashed Altar","damage_taken":0,"max_hp_gain":0,"max_hp_loss":0,"event_name":"Forgotten Altar","floor":19,"gold_loss":0,"cards_obtained":["Decay"]},{"damage_healed":0,"gold_gain":0,"player_choice":"Stole Relic","damage_taken":0,"relics_obtained":["Kunai"],"max_hp_gain":0,"max_hp_loss":0,"event_name":"Addict","floor":21,"gold_loss":0,"cards_obtained":["Shame"]}],"is_beta":false,"boss_relics":[{"not_picked":["Orrery","Black Star"],"picked":"Coffee Dripper"}],"items_purged_floors":[14],"is_endless":false,"potions_floor_spawned":[3,8,11,18],"killed_by":"Shelled Parasite and Fungi","ascension_level":10}