{"gold_per_floor":[109,34,49,68,18,18,51,51,76,96,126,126,140,152,152,251,251,268,218,218,230,180,180,197,197,197,209,241,255,278,298,298,298],"floor_reached":33,"playtime":1659,"items_purged":["Defend_G","Strike_G","Defend_G"],"score":307,"play_id":"08a82e09-2ea1-485e-b9bf-c5eb8ab3ae9c","local_time":"20190211061949","is_ascension_mode":true,"campfire_choices":[{"data":"Poisoned Stab","floor":6.0,"key":"SMITH"},{"floor":15.0,"key":"REST"},{"floor":23.0,"key":"REST"},{"floor":25.0,"key":"REST"},{"floor":32.0,"key":"REST"}],"neow_cost":"NONE","seed_source_timestamp":34857301276202,"circlet_count":0,"master_deck":["Defend_G","Defend_G","Strike_G","Strike_G+1","Strike_G","Survivor","Neutralize+1","Poisoned Stab+1","Backflip","Crippling Poison","Leg Sweep","Adrenaline","Noxious Fumes+1","Heel Hook","Distraction+1","Skewer+1","Bouncing Flask+1","Backflip"],"special_seed":0,"relics":["WristBlade","Smiling Mask","Whetstone","Ancient Tea Set","Lizard Tail","Molten Egg 2","Thread and Needle","Art of War"],"potions_floor_usage":[33],"damage_taken":[{"damage":5.0,"enemies":"Cultist","floor":1.0,"turns":5.0},{"damage":0.0,"enemies":"Small Slimes","floor":3.0,"turns":3.0},{"damage":0.0,"enemies":"2 Louse","floor":4.0,"turns":2.0},{"damage":24.0,"enemies":"Gremlin Nob","floor":7.0,"turns":5.0},{"damage":5.0,"enemies":"Exordium Thugs","floor":10.0,"turns":6.0},{"damage":14.0,"enemies":"3 Sentries","floor":11.0,"turns":8.0},{"damage":1.0,"enemies":"Blue Slaver","floor":13.0,"turns":3.0},{"damage":0.0,"enemies":"Large Slime","floor":14.0,"turns":7.0},{"damage":33.0,"enemies":"Slime Boss","floor":16.0,"turns":15.0},{"damage":11.0,"enemies":"Shell Parasite","floor":18.0,"turns":8.0},{"damage":32.0,"enemies":"2 Thieves","floor":21.0,"turns":4.0},{"damage":5.0,"enemies":"Centurion and Healer","floor":24.0,"turns":5.0},{"damage":16.0,"enemies":"Snake Plant","floor":27.0,"turns":5.0},{"damage":13.0,"enemies":"Gremlin Leader","floor":28.0,"turns":6.0},{"damage":14.0,"enemies":"Snecko","floor":29.0,"turns":6.0},{"damage":28.0,"enemies":"3 Cultists","floor":31.0,"turns":6.0},{"damage":67,"enemies":"Collector","floor":33,"turns":7}],"seed_played":"-7174017472817344259","potions_obtained":[{"floor":1.0,"key":"Fire Potion"},{"floor":7.0,"key":"GhostInAJar"},{"floor":13.0,"key":"Energy Potion"},{"floor":14.0,"key":"FearPotion"},{"floor":24.0,"key":"LiquidBronze"},{"floor":27.0,"key":"Energy Potion"}],"is_trial":false,"path_per_floor":["M","$","M","M","?","R","E","?","T","M","E","?","M","M","R","B",null,"M","$","?","M","$","R","M","R","T","M","E","M","T","M","R","B"],"character_chosen":"THE_SILENT","items_purchased":[],"campfire_rested":4,"item_purchase_floors":[],"current_hp_per_floor":[65,65,65,65,65,65,41,34,34,29,15,15,14,14,35,2,70,59,59,59,27,27,48,43,64,64,48,35,21,21,35,56,0],"gold":298,"neow_bonus":"BOSS_RELIC","is_prod":false,"is_daily":false,"chose_seed":false,"campfire_upgraded":1,"win_rate":0,"timestamp":1549855189,"path_taken":["M","$","M","?","?","R","E","?","T","M","E","?","?","?","R","BOSS","M","$","?","M","?","R","M","R","T","M","E","M","?","M","R","BOSS"],"build_version":"2019-01-23","purchased_purges":3,"victory":false,"max_hp_per_floor":[70,70,70,70,70,70,70,70,70,70,70,70,70,70,70,70,70,70,70,70,70,70,70,70,70,70,70,70,70,70,70,70,70],"card_choices":[{"not_picked":["Masterful Stab","Slice","Skewer"],"picked":"SKIP","floor":1.0},{"not_picked":["Dagger Throw","Masterful Stab"],"picked":"Poisoned Stab","floor":3.0},{"not_picked":["Infinite Blades","Reflex","Prepared"],"picked":"SKIP","floor":4.0},{"not_picked":["Setup","Underhanded Strike"],"picked":"Backflip","floor":7.0},{"not_picked":["Phantasmal Killer","Well Laid Plans","Flying Knee"],"picked":"SKIP","floor":10.0},{"not_picked":["Acrobatics","Concentrate","Skewer"],"picked":"SKIP","floor":11.0},{"not_picked":["Deadly Poison","Skewer"],"picked":"Crippling Poison","floor":13.0},{"not_picked":["Backflip","Accuracy"],"picked":"Leg Sweep","floor":14.0},{"not_picked":["Burst","Night Terror"],"picked":"Adrenaline","floor":16.0},{"not_picked":["Backstab+1","Skewer"],"picked":"Noxious Fumes","floor":18.0},{"not_picked":["PiercingWail","Deadly Poison"],"picked":"Heel Hook","floor":21.0},{"not_picked":["Slice+1","Quick Slash"],"picked":"Distraction+1","floor":24.0},{"not_picked":["Prepared+1","Deflect"],"picked":"Skewer+1","floor":27.0},{"not_picked":["Terror","Flying Knee+1"],"picked":"Bouncing Flask+1","floor":28.0},{"not_picked":["Predator+1","Deadly Poison"],"picked":"Backflip","floor":29.0},{"not_picked":["Concentrate","Distraction","Infinite Blades"],"picked":"SKIP","floor":31.0}],"player_experience":288229,"relics_obtained":[{"floor":7.0,"key":"Smiling Mask"},{"floor":9.0,"key":"Whetstone"},{"floor":11.0,"key":"Ancient Tea Set"},{"floor":26.0,"key":"Molten Egg 2"},{"floor":28.0,"key":"Thread and Needle"},{"floor":30.0,"key":"Art of War"}],"event_choices":[{"cards_removed":["Strike_G"],"damage_healed":0.0,"max_hp_gain":0.0,"max_hp_loss":0.0,"gold_gain":0.0,"event_name":"The Cleric","player_choice":"Card Removal","floor":5.0,"gold_loss":50.0,"damage_taken":0.0},{"cards_removed":["Defend_G"],"damage_healed":0.0,"max_hp_gain":0.0,"max_hp_loss":0.0,"gold_gain":0.0,"event_name":"Golden Wing","player_choice":"Card Removal","floor":8.0,"gold_loss":0.0,"damage_taken":7.0},{"damage_healed":0.0,"max_hp_gain":0.0,"max_hp_loss":0.0,"gold_gain":0.0,"event_name":"The Woman in Blue","player_choice":"Bought 0 Potions","floor":12.0,"gold_loss":0.0,"damage_taken":0.0},{"damage_healed":0.0,"max_hp_gain":0.0,"max_hp_loss":0.0,"gold_gain":0.0,"event_name":"Upgrade Shrine","player_choice":"Upgraded","floor":20.0,"gold_loss":0.0,"damage_taken":0.0,"cards_upgraded":["Noxious Fumes"]}],"is_beta":false,"boss_relics":[{"not_picked":["Velvet Choker","Ectoplasm"],"picked":"Lizard Tail"}],"items_purged_floors":[2,19,22],"is_endless":false,"potions_floor_spawned":[1,7,13,14,24,27],"killed_by":"Collector","ascension_level":2}