{"gold_per_floor":[112,112,17,17,17,17,31,31,31,41,41,60,60,90,90,186,186,202,202,202,202,60,95,95,129,129,142,142,157,168,43,43,146,196,211,256,256,271,0,0,15,15,15,30,56,56,75,91,91,91],"floor_reached":50,"playtime":3048,"items_purged":[],"score":633,"play_id":"b7605e35-7629-471c-a8f3-16db96a7e41a","local_time":"20190214011547","is_ascension_mode":false,"campfire_choices":[{"data":"Flex","floor":6,"key":"SMITH"},{"data":"Reaper","floor":11,"key":"SMITH"},{"data":"Demon Form","floor":13,"key":"SMITH"},{"floor":15,"key":"REST"},{"floor":24,"key":"REST"},{"floor":28,"key":"REST"},{"floor":32,"key":"REST"},{"floor":40,"key":"REST"},{"floor":42,"key":"REST"},{"floor":46,"key":"REST"},{"floor":49,"key":"REST"}],"neow_cost":"NONE","seed_source_timestamp":21579516509443,"circlet_count":0,"master_deck":["Strike_R","Strike_R","Strike_R","Strike_R","Defend_R","Defend_R","Defend_R","Defend_R","Bash","Flex+1","Feel No Pain","Body Slam","Perfected Strike","Reaper+1","Sever Soul","Demon Form+1","Perfected Strike","Feed","Dropkick+1","Pommel Strike+1","Armaments","Thunderclap","Finesse","Feed","Intimidate","Heavy Blade+1","Shrug It Off","Metallicize","Shrug It Off","Entrench","Headbutt","Bludgeon","Rampage+1","Pummel+1","Twin Strike+1","Iron Wave+1","Impatience","Carnage","Carnage","Iron Wave+1","Heavy Blade","Metallicize+1","Shrug It Off+1","Warcry+1","Blood for Blood+1","Heavy Blade+1"],"relics":["Burning Blood","NeowsBlessing","Mercury Hourglass","Bottled Flame","Prayer Wheel","Empty Cage","Lantern","Red Skull","Oddly Smooth Stone","Tiny House","Ice Cream","Red Mask","Art of War","Sundial"],"potions_floor_usage":[14,18,23,25,25,33,33,33,33,33,36,36,45,45,48,50],"damage_taken":[{"damage":0,"enemies":"2 Louse","floor":1,"turns":1},{"damage":0,"enemies":"Small Slimes","floor":7,"turns":1},{"damage":0,"enemies":"Cultist","floor":10,"turns":1},{"damage":10,"enemies":"Looter","floor":12,"turns":2},{"damage":38,"enemies":"Lagavulin","floor":14,"turns":8},{"damage":1,"enemies":"Slime Boss","floor":16,"turns":6},{"damage":35,"enemies":"3 Byrds","floor":18,"turns":5},{"damage":56,"enemies":"Slavers","floor":23,"turns":5},{"damage":38,"enemies":"Gremlin Leader","floor":25,"turns":8},{"damage":31,"enemies":"Shell Parasite","floor":27,"turns":6},{"damage":27,"enemies":"3 Cultists","floor":29,"turns":5},{"damage":30,"enemies":"Shelled Parasite and Fungi","floor":30,"turns":5},{"damage":55,"enemies":"Collector","floor":33,"turns":8},{"damage":19,"enemies":"3 Shapes","floor":35,"turns":4},{"damage":84,"enemies":"2 Orb Walkers","floor":36,"turns":7},{"damage":8,"enemies":"Orb Walker","floor":38,"turns":4},{"damage":15,"enemies":"Transient","floor":41,"turns":5},{"damage":44,"enemies":"Maw","floor":44,"turns":6},{"damage":60,"enemies":"Nemesis","floor":45,"turns":7},{"damage":40,"enemies":"Jaw Worm Horde","floor":47,"turns":5},{"damage":36,"enemies":"Spire Growth","floor":48,"turns":5},{"damage":48,"enemies":"Time Eater","floor":50,"turns":4}],"seed_played":"-8021984136491344390","potions_obtained":[{"floor":7,"key":"Block Potion"},{"floor":10,"key":"Dexterity Potion"},{"floor":18,"key":"FearPotion"},{"floor":21,"key":"Strength Potion"},{"floor":21,"key":"Swift Potion"},{"floor":29,"key":"EssenceOfSteel"},{"floor":33,"key":"EssenceOfSteel"},{"floor":34,"key":"EssenceOfSteel"},{"floor":38,"key":"SneckoOil"},{"floor":41,"key":"Explosive Potion"},{"floor":44,"key":"Regen Potion"},{"floor":48,"key":"SteroidPotion"}],"is_trial":false,"path_per_floor":["M","?","$","?","?","R","M","?","T","M","R","M","R","E","R","B",null,"M","?","?","?","$","E","R","E","T","M","R","M","M","$","R","B",null,"M","?","?","M","?","R","M","R","T","M","E","R","M","M","R","B"],"character_chosen":"IRONCLAD","items_purchased":["Feel No Pain","Body Slam","Thunderclap","Finesse","Headbutt","EntropicBrew"],"campfire_rested":8,"item_purchase_floors":[3,3,22,22,31,31],"current_hp_per_floor":[80,80,80,80,62,62,68,68,68,74,74,70,70,49,73,78,80,54,54,54,54,54,28,53,36,36,19,44,53,36,36,64,24,101,88,20,20,33,33,64,55,86,86,59,19,50,31,9,40,0],"gold":91,"neow_bonus":"THREE_ENEMY_KILL","is_prod":false,"is_daily":false,"chose_seed":false,"campfire_upgraded":3,"win_rate":0,"timestamp":1550124947,"path_taken":["M","?","$","?","?","R","M","?","T","M","R","M","R","E","R","BOSS","M","?","?","?","$","E","R","E","T","M","R","M","?","$","R","BOSS","M","?","?","?","?","R","M","R","T","M","E","R","M","M","R","BOSS"],"build_version":"2019-01-23","purchased_purges":0,"victory":false,"max_hp_per_floor":[80,80,80,80,80,80,80,80,80,80,80,80,80,80,80,80,80,83,83,83,83,83,86,86,86,86,86,86,89,96,96,96,96,101,101,101,101,104,104,104,104,104,104,104,104,104,104,104,104,104],"card_choices":[{"not_picked":["Iron Wave","Clothesline"],"picked":"Flex","floor":1},{"not_picked":["Rampage","Warcry"],"picked":"Perfected Strike","floor":7},{"not_picked":["Clothesline","Flex"],"picked":"Sever Soul","floor":10},{"not_picked":["Shrug It Off","Pummel"],"picked":"Demon Form","floor":12},{"not_picked":["Pummel","Entrench"],"picked":"Perfected Strike","floor":14},{"not_picked":["Offering","Dark Embrace"],"picked":"Feed","floor":16},{"not_picked":["Entrench+1","Seeing Red"],"picked":"Dropkick","floor":18},{"not_picked":["Iron Wave","True Grit"],"picked":"Pommel Strike+1","floor":18},{"not_picked":["Entrench","Impervious"],"picked":"Feed","floor":23},{"not_picked":["Uppercut","Sever Soul"],"picked":"Intimidate","floor":25},{"not_picked":["Disarm","Intimidate"],"picked":"Heavy Blade+1","floor":27},{"not_picked":["Dual Wield","Burning Pact","Armaments"],"picked":"SKIP","floor":27},{"not_picked":["Uppercut","Rage"],"picked":"Shrug It Off","floor":29},{"not_picked":["Flex","Clash"],"picked":"Metallicize","floor":29},{"not_picked":["Clash","Heavy Blade"],"picked":"Shrug It Off","floor":30},{"not_picked":["Body Slam","Whirlwind"],"picked":"Entrench","floor":30},{"not_picked":["Berserk","Demon Form"],"picked":"Bludgeon","floor":33},{"not_picked":["Perfected Strike+1","Second Wind+1"],"picked":"Rampage+1","floor":34},{"not_picked":["Rage+1","Flex"],"picked":"Pummel+1","floor":35},{"not_picked":["Heavy Blade","Sever Soul+1"],"picked":"Twin Strike+1","floor":35},{"not_picked":["Headbutt","Armaments+1"],"picked":"Iron Wave+1","floor":36},{"not_picked":["Finesse","Metamorphosis"],"picked":"Impatience","floor":37},{"not_picked":["Body Slam","Rupture"],"picked":"Carnage","floor":38},{"not_picked":["Pommel Strike","True Grit+1"],"picked":"Carnage","floor":38},{"not_picked":["Cleave","Body Slam"],"picked":"Iron Wave+1","floor":41},{"not_picked":["Feed","Warcry+1"],"picked":"Heavy Blade","floor":41},{"not_picked":["Pommel Strike","Fire Breathing"],"picked":"Metallicize+1","floor":44},{"not_picked":["Twin Strike+1","Iron Wave+1"],"picked":"Shrug It Off+1","floor":44},{"not_picked":["Sever Soul+1","True Grit"],"picked":"Warcry+1","floor":45},{"not_picked":["Second Wind","Fiend Fire","Anger+1"],"picked":"SKIP","floor":47},{"not_picked":["Pommel Strike+1","Cleave+1","Twin Strike+1"],"picked":"SKIP","floor":47},{"not_picked":["Shockwave+1","Flame Barrier+1"],"picked":"Blood for Blood+1","floor":48},{"not_picked":["Clash+1","Body Slam"],"picked":"Heavy Blade+1","floor":48}],"player_experience":33299,"relics_obtained":[{"floor":9,"key":"Bottled Flame"},{"floor":14,"key":"Prayer Wheel"},{"floor":23,"key":"Lantern"},{"floor":25,"key":"Red Skull"},{"floor":26,"key":"Oddly Smooth Stone"},{"floor":36,"key":"Ice Cream"},{"floor":43,"key":"Art of War"},{"floor":45,"key":"Sundial"}],"event_choices":[{"damage_healed":0,"gold_gain":0,"cards_transformed":["Strike_R"],"player_choice":"Change","damage_taken":0,"max_hp_gain":0,"max_hp_loss":0,"event_name":"Living Wall","floor":2,"gold_loss":0,"cards_obtained":["Berserk"]},{"damage_healed":0,"gold_gain":0,"player_choice":"Leave","damage_taken":0,"max_hp_gain":0,"max_hp_loss":0,"event_name":"The Cleric","floor":4,"gold_loss":0},{"damage_healed":0,"gold_gain":0,"player_choice":"Success","damage_taken":18,"relics_obtained":["Mercury Hourglass"],"max_hp_gain":0,"max_hp_loss":0,"event_name":"Scrap Ooze","floor":5,"gold_loss":0},{"damage_healed":0,"gold_gain":0,"player_choice":"2 cards matched","damage_taken":0,"max_hp_gain":0,"max_hp_loss":0,"event_name":"Match and Keep!","floor":8,"gold_loss":0,"cards_obtained":["Pain","Reaper"]},{"damage_healed":0,"gold_gain":0,"player_choice":"Read","damage_taken":0,"max_hp_gain":0,"max_hp_loss":0,"event_name":"The Library","floor":19,"gold_loss":0,"cards_obtained":["Armaments"]},{"damage_healed":0,"gold_gain":0,"player_choice":"Ignored","damage_taken":0,"max_hp_gain":0,"max_hp_loss":0,"event_name":"Vampires","floor":20,"gold_loss":0},{"damage_healed":0,"gold_gain":0,"player_choice":"Got Potions","damage_taken":0,"max_hp_gain":0,"max_hp_loss":0,"event_name":"Lab","floor":21,"gold_loss":0},{"damage_healed":0,"gold_gain":0,"player_choice":"Fight","damage_taken":0,"max_hp_gain":0,"max_hp_loss":0,"event_name":"Mysterious Sphere","floor":36,"gold_loss":0},{"damage_healed":0,"gold_gain":0,"player_choice":"Memory 1","damage_taken":0,"max_hp_gain":0,"max_hp_loss":0,"event_name":"SensoryStone","floor":37,"gold_loss":0},{"damage_healed":0,"gold_gain":0,"player_choice":"Paid","damage_taken":0,"relics_obtained":["Red Mask"],"max_hp_gain":0,"max_hp_loss":0,"event_name":"Tomb of Lord Red Mask","floor":39,"gold_loss":271}],"is_beta":false,"boss_relics":[{"not_picked":["Eternal Feather","White Beast Statue"],"picked":"Empty Cage"},{"not_picked":["Runic Cube","Runic Dome"],"picked":"Tiny House"}],"items_purged_floors":[],"is_endless":false,"potions_floor_spawned":[7,10,18,29,33,38,41,44,48],"killed_by":"Time Eater","ascension_level":0}