{"gold_per_floor":[119,119,119,131,141,68,144,144,144,144,156,331,331,351,351,456,456],"floor_reached":17,"playtime":390,"items_purged":[],"score":145,"play_id":"4b9912bd-cbd7-44df-b98c-b153058b4473","local_time":"20190213075301","is_ascension_mode":false,"campfire_choices":[{"floor":8,"key":"RECALL"},{"data":"Doom and Gloom","floor":10,"key":"SMITH"},{"data":"Capacitor","floor":15,"key":"SMITH"}],"neow_cost":"NONE","seed_source_timestamp":35914864641011,"circlet_count":0,"master_deck":["Zap+1","Dualcast+1","Rip and Tear","Doom and Gloom+1","Capacitor+1","Cold Snap","Doubt","Regret"],"relics":["Cracked Core","Sundial","Regal Pillow","Pandora\u0027s Box"],"potions_floor_usage":[],"damage_taken":[{"damage":0,"enemies":"2 Louse","floor":1,"turns":3},{"damage":0,"enemies":"Small Slimes","floor":4,"turns":3},{"damage":0,"enemies":"Cultist","floor":5,"turns":3},{"damage":3,"enemies":"Red Slaver","floor":11,"turns":3},{"damage":16,"enemies":"Exordium Wildlife","floor":14,"turns":4},{"damage":45,"enemies":"Slime Boss","floor":16,"turns":10}],"seed_played":"3631877901441771775","potions_obtained":[{"floor":1,"key":"GamblersBrew"},{"floor":5,"key":"AttackPotion"},{"floor":16,"key":"SpeedPotion"}],"is_trial":false,"path_per_floor":["M","?","?","M","M","$","T","R","T","R","M","?","?","M","R","B",null],"character_chosen":"DEFECT","items_purchased":["Capacitor"],"campfire_rested":0,"item_purchase_floors":[6],"current_hp_per_floor":[82,82,82,82,82,82,82,82,82,82,79,79,79,63,63,18,18],"gold":456,"neow_bonus":"TEN_PERCENT_HP_BONUS","is_prod":false,"is_daily":false,"chose_seed":false,"campfire_upgraded":2,"win_rate":0,"timestamp":1550033581,"path_taken":["M","?","?","M","?","$","?","R","T","R","M","?","?","M","R","BOSS"],"build_version":"2019-01-23","purchased_purges":0,"victory":false,"max_hp_per_floor":[82,82,82,82,82,82,82,82,82,82,82,82,82,82,82,82,82],"card_choices":[{"not_picked":["Reprogram","Stack","Steam Power"],"picked":"SKIP","floor":1},{"not_picked":["Streamline","Turbo"],"picked":"Rip and Tear","floor":4},{"not_picked":["Compile Driver","Go for the Eyes"],"picked":"Doom and Gloom","floor":5},{"not_picked":["Core Surge","Go for the Eyes"],"picked":"Cold Snap","floor":11},{"not_picked":["Coolheaded","Ball Lightning","Fusion"],"picked":"SKIP","floor":14}],"player_experience":373339,"relics_obtained":[{"floor":7,"key":"Sundial"}],"event_choices":[{"damage_healed":0,"gold_gain":0,"player_choice":"Grow","damage_taken":0,"max_hp_gain":0,"max_hp_loss":0,"event_name":"Living Wall","floor":2,"gold_loss":0,"cards_upgraded":["Zap"]},{"damage_healed":0,"gold_gain":0,"player_choice":"Upgraded","damage_taken":0,"max_hp_gain":0,"max_hp_loss":0,"event_name":"Upgrade Shrine","floor":3,"gold_loss":0,"cards_upgraded":["Dualcast"]},{"damage_healed":0,"gold_gain":175,"player_choice":"AGREE","damage_taken":0,"max_hp_gain":0,"max_hp_loss":0,"event_name":"Liars Game","floor":12,"gold_loss":0,"cards_obtained":["Doubt"]},{"damage_healed":0,"gold_gain":0,"player_choice":"Box","damage_taken":0,"relics_obtained":["Regal Pillow"],"max_hp_gain":0,"max_hp_loss":0,"event_name":"Big Fish","floor":13,"gold_loss":0,"cards_obtained":["Regret"]}],"is_beta":false,"boss_relics":[{"not_picked":["Velvet Choker","Lizard Tail"],"picked":"Pandora\u0027s Box"}],"items_purged_floors":[],"is_endless":false,"potions_floor_spawned":[1,5,16],"ascension_level":0}