{"gold_per_floor":[16,28,28,28,42,75,75,93,119,147,0,19,37,70,70,168,168,187,199,216,226,240,240,259,259,259,276,99,99,0,0,0,0],"floor_reached":33,"playtime":2827,"items_purged":[],"score":296,"play_id":"2fab6740-601f-4776-9e25-d4663ca9fb82","local_time":"20190204073547","is_ascension_mode":false,"campfire_choices":[{"floor":7.0,"key":"REST"},{"floor":15.0,"key":"REST"},{"floor":23.0,"key":"REST"},{"floor":25.0,"key":"REST"},{"floor":32.0,"key":"REST"}],"neow_cost":"NO_GOLD","seed_source_timestamp":28565660492631,"circlet_count":0,"master_deck":["Strike_R+1","Strike_R","Strike_R","Strike_R","Strike_R","Defend_R","Defend_R","Defend_R","Defend_R","Bash","Dramatic Entrance","Apotheosis","Blood for Blood","Warcry","Searing Blow+1","Shrug It Off","Limit Break","Inflame","Thunderclap","Rampage","Feed","Exhume","Seeing Red+1","Shrug It Off","Fire Breathing+1","Rage","Uppercut+1","Clothesline","The Bomb","Writhe"],"special_seed":0,"relics":["Burning Blood","Smiling Mask","Whetstone","Potion Belt","Singing Bowl","Happy Flower","Blood Vial","Lizard Tail","Prayer Wheel","Bag of Preparation"],"potions_floor_usage":[33,33],"damage_taken":[{"damage":2.0,"enemies":"2 Louse","floor":1.0,"turns":2.0},{"damage":9.0,"enemies":"Cultist","floor":2.0,"turns":4.0},{"damage":11.0,"enemies":"Jaw Worm","floor":5.0,"turns":2.0},{"damage":33.0,"enemies":"3 Sentries","floor":6.0,"turns":8.0},{"damage":0.0,"enemies":"2 Fungi Beasts","floor":8.0,"turns":3.0},{"damage":13.0,"enemies":"Lagavulin","floor":10.0,"turns":6.0},{"damage":7.0,"enemies":"Large Slime","floor":12.0,"turns":6.0},{"damage":3.0,"enemies":"Exordium Wildlife","floor":13.0,"turns":3.0},{"damage":15.0,"enemies":"3 Sentries","floor":14.0,"turns":6.0},{"damage":32.0,"enemies":"Hexaghost","floor":16.0,"turns":9.0},{"damage":35.0,"enemies":"3 Byrds","floor":18.0,"turns":6.0},{"damage":16.0,"enemies":"Chosen","floor":19.0,"turns":5.0},{"damage":42.0,"enemies":"Shelled Parasite and Fungi","floor":20.0,"turns":7.0},{"damage":22.0,"enemies":"Snake Plant","floor":21.0,"turns":4.0},{"damage":58.0,"enemies":"3 Cultists","floor":22.0,"turns":6.0},{"damage":48.0,"enemies":"Sentry and Sphere","floor":24.0,"turns":8.0},{"damage":21.0,"enemies":"Snake Plant","floor":27.0,"turns":5.0},{"damage":83,"enemies":"Champ","floor":33,"turns":10}],"seed_played":"-4665291566952177005","potions_obtained":[{"floor":1.0,"key":"Energy Potion"},{"floor":4.0,"key":"FairyPotion"},{"floor":4.0,"key":"PowerPotion"},{"floor":13.0,"key":"Block Potion"},{"floor":19.0,"key":"Explosive Potion"},{"floor":22.0,"key":"Fruit Juice"},{"floor":24.0,"key":"SpeedPotion"},{"floor":27.0,"key":"SteroidPotion"}],"is_trial":false,"path_per_floor":["M","M","?","?","M","E","R","M","T","E","$","M","M","E","R","B",null,"M","M","M","M","M","R","M","R","T","M","$","?","?","$","R","B"],"character_chosen":"IRONCLAD","items_purchased":["Happy Flower","The Bomb"],"campfire_rested":5,"item_purchase_floors":[11,28],"current_hp_per_floor":[80,77,65,65,60,33,57,63,63,56,56,55,58,49,73,53,84,61,53,19,17,25,53,18,48,48,35,35,35,35,35,65,0],"gold":0,"neow_bonus":"RANDOM_COLORLESS_2","is_prod":false,"is_daily":false,"chose_seed":false,"campfire_upgraded":0,"win_rate":0.0,"timestamp":1549254947,"path_taken":["M","M","?","?","M","E","R","?","T","E","?","M","?","E","R","BOSS","M","?","M","M","M","R","M","R","T","M","$","?","?","?","R","BOSS"],"build_version":"2019-01-23","purchased_purges":0,"victory":false,"max_hp_per_floor":[80,80,80,80,80,80,80,80,80,80,80,80,80,80,80,84,84,90,90,90,92,96,96,101,101,101,101,101,101,101,101,101,101],"card_choices":[{"not_picked":["Cleave","Reckless Charge"],"picked":"Blood for Blood","floor":1.0},{"not_picked":["Pummel","True Grit"],"picked":"Warcry","floor":2.0},{"not_picked":["Thunderclap","Heavy Blade"],"picked":"Searing Blow","floor":5.0},{"not_picked":["Body Slam","Clash"],"picked":"Shrug It Off","floor":6.0},{"not_picked":["Clothesline","Body Slam"],"picked":"Limit Break","floor":8.0},{"not_picked":["Clash","Metallicize"],"picked":"Inflame","floor":10.0},{"not_picked":["Warcry","Rage"],"picked":"Thunderclap","floor":12.0},{"not_picked":["True Grit","Wild Strike"],"picked":"Rampage","floor":13.0},{"not_picked":["Rampage","Heavy Blade"],"picked":"Feed","floor":14.0},{"not_picked":["Double Tap","Immolate"],"picked":"Exhume","floor":16.0},{"not_picked":["Cleave","Anger"],"picked":"Seeing Red+1","floor":18.0},{"not_picked":["Havoc","Body Slam+1"],"picked":"Shrug It Off","floor":19.0},{"not_picked":["True Grit+1","Warcry"],"picked":"Fire Breathing+1","floor":20.0},{"not_picked":["Wild Strike","Bludgeon","Twin Strike"],"picked":"Singing Bowl","floor":21.0},{"not_picked":["Body Slam+1","Wild Strike"],"picked":"Rage","floor":22.0},{"not_picked":["Battle Trance","Body Slam"],"picked":"Uppercut+1","floor":24.0},{"not_picked":["Perfected Strike+1","Reaper"],"picked":"Clothesline","floor":27.0},{"not_picked":["Warcry","Dual Wield","Hemokinesis"],"picked":"SKIP","floor":27.0}],"player_experience":153300,"relics_obtained":[{"floor":6.0,"key":"Whetstone"},{"floor":9.0,"key":"Potion Belt"},{"floor":10.0,"key":"Singing Bowl"},{"floor":14.0,"key":"Blood Vial"},{"floor":26.0,"key":"Prayer Wheel"}],"event_choices":[{"damage_healed":0.0,"max_hp_gain":0.0,"max_hp_loss":0.0,"gold_gain":0.0,"event_name":"Scrap Ooze","player_choice":"Success","floor":3.0,"gold_loss":0.0,"damage_taken":12.0,"relics_obtained":["Smiling Mask"]},{"damage_healed":0.0,"max_hp_gain":0.0,"max_hp_loss":0.0,"gold_gain":0.0,"event_name":"Lab","player_choice":"Got Potions","floor":4.0,"gold_loss":0.0,"damage_taken":0.0},{"damage_healed":0.0,"max_hp_gain":0.0,"max_hp_loss":0.0,"gold_gain":0.0,"event_name":"The Mausoleum","player_choice":"Opened","floor":29.0,"gold_loss":0.0,"damage_taken":0.0,"relics_obtained":["Bag of Preparation"],"cards_obtained":["Writhe"]},{"damage_healed":0.0,"max_hp_gain":0.0,"max_hp_loss":0.0,"gold_gain":0.0,"event_name":"Masked Bandits","player_choice":"Paid Fearfully","floor":30.0,"gold_loss":99.0,"damage_taken":0.0}],"is_beta":false,"boss_relics":[{"not_picked":["Velvet Choker","Cursed Key"],"picked":"Lizard Tail"}],"items_purged_floors":[],"is_endless":false,"potions_floor_spawned":[1,6,8,13,19,22,24,27],"killed_by":"Champ","ascension_level":0}