{"gold_per_floor":[113,113,126,126,126,126,136,136,189,189,203,203,213,60,60,157,157,167,177,177,197,214,214,35,51,105,117,128,128,28,28,28,132,132,152,165,165,165,165,165,192,192,267,267,278,278,0,0,0,0],"floor_reached":51,"playtime":5806,"items_purged":["Defend_G","Defend_G"],"score":863,"play_id":"5793921f-08f7-4719-9f0b-1074f0b770c9","local_time":"20180626232808","is_ascension_mode":true,"campfire_choices":[{"floor":6,"key":"REST"},{"floor":8,"key":"REST"},{"data":"Defend_G","floor":10,"key":"PURGE"},{"floor":15,"key":"REST"},{"floor":23,"key":"REST"},{"floor":29,"key":"REST"},{"data":"Apotheosis","floor":32,"key":"SMITH"},{"data":"Adrenaline","floor":40,"key":"SMITH"},{"data":"Adrenaline","floor":42,"key":"SMITH"},{"data":"Well Laid Plans","floor":44,"key":"SMITH"},{"data":"Neutralize","floor":49,"key":"SMITH"}],"neow_cost":"FIFTY_PERCENT_DAMAGE","seed_source_timestamp":1204403673790033,"circlet_count":0,"master_deck":["Defend_G+1","Survivor","Neutralize+1","Well Laid Plans+1","Blur","Noxious Fumes","Adrenaline+1","Well Laid Plans+1","Apotheosis+1","Adrenaline+1","Grand Finale"],"relics":["Ring of the Snake","Peace Pipe","Regal Pillow","Blue Candle","Eternal Feather","Oddly Smooth Stone","Empty Cage","Juzu Bracelet","Molten Egg 2","Red Mask"],"potions_floor_usage":[16,16,18,33,33,50,50,50],"damage_taken":[{"damage":1,"enemies":"Jaw Worm","floor":1,"turns":5},{"damage":1,"enemies":"Cultist","floor":3,"turns":6},{"damage":0,"enemies":"2 Louse","floor":7,"turns":2},{"damage":0,"enemies":"2 Fungi Beasts","floor":11,"turns":4},{"damage":7,"enemies":"Large Slime","floor":13,"turns":9},{"damage":0,"enemies":"The Guardian","floor":16,"turns":11},{"damage":25,"enemies":"2 Thieves","floor":18,"turns":5},{"damage":10,"enemies":"Spheric Guardian","floor":19,"turns":8},{"damage":11,"enemies":"Snake Plant","floor":21,"turns":7},{"damage":30,"enemies":"Sentry and Sphere","floor":22,"turns":8},{"damage":41,"enemies":"Slaver and Parasite","floor":25,"turns":9},{"damage":0,"enemies":"Snake Plant","floor":27,"turns":5},{"damage":0,"enemies":"Centurion and Healer","floor":28,"turns":7},{"damage":15,"enemies":"Automaton","floor":33,"turns":13},{"damage":0,"enemies":"3 Darklings","floor":35,"turns":2},{"damage":31,"enemies":"3 Shapes","floor":36,"turns":5},{"damage":0,"enemies":"Giant Head","floor":41,"turns":8},{"damage":0,"enemies":"Maw","floor":45,"turns":6},{"damage":15,"enemies":"Awakened One","floor":50,"turns":15}],"seed_played":"2272931050594092323","potions_obtained":[{"floor":3,"key":"Dexterity Potion"},{"floor":11,"key":"FairyPotion"},{"floor":13,"key":"Fire Potion"},{"floor":16,"key":"Poison Potion"},{"floor":25,"key":"Strength Potion"},{"floor":28,"key":"Explosive Potion"},{"floor":33,"key":"GhostInAJar"},{"floor":36,"key":"FearPotion"},{"floor":45,"key":"GhostInAJar"}],"is_trial":false,"path_per_floor":["M","?","M","?","?","R","M","R","T","R","M","T","M","$","R","B",null,"M","M","?","M","M","R","$","M","T","M","M","R","$","?","R","B",null,"M","M","?","$","?","R","E","R","T","R","M","T","?","$","R","B"],"character_chosen":"THE_SILENT","items_purchased":["Noxious Fumes","Apotheosis"],"campfire_rested":5,"item_purchase_floors":[14,24],"current_hp_per_floor":[34,34,33,19,1,22,22,43,43,43,43,43,36,36,70,70,70,45,35,35,24,4,44,44,3,3,3,3,43,43,43,47,32,61,61,30,30,30,70,70,70,70,70,70,70,70,70,70,70,55],"gold":0,"neow_bonus":"REMOVE_TWO","is_prod":false,"is_daily":false,"chose_seed":false,"campfire_upgraded":5,"win_rate":0,"timestamp":1530073688,"path_taken":["M","?","M","?","?","R","M","R","T","R","M","?","M","?","R","BOSS","M","M","?","M","M","R","$","?","T","M","M","R","?","?","R","BOSS","M","M","?","$","?","R","E","R","T","R","M","?","?","?","R","BOSS"],"build_version":"2018-06-21v2","purchased_purges":2,"victory":true,"max_hp_per_floor":[70,70,70,70,70,70,70,70,70,70,70,70,70,70,70,70,70,70,70,70,70,70,70,70,70,70,70,70,70,70,70,70,70,70,70,70,70,70,70,70,70,70,70,70,70,70,70,70,70,70],"card_choices":[{"not_picked":["Prepared","Dagger Throw"],"picked":"Well Laid Plans","floor":1},{"not_picked":["Deadly Poison","Prepared"],"picked":"Caltrops","floor":3},{"not_picked":["Heel Hook","Prepared"],"picked":"Blur","floor":7},{"not_picked":["Dodge and Roll","Dagger Throw","Flying Knee"],"picked":"SKIP","floor":11},{"not_picked":["Eviscerate","Dagger Spray","Acrobatics"],"picked":"SKIP","floor":13},{"not_picked":["Storm of Steel","Doppelganger"],"picked":"Adrenaline","floor":16},{"not_picked":["Bane","Quick Slash"],"picked":"Well Laid Plans+1","floor":18},{"not_picked":["PiercingWail","Masterful Stab","Acrobatics"],"picked":"SKIP","floor":19},{"not_picked":["Deflect","PiercingWail","Acrobatics"],"picked":"SKIP","floor":21},{"not_picked":["PiercingWail","Blur","Dagger Spray"],"picked":"SKIP","floor":22},{"not_picked":["Slice","Deadly Poison"],"picked":"Adrenaline","floor":25},{"not_picked":["Leg Sweep","Cloak And Dagger","Underhanded Strike"],"picked":"SKIP","floor":27},{"not_picked":["Quick Slash","Acrobatics","Cloak And Dagger"],"picked":"SKIP","floor":28},{"not_picked":["Adrenaline","Envenom"],"picked":"Grand Finale","floor":33},{"not_picked":["Poisoned Stab+1","Underhanded Strike+1","Outmaneuver+1"],"picked":"SKIP","floor":35},{"not_picked":["Dagger Spray","Slice","Setup+1"],"picked":"SKIP","floor":36},{"not_picked":["Acrobatics","Dagger Throw","Backflip+1"],"picked":"SKIP","floor":41},{"not_picked":["Accuracy+1","Unload+1","Well Laid Plans+1"],"picked":"SKIP","floor":45}],"player_experience":227158,"relics_obtained":[{"floor":9,"key":"Regal Pillow"},{"floor":12,"key":"Blue Candle"},{"floor":26,"key":"Oddly Smooth Stone"},{"floor":41,"key":"Juzu Bracelet"},{"floor":43,"key":"Molten Egg 2"}],"event_choices":[{"event_name":"Purifier","player_choice":"One Purge","floor":2,"damage_taken":0},{"event_name":"Shining Light","player_choice":"Entered Light","floor":4,"damage_taken":0},{"event_name":"Scrap Ooze","player_choice":"success","floor":5,"damage_taken":18},{"event_name":"Back to Basics","player_choice":"Elegance","floor":20,"damage_taken":0},{"event_name":"Cursed Tome","player_choice":"Ignored","floor":31,"damage_taken":0},{"event_name":"The Moai Head","player_choice":"Ignored","floor":37,"damage_taken":0},{"event_name":"Bonfire Elementals","player_choice":"UNCOMMON","floor":39,"damage_taken":0},{"event_name":"Tomb of Lord Red Mask","player_choice":"Paid","floor":47,"damage_taken":0}],"boss_relics":[{"not_picked":["Orrery","Lizard Tail"],"picked":"Eternal Feather"},{"not_picked":["Snecko Eye","Runic Pyramid"],"picked":"Empty Cage"}],"items_purged_floors":[14,30],"is_endless":false,"potions_floor_spawned":[3,11,13,16,25,28,33,36,45],"ascension_level":5}