{"gold_per_floor":[111,72,82,8,8,51,51,64,64,100,120,120,141,32,32,151,151,164,164,164,184,184,184,219,229,229,260,260,38,38,53,53,148,148,161,178,178,192,243,243,1,1,37,49,78,116,228,254,266,278],"floor_reached":51,"playtime":3443,"items_purged":[],"score":773,"play_id":"2324ad82-269a-4b9a-aa35-849b6c15451a","local_time":"20190213010015","is_ascension_mode":false,"campfire_choices":[{"data":"1","floor":7,"key":"LIFT"},{"floor":12,"key":"REST"},{"data":"Catalyst","floor":15,"key":"SMITH"},{"floor":23,"key":"REST"},{"floor":30,"key":"REST"},{"floor":32,"key":"REST"},{"floor":40,"key":"REST"},{"data":"Infinite Blades","floor":44,"key":"SMITH"},{"floor":49,"key":"REST"}],"neow_cost":"NONE","seed_source_timestamp":20021648953168,"circlet_count":0,"master_deck":["Defend_G+1","Defend_G+1","Defend_G+1","Defend_G+1","Defend_G+1","Strike_G+1","Strike_G+1","Strike_G+1","Strike_G+1","Strike_G+1","Survivor","Neutralize","Blade Dance","Well Laid Plans","Backflip","Corpse Explosion","Blur","Footwork","Die Die Die","Blade Dance","Catalyst+1","Reflex","Calculated Gamble","Bullet Time","Backstab+1","PiercingWail","Deflect","Acrobatics+1","Backstab+1","Sucker Punch","Dagger Spray","Envenom","Slice+1","Deflect+1","Violence","Finesse","Secret Weapon","Well Laid Plans+1","Deflect","Infinite Blades+1","Infinite Blades","Dagger Throw","Noxious Fumes","Blur+1"],"relics":["Ring of the Snake","NeowsBlessing","Bloody Idol","Girya","Mango","Happy Flower","Black Star","MutagenicStrength","Question Card","Blood Vial","Bronze Scales","Pocketwatch","Snake Skull","Medical Kit","WristBlade","The Specimen","DollysMirror","MawBank","Boot","Anchor","PreservedInsect"],"potions_floor_usage":[16,18,24,24,33,39,46,50],"damage_taken":[{"damage":0,"enemies":"Cultist","floor":1,"turns":1},{"damage":0,"enemies":"Jaw Worm","floor":3,"turns":1},{"damage":0,"enemies":"Lagavulin","floor":6,"turns":1},{"damage":0,"enemies":"2 Louse","floor":8,"turns":2},{"damage":18,"enemies":"3 Sentries","floor":10,"turns":5},{"damage":0,"enemies":"2 Fungi Beasts","floor":11,"turns":2},{"damage":0,"enemies":"Gremlin Gang","floor":13,"turns":1},{"damage":50,"enemies":"Slime Boss","floor":16,"turns":16},{"damage":17,"enemies":"2 Thieves","floor":18,"turns":2},{"damage":19,"enemies":"Spheric Guardian","floor":21,"turns":6},{"damage":71,"enemies":"Book of Stabbing","floor":24,"turns":10},{"damage":2,"enemies":"Cultist and Chosen","floor":25,"turns":3},{"damage":24,"enemies":"Gremlin Leader","floor":27,"turns":8},{"damage":21,"enemies":"Sentry and Sphere","floor":31,"turns":6},{"damage":23,"enemies":"Automaton","floor":33,"turns":12},{"damage":0,"enemies":"3 Shapes","floor":35,"turns":2},{"damage":0,"enemies":"Orb Walker","floor":36,"turns":1},{"damage":32,"enemies":"Writhing Mass","floor":38,"turns":7},{"damage":21,"enemies":"2 Orb Walkers","floor":39,"turns":6},{"damage":0,"enemies":"Jaw Worm Horde","floor":45,"turns":4},{"damage":30,"enemies":"Giant Head","floor":46,"turns":7},{"damage":25,"enemies":"4 Shapes","floor":48,"turns":2},{"damage":54,"enemies":"Donu and Deca","floor":50,"turns":6}],"seed_played":"-2933077827720086595","potions_obtained":[{"floor":10,"key":"Strength Potion"},{"floor":11,"key":"SteroidPotion"},{"floor":13,"key":"Regen Potion"},{"floor":21,"key":"Block Potion"},{"floor":31,"key":"Strength Potion"},{"floor":33,"key":"Explosive Potion"},{"floor":35,"key":"GhostInAJar"},{"floor":36,"key":"Dexterity Potion"},{"floor":46,"key":"Poison Potion"},{"floor":48,"key":"SmokeBomb"}],"is_trial":false,"path_per_floor":["M","$","M","$","?","E","R","M","T","E","M","R","M","$","R","B",null,"M","?","?","M","?","R","E","M","T","E","?","$","R","M","R","B",null,"M","M","?","M","?","R","$","?","T","R","M","E","?","M","R","B",null],"character_chosen":"THE_SILENT","items_purchased":["Well Laid Plans","Corpse Explosion","Reflex","Calculated Gamble","Medical Kit","Sucker Punch","Infinite Blades","DollysMirror"],"campfire_rested":6,"item_purchase_floors":[2,4,14,14,29,29,41,41],"current_hp_per_floor":[70,70,70,70,53,53,53,53,67,49,49,74,74,74,74,24,84,67,67,67,53,53,78,26,31,31,14,14,14,39,25,50,34,84,84,84,74,49,35,60,60,60,70,75,84,59,69,56,84,30],"gold":290,"neow_bonus":"THREE_ENEMY_KILL","is_prod":false,"is_daily":false,"chose_seed":false,"campfire_upgraded":2,"win_rate":0.0,"timestamp":1550037615,"path_taken":["M","$","?","$","?","E","R","M","T","E","M","R","M","$","R","BOSS","M","?","?","M","?","R","E","M","T","E","?","$","R","?","R","BOSS","M","M","?","M","?","R","$","?","T","R","?","E","?","M","R","BOSS"],"build_version":"2019-01-23","purchased_purges":0,"victory":true,"max_hp_per_floor":[70,70,70,70,70,70,70,70,84,84,84,84,84,84,84,84,84,84,84,84,84,84,84,84,84,84,84,84,84,84,84,84,84,84,84,84,84,84,84,84,84,84,84,84,84,84,84,84,84,84],"card_choices":[{"not_picked":["Backflip","Poisoned Stab"],"picked":"Blade Dance","floor":1},{"not_picked":["Bouncing Flask","Outmaneuver"],"picked":"Backflip","floor":3},{"not_picked":["Tactician","Prepared"],"picked":"Blur","floor":6},{"not_picked":["Flechettes","Poisoned Stab"],"picked":"Footwork","floor":8},{"not_picked":["Bane","Poisoned Stab"],"picked":"Die Die Die","floor":10},{"not_picked":["Backflip","Poisoned Stab"],"picked":"Blade Dance","floor":11},{"not_picked":["Tools of the Trade","Sucker Punch"],"picked":"Catalyst","floor":13},{"not_picked":["Phantasmal Killer","Doppelganger"],"picked":"Bullet Time","floor":16},{"not_picked":["Outmaneuver+1","PiercingWail"],"picked":"Backstab+1","floor":18},{"not_picked":["Predator","Reflex"],"picked":"PiercingWail","floor":21},{"not_picked":["Flying Knee","Prepared"],"picked":"Deflect","floor":24},{"not_picked":["Slice+1","Prepared","Heel Hook"],"picked":"Acrobatics+1","floor":25},{"not_picked":["Bane","Finisher","Unload"],"picked":"Backstab+1","floor":27},{"not_picked":["Eviscerate","Catalyst","Acrobatics+1"],"picked":"Dagger Spray","floor":31},{"not_picked":["Doppelganger","Glass Knife","Corpse Explosion"],"picked":"Envenom","floor":33},{"not_picked":["All Out Attack+1","Sucker Punch","Backflip"],"picked":"Slice+1","floor":35},{"not_picked":["Finisher","Poisoned Stab","Distraction+1"],"picked":"Deflect+1","floor":36},{"not_picked":["Finesse","Bandage Up","Discovery"],"picked":"Violence","floor":37},{"not_picked":["Magnetism","Forethought","Secret Technique"],"picked":"Finesse","floor":37},{"not_picked":["PanicButton","Dark Shackles","Enlightenment"],"picked":"Secret Weapon","floor":37},{"not_picked":["Acrobatics","Choke","Dagger Spray"],"picked":"Well Laid Plans+1","floor":38},{"not_picked":["Eviscerate","Acrobatics","Footwork"],"picked":"Deflect","floor":39},{"not_picked":["Slice","Endless Agony","Catalyst+1"],"picked":"Dagger Throw","floor":45},{"not_picked":["Slice","Masterful Stab","Backflip"],"picked":"Noxious Fumes","floor":46},{"not_picked":["Prepared","Reflex","Bane+1"],"picked":"Blur+1","floor":48}],"player_experience":13989,"relics_obtained":[{"floor":6,"key":"Girya"},{"floor":9,"key":"Mango"},{"floor":10,"key":"Happy Flower"},{"floor":24,"key":"Question Card"},{"floor":24,"key":"Blood Vial"},{"floor":26,"key":"Bronze Scales"},{"floor":27,"key":"Pocketwatch"},{"floor":27,"key":"Snake Skull"},{"floor":39,"key":"The Specimen"},{"floor":43,"key":"Boot"},{"floor":46,"key":"Anchor"},{"floor":46,"key":"PreservedInsect"}],"event_choices":[{"damage_healed":0,"gold_gain":0,"player_choice":"Take Damage","damage_taken":17,"relics_obtained":["Golden Idol"],"max_hp_gain":0,"max_hp_loss":0,"event_name":"Golden Idol","floor":5,"gold_loss":0},{"damage_healed":0,"gold_gain":0,"player_choice":"Gave Idol","damage_taken":0,"relics_obtained":["Bloody Idol"],"max_hp_gain":0,"max_hp_loss":0,"event_name":"Forgotten Altar","floor":19,"relics_lost":["Golden Idol"],"gold_loss":0},{"damage_healed":0,"gold_gain":0,"player_choice":"Simplicity","damage_taken":0,"max_hp_gain":0,"max_hp_loss":0,"event_name":"Back to Basics","floor":20,"gold_loss":0,"cards_upgraded":["Defend_G","Defend_G","Defend_G","Defend_G","Defend_G","Strike_G","Strike_G","Strike_G","Strike_G","Strike_G"]},{"damage_healed":0,"gold_gain":0,"player_choice":"Inject Mutagens","damage_taken":0,"relics_obtained":["MutagenicStrength"],"max_hp_gain":0,"max_hp_loss":0,"event_name":"Drug Dealer","floor":22,"gold_loss":0},{"damage_healed":0,"gold_gain":0,"player_choice":"Leave","damage_taken":0,"max_hp_gain":0,"max_hp_loss":0,"event_name":"FaceTrader","floor":28,"gold_loss":0},{"damage_healed":0,"gold_gain":0,"player_choice":"Memory 3","damage_taken":10,"max_hp_gain":0,"max_hp_loss":0,"event_name":"SensoryStone","floor":37,"gold_loss":0},{"damage_healed":0,"gold_gain":0,"player_choice":"Fight","damage_taken":0,"max_hp_gain":0,"max_hp_loss":0,"event_name":"Mysterious Sphere","floor":39,"gold_loss":0},{"damage_healed":0,"gold_gain":0,"player_choice":"Gave Potion","damage_taken":0,"relics_obtained":["MawBank"],"max_hp_gain":0,"max_hp_loss":0,"event_name":"WeMeetAgain","floor":42,"gold_loss":0},{"damage_healed":0,"gold_gain":100,"player_choice":"Pray","damage_taken":0,"max_hp_gain":0,"max_hp_loss":0,"event_name":"Golden Shrine","floor":47,"gold_loss":0}],"is_beta":false,"boss_relics":[{"not_picked":["Ring of the Serpent","Runic Pyramid"],"picked":"Black Star"},{"not_picked":["Cursed Key","Runic Dome"],"picked":"WristBlade"}],"items_purged_floors":[],"is_endless":false,"potions_floor_spawned":[10,11,13,21,31,33,35,36,46,48],"ascension_level":0}