{"gold_per_floor":[117,131,151,35,46,76,76,95,95,127,146,146,221,546,546,647,647,632,56,56,72,72,72,102,102,155,74,93,127,158,177,177,274,274,289,289,48,323,334,334,344,344,344,344,354,380,428,44,44,44],"floor_reached":51,"playtime":6740,"items_purged":["Defend_G"],"score":767,"play_id":"6107ca65-f321-461b-8868-c4a0c076757b","local_time":"20190217191351","is_ascension_mode":true,"campfire_choices":[{"floor":7,"key":"REST"},{"floor":12,"key":"REST"},{"floor":15,"key":"REST"},{"data":"After Image","floor":23,"key":"SMITH"},{"data":"Accuracy","floor":25,"key":"SMITH"},{"floor":32,"key":"REST"},{"data":"Catalyst","floor":40,"key":"SMITH"},{"data":"Noxious Fumes","floor":42,"key":"SMITH"},{"data":"Leg Sweep","floor":44,"key":"SMITH"},{"floor":49,"key":"REST"}],"neow_cost":"NONE","seed_source_timestamp":926806324200,"circlet_count":0,"master_deck":["Defend_G","Defend_G","Defend_G","Defend_G","Strike_G","Strike_G","Strike_G","Strike_G","Survivor","Neutralize","Flying Knee","Terror","PiercingWail","Accuracy+1","Catalyst+1","Blade Dance","Backflip","Dodge and Roll","Cloak And Dagger","Bouncing Flask","After Image+1","Dodge and Roll","Footwork","Crippling Poison+1","Caltrops+1","Noxious Fumes+1","Leg Sweep+1","Poisoned Stab","Blade Dance","Outmaneuver+1","Adrenaline","Deadly Poison","Backflip","PiercingWail+1","Blur","Crippling Poison","Flying Knee+1","Blur"],"relics":["Ring of the Snake","Omamori","Pantograph","PreservedInsect","Old Coin","Eternal Feather","TwistedFunnel","Vajra","Oddly Smooth Stone","Shuriken","Tough Bandages","Ancient Tea Set","Mercury Hourglass","Red Mask","Busted Crown","Paper Crane","Orichalcum","Regal Pillow","Tingsha","Snake Skull","ClockworkSouvenir"],"potions_floor_usage":[6,14,16,18,24,28,30,33,50,50,50],"damage_taken":[{"damage":0,"enemies":"Cultist","floor":1,"turns":5},{"damage":6,"enemies":"Jaw Worm","floor":2,"turns":5},{"damage":0,"enemies":"Small Slimes","floor":3,"turns":2},{"damage":14,"enemies":"Exordium Wildlife","floor":5,"turns":6},{"damage":18,"enemies":"Lagavulin","floor":6,"turns":9},{"damage":0,"enemies":"3 Louse","floor":8,"turns":4},{"damage":21,"enemies":"3 Sentries","floor":10,"turns":12},{"damage":1,"enemies":"Blue Slaver","floor":11,"turns":4},{"damage":16,"enemies":"Lagavulin","floor":14,"turns":6},{"damage":63,"enemies":"The Guardian","floor":16,"turns":11},{"damage":19,"enemies":"2 Thieves","floor":18,"turns":5},{"damage":0,"enemies":"Chosen","floor":21,"turns":6},{"damage":13,"enemies":"Book of Stabbing","floor":24,"turns":5},{"damage":3,"enemies":"3 Cultists","floor":28,"turns":4},{"damage":18,"enemies":"Slavers","floor":29,"turns":3},{"damage":21,"enemies":"Masked Bandits","floor":30,"turns":4},{"damage":5,"enemies":"Snake Plant","floor":31,"turns":5},{"damage":37,"enemies":"Automaton","floor":33,"turns":10},{"damage":5,"enemies":"3 Shapes","floor":35,"turns":3},{"damage":13,"enemies":"3 Darklings","floor":39,"turns":3},{"damage":0,"enemies":"Spire Growth","floor":41,"turns":5},{"damage":0,"enemies":"Maw","floor":45,"turns":6},{"damage":10,"enemies":"Reptomancer","floor":46,"turns":5},{"damage":23,"enemies":"2 Orb Walkers","floor":47,"turns":5},{"damage":14,"enemies":"Donu and Deca","floor":50,"turns":10}],"seed_played":"1625109009548171041","potions_obtained":[{"floor":5,"key":"Swift Potion"},{"floor":6,"key":"GamblersBrew"},{"floor":8,"key":"FearPotion"},{"floor":10,"key":"GhostInAJar"},{"floor":14,"key":"Energy Potion"},{"floor":16,"key":"FearPotion"},{"floor":18,"key":"PowerPotion"},{"floor":28,"key":"Poison Potion"},{"floor":31,"key":"SneckoOil"},{"floor":45,"key":"Weak Potion"},{"floor":46,"key":"Dexterity Potion"}],"is_trial":false,"path_per_floor":["M","M","M","$","M","E","R","M","T","E","M","R","?","E","R","B",null,"M","$","?","M","?","R","E","R","T","$","M","E","?","M","R","B",null,"M","?","$","?","M","R","M","R","T","R","M","E","?","$","R","B",null],"character_chosen":"THE_SILENT","items_purchased":["Accuracy","TwistedFunnel","Footwork","Vajra","Oddly Smooth Stone","Noxious Fumes","Paper Crane","Snake Skull","Blur","ClockworkSouvenir"],"campfire_rested":5,"item_purchase_floors":[4,19,19,19,19,27,37,48,48,48],"current_hp_per_floor":[77,71,71,71,57,39,62,62,62,41,40,63,52,36,59,14,77,58,58,58,58,58,73,60,75,75,75,72,54,33,28,69,40,77,72,72,72,72,59,77,77,77,77,77,77,67,44,44,77,63],"gold":44,"neow_bonus":"TEN_PERCENT_HP_BONUS","is_prod":false,"is_daily":false,"chose_seed":false,"campfire_upgraded":5,"win_rate":0,"timestamp":1550427231,"path_taken":["M","M","M","$","M","E","R","?","T","E","?","R","?","E","R","BOSS","M","$","?","M","?","R","E","R","T","?","M","E","?","?","R","BOSS","M","?","$","?","M","R","M","R","T","R","?","E","?","$","R","BOSS"],"build_version":"2019-01-23","purchased_purges":1,"victory":true,"max_hp_per_floor":[77,77,77,77,77,77,77,77,77,77,77,77,77,77,77,77,77,77,77,77,77,77,77,77,77,77,77,77,77,77,77,77,77,77,77,77,77,77,77,77,77,77,77,77,77,77,77,77,77,77],"card_choices":[{"not_picked":["Dagger Spray","Predator"],"picked":"Flying Knee","floor":1},{"not_picked":["Bane","Backflip"],"picked":"Terror","floor":2},{"not_picked":["Blade Dance","Dagger Throw"],"picked":"PiercingWail","floor":3},{"not_picked":["Reflex","Endless Agony"],"picked":"Catalyst","floor":5},{"not_picked":["Terror","Cloak And Dagger"],"picked":"Blade Dance","floor":6},{"not_picked":["Dash","Expertise"],"picked":"Backflip","floor":8},{"not_picked":["Phantasmal Killer","Underhanded Strike"],"picked":"Dodge and Roll","floor":10},{"not_picked":["Flying Knee","Quick Slash"],"picked":"Cloak And Dagger","floor":11},{"not_picked":["Burst","Bane"],"picked":"Bouncing Flask","floor":14},{"not_picked":["Storm of Steel","Venomology"],"picked":"After Image","floor":16},{"not_picked":["Underhanded Strike","Slice"],"picked":"Dodge and Roll","floor":18},{"not_picked":["Bouncing Flask+1","Backflip"],"picked":"Crippling Poison+1","floor":21},{"not_picked":["Distraction+1","Underhanded Strike"],"picked":"Caltrops+1","floor":24},{"not_picked":["Blade Dance","Slice+1"],"picked":"Leg Sweep","floor":28},{"not_picked":["Distraction","Caltrops"],"picked":"Poisoned Stab","floor":29},{"not_picked":["Flechettes+1","Slice"],"picked":"Blade Dance","floor":30},{"not_picked":["Quick Slash+1","Dash"],"picked":"Outmaneuver+1","floor":31},{"not_picked":["Doppelganger","Corpse Explosion"],"picked":"Adrenaline","floor":33},{"not_picked":[],"picked":"Deadly Poison","floor":35},{"not_picked":[],"picked":"Backflip","floor":39},{"not_picked":[],"picked":"PiercingWail+1","floor":41},{"not_picked":[],"picked":"Blur","floor":45},{"not_picked":[],"picked":"Crippling Poison","floor":46},{"not_picked":[],"picked":"Flying Knee+1","floor":47}],"player_experience":53062,"relics_obtained":[{"floor":6,"key":"Omamori"},{"floor":9,"key":"Pantograph"},{"floor":10,"key":"PreservedInsect"},{"floor":14,"key":"Old Coin"},{"floor":24,"key":"Tough Bandages"},{"floor":26,"key":"Ancient Tea Set"},{"floor":29,"key":"Mercury Hourglass"},{"floor":30,"key":"Red Mask"},{"floor":43,"key":"Orichalcum"},{"floor":46,"key":"Regal Pillow"},{"floor":47,"key":"Tingsha"}],"event_choices":[{"damage_healed":0,"gold_gain":75,"player_choice":"Gather Gold","damage_taken":11,"max_hp_gain":0,"max_hp_loss":0,"event_name":"World of Goop","floor":13,"gold_loss":0},{"damage_healed":0,"gold_gain":0,"player_choice":"Stole Relic","damage_taken":0,"relics_obtained":["Shuriken"],"max_hp_gain":0,"max_hp_loss":0,"event_name":"Addict","floor":20,"gold_loss":0,"cards_obtained":["Shame"]},{"damage_healed":0,"gold_gain":0,"player_choice":"Ignored","damage_taken":0,"max_hp_gain":0,"max_hp_loss":0,"event_name":"Vampires","floor":22,"gold_loss":0},{"damage_healed":0,"gold_gain":0,"player_choice":"Fought Bandits","damage_taken":0,"max_hp_gain":0,"max_hp_loss":0,"event_name":"Masked Bandits","floor":30,"gold_loss":0},{"cards_removed":["Strike_G"],"damage_healed":0,"gold_gain":0,"player_choice":"Removed Attack","damage_taken":0,"max_hp_gain":0,"max_hp_loss":0,"event_name":"Falling","floor":36,"gold_loss":0},{"damage_healed":0,"gold_gain":275,"player_choice":"Desecrate","damage_taken":0,"max_hp_gain":0,"max_hp_loss":0,"event_name":"Golden Shrine","floor":38,"gold_loss":0,"cards_obtained":["Regret"]},{"damage_healed":0,"gold_gain":0,"player_choice":"Fight","damage_taken":0,"max_hp_gain":0,"max_hp_loss":0,"event_name":"Mysterious Sphere","floor":47,"gold_loss":0}],"is_beta":false,"boss_relics":[{"not_picked":["Coffee Dripper","Fusion Hammer"],"picked":"Eternal Feather"},{"not_picked":["Lizard Tail","HoveringKite"],"picked":"Busted Crown"}],"items_purged_floors":[4],"is_endless":false,"potions_floor_spawned":[5,6,8,10,14,16,18,28,31,45,46],"ascension_level":1}