{"gold_per_floor":[110,285,360,385,404,404,438,448,527,553,565,490,76,76,76,76],"floor_reached":16,"playtime":490,"items_purged":["Doubt"],"score":243,"play_id":"4b03beec-c815-461a-99e3-ef6b3ffdffeb","local_time":"20190217170620","is_ascension_mode":true,"campfire_choices":[{"data":"Uppercut","floor":6,"key":"SMITH"},{"data":"Combust","floor":15,"key":"SMITH"}],"neow_cost":"NONE","seed_source_timestamp":233034713713513,"circlet_count":0,"master_deck":["AscendersBane","Strike_R","Strike_R","Strike_R","Strike_R","Strike_R","Defend_R","Defend_R","Defend_R","Defend_R","Bash","Spot Weakness","Uppercut+1","Combust+1"],"relics":["Burning Blood","NeowsBlessing","Bag of Marbles","Bronze Scales","Singing Bowl","Self Forming Clay","Lantern","Toxic Egg 2"],"potions_floor_usage":[11,14,16],"damage_taken":[{"damage":0,"enemies":"Small Slimes","floor":1,"turns":1},{"damage":0,"enemies":"Jaw Worm","floor":5,"turns":1},{"damage":0,"enemies":"Lagavulin","floor":7,"turns":1},{"damage":2,"enemies":"Cultist","floor":8,"turns":3},{"damage":31,"enemies":"3 Sentries","floor":10,"turns":6},{"damage":32,"enemies":"Exordium Thugs","floor":11,"turns":4},{"damage":0,"enemies":"Gremlin Nob","floor":14,"turns":2},{"damage":48,"enemies":"Slime Boss","floor":16,"turns":9}],"seed_played":"-5021243895171594977","potions_obtained":[{"floor":1,"key":"FearPotion"},{"floor":7,"key":"BloodPotion"},{"floor":11,"key":"SmokeBomb"}],"is_trial":false,"path_per_floor":["M","?","?","T","M","R","E","M","T","E","M","$","$","E","R","B"],"character_chosen":"IRONCLAD","items_purchased":["Lantern","Toxic Egg 2"],"campfire_rested":0,"item_purchase_floors":[13,13],"current_hp_per_floor":[74,74,63,63,69,69,75,75,75,52,35,35,35,41,41,0],"gold":76,"neow_bonus":"THREE_ENEMY_KILL","is_prod":false,"is_daily":false,"chose_seed":false,"campfire_upgraded":2,"win_rate":0,"timestamp":1550444780,"path_taken":["M","?","?","?","M","R","E","M","T","E","M","?","$","E","R","BOSS"],"build_version":"2019-01-23","purchased_purges":1,"victory":false,"max_hp_per_floor":[75,75,75,75,75,75,75,75,75,77,79,79,79,79,79,79],"card_choices":[{"not_picked":["Sentinel","Clothesline"],"picked":"Spot Weakness","floor":1},{"not_picked":["Infernal Blade","Rage"],"picked":"Uppercut","floor":5},{"not_picked":["Perfected Strike","True Grit"],"picked":"Combust","floor":7},{"not_picked":["Flex","Wild Strike","Intimidate"],"picked":"SKIP","floor":8},{"not_picked":["Pommel Strike","Perfected Strike","Thunderclap"],"picked":"Singing Bowl","floor":10},{"not_picked":["Thunderclap","Reckless Charge","Corruption"],"picked":"Singing Bowl","floor":11}],"player_experience":583756,"relics_obtained":[{"floor":4,"key":"Bag of Marbles"},{"floor":7,"key":"Bronze Scales"},{"floor":9,"key":"Singing Bowl"},{"floor":10,"key":"Self Forming Clay"}],"event_choices":[{"damage_healed":0,"gold_gain":175,"player_choice":"AGREE","damage_taken":0,"max_hp_gain":0,"max_hp_loss":0,"event_name":"Liars Game","floor":2,"gold_loss":0,"cards_obtained":["Doubt"]},{"damage_healed":0,"gold_gain":75,"player_choice":"Gather Gold","damage_taken":11,"max_hp_gain":0,"max_hp_loss":0,"event_name":"World of Goop","floor":3,"gold_loss":0}],"is_beta":false,"boss_relics":[],"items_purged_floors":[12],"is_endless":false,"potions_floor_spawned":[1,7,11,14],"killed_by":"Slime Boss","ascension_level":14}