{"gold_per_floor":[116,126,126,26,37,37,37,70,117,132,155,155,185,202,202,281,281,293,310,225,225,29,56,56,56],"floor_reached":25,"playtime":535,"items_purged":[],"score":470,"play_id":"7252a212-e7b6-4525-972d-2230affa463e","local_time":"20190217203133","is_ascension_mode":true,"campfire_choices":[{"data":"Zap","floor":6,"key":"SMITH"},{"data":"Tempest","floor":12,"key":"SMITH"},{"data":"Leap","floor":15,"key":"SMITH"},{"data":"Mayhem","floor":24,"key":"SMITH"}],"neow_cost":"NONE","seed_source_timestamp":25904299640830,"circlet_count":0,"master_deck":["AscendersBane","Strike_B","Strike_B","Strike_B","Strike_B","Defend_B","Defend_B","Defend_B","Defend_B","Zap+1","Cold Snap","Rip and Tear","FTL","Ball Lightning","Steam","Steam","Tempest+1","Leap","Leap+1","Electrodynamics","Mayhem+1","Chill+1"],"relics":["Cracked Core","DataDisk","Happy Flower","Orichalcum","Odd Mushroom","PreservedInsect","Sozu","Bag of Marbles","Calipers"],"potions_floor_usage":[16,16],"damage_taken":[{"damage":7,"enemies":"Jaw Worm","floor":1,"turns":3},{"damage":0,"enemies":"Cultist","floor":2,"turns":3},{"damage":3,"enemies":"2 Louse","floor":5,"turns":2},{"damage":16,"enemies":"Lagavulin","floor":8,"turns":5},{"damage":4,"enemies":"Blue Slaver","floor":10,"turns":2},{"damage":0,"enemies":"The Mushroom Lair","floor":11,"turns":3},{"damage":0,"enemies":"Gremlin Nob","floor":13,"turns":3},{"damage":6,"enemies":"Exordium Thugs","floor":14,"turns":3},{"damage":18,"enemies":"Hexaghost","floor":16,"turns":9},{"damage":6,"enemies":"Chosen","floor":18,"turns":3},{"damage":6,"enemies":"Spheric Guardian","floor":19,"turns":3},{"damage":32,"enemies":"Slavers","floor":23,"turns":4},{"damage":12,"enemies":"Snake Plant","floor":25,"turns":1}],"seed_played":"-5192449523438796136","potions_obtained":[{"floor":8,"key":"Regen Potion"},{"floor":10,"key":"FearPotion"},{"floor":16,"key":"Fire Potion"}],"is_trial":false,"path_per_floor":["M","M","?","$","M","R","$","E","T","M","?","R","E","M","R","B",null,"M","M","?","?","$","E","R","M"],"character_chosen":"DEFECT","items_purchased":["FTL","Ball Lightning","Mayhem"],"campfire_rested":0,"item_purchase_floors":[4,4,22],"current_hp_per_floor":[57,57,57,57,54,54,54,38,38,34,34,34,34,28,28,25,60,54,48,48,44,44,12,12,0],"gold":56,"neow_bonus":"RANDOM_COMMON_RELIC","is_prod":false,"is_daily":false,"chose_seed":false,"campfire_upgraded":4,"win_rate":0,"timestamp":1550446293,"path_taken":["M","M","?","$","?","R","?","E","T","M","?","R","E","M","R","BOSS","M","M","?","?","$","E","R","?"],"build_version":"2018-11-15","purchased_purges":0,"victory":false,"max_hp_per_floor":[71,71,71,71,71,71,71,71,71,71,71,71,71,71,71,71,71,71,71,71,71,71,71,71,71],"card_choices":[{"not_picked":["Turbo","Barrage"],"picked":"Cold Snap","floor":1},{"not_picked":["Rebound","Reinforced Body"],"picked":"Rip and Tear","floor":2},{"not_picked":["Static Discharge","Undo"],"picked":"Steam","floor":5},{"not_picked":["Go for the Eyes","Streamline","Rebound"],"picked":"SKIP","floor":8},{"not_picked":["Streamline","Sunder"],"picked":"Steam","floor":10},{"not_picked":["Sweeping Beam","Amplify"],"picked":"Tempest","floor":11},{"not_picked":["Barrage","Go for the Eyes"],"picked":"Leap","floor":13},{"not_picked":["Fusion","Beam Cell"],"picked":"Leap","floor":14},{"not_picked":["Reboot","Amplify"],"picked":"Electrodynamics","floor":16},{"not_picked":["Melter","Turbo","Beam Cell"],"picked":"SKIP","floor":18},{"not_picked":["Go for the Eyes","Streamline","Steam"],"picked":"SKIP","floor":19},{"not_picked":["FTL","Stack"],"picked":"Chill+1","floor":23}],"player_experience":162101,"relics_obtained":[{"floor":8,"key":"Happy Flower"},{"floor":9,"key":"Orichalcum"},{"floor":11,"key":"Odd Mushroom"},{"floor":13,"key":"PreservedInsect"},{"floor":23,"key":"Calipers"}],"event_choices":[{"cards_removed":["Dualcast"],"damage_healed":0,"gold_gain":0,"player_choice":"Purged","damage_taken":0,"max_hp_gain":0,"max_hp_loss":0,"event_name":"Purifier","floor":3,"gold_loss":0},{"damage_healed":0,"gold_gain":0,"player_choice":"Fought Mushrooms","damage_taken":0,"max_hp_gain":0,"max_hp_loss":0,"event_name":"Mushrooms","floor":11,"gold_loss":0},{"damage_healed":0,"gold_gain":0,"player_choice":"Obtained Relic","damage_taken":0,"relics_obtained":["Bag of Marbles"],"max_hp_gain":0,"max_hp_loss":0,"event_name":"Addict","floor":20,"gold_loss":85},{"damage_healed":0,"gold_gain":0,"player_choice":"Bought 0 Potions","damage_taken":0,"max_hp_gain":0,"max_hp_loss":0,"event_name":"The Woman in Blue","floor":21,"gold_loss":0}],"is_beta":false,"boss_relics":[{"not_picked":["Eternal Feather","Calling Bell"],"picked":"Sozu"}],"items_purged_floors":[],"is_endless":false,"potions_floor_spawned":[8,10,14,16,18,19],"killed_by":"Snake Plant","ascension_level":17}