{"gold_per_floor":[110,129,148,39,54,79,79,79,150,150,150],"floor_reached":11,"playtime":220,"items_purged":["Dualcast"],"score":120,"play_id":"2610216c-1eed-4b20-b121-5de0bf5f6b0b","local_time":"20190207215117","is_ascension_mode":true,"campfire_choices":[{"data":"Defragment","floor":7,"key":"SMITH"}],"neow_cost":"NONE","seed_source_timestamp":78987816701719,"circlet_count":0,"master_deck":["AscendersBane","Strike_B","Strike_B","Strike_B","Strike_B","Defend_B","Defend_B","Defend_B","Defend_B","Zap","Steam","Ball Lightning","Defragment+1","Leap","Doom and Gloom"],"relics":["Cracked Core","NeowsBlessing","Bird Faced Urn","Mercury Hourglass"],"potions_floor_usage":[10],"damage_taken":[{"damage":0,"enemies":"Jaw Worm","floor":1,"turns":1},{"damage":0,"enemies":"Cultist","floor":2,"turns":1},{"damage":0,"enemies":"2 Louse","floor":3,"turns":1},{"damage":4,"enemies":"Large Slime","floor":5,"turns":5},{"damage":60,"enemies":"Gremlin Nob","floor":6,"turns":5},{"damage":0,"enemies":"Gremlin Gang","floor":10,"turns":1},{"damage":10,"enemies":"3 Sentries","floor":11,"turns":2}],"seed_played":"6714900561897880317","potions_obtained":[{"floor":2,"key":"Dexterity Potion"},{"floor":3,"key":"SmokeBomb"}],"is_trial":false,"path_per_floor":["M","M","M","$","M","E","R","?","T","M","E"],"character_chosen":"DEFECT","items_purchased":["Defragment"],"campfire_rested":0,"item_purchase_floors":[4],"current_hp_per_floor":[68,68,68,68,64,4,4,4,4,4,0],"gold":150,"neow_bonus":"THREE_ENEMY_KILL","is_prod":false,"is_daily":false,"chose_seed":false,"campfire_upgraded":1,"win_rate":0,"timestamp":1549587077,"path_taken":["M","M","M","$","M","E","R","?","T","?","E"],"build_version":"2018-11-15","purchased_purges":1,"victory":false,"max_hp_per_floor":[75,75,75,75,75,75,75,75,75,75,75],"card_choices":[{"not_picked":["Stack","Steam Power","Reprogram"],"picked":"SKIP","floor":1},{"not_picked":["Beam Cell","Coolheaded"],"picked":"Steam","floor":2},{"not_picked":["Stack","All For One"],"picked":"Ball Lightning","floor":3},{"not_picked":["Undo","Consume"],"picked":"Leap","floor":5},{"not_picked":["Leap","Steam"],"picked":"Doom and Gloom","floor":6}],"player_experience":103742,"relics_obtained":[{"floor":6,"key":"Bird Faced Urn"},{"floor":9,"key":"Mercury Hourglass"}],"event_choices":[{"damage_healed":0,"gold_gain":0,"player_choice":"Bought 0 Potions","damage_taken":0,"max_hp_gain":0,"max_hp_loss":0,"event_name":"The Woman in Blue","floor":8,"gold_loss":0}],"is_beta":false,"boss_relics":[],"items_purged_floors":[4],"is_endless":false,"potions_floor_spawned":[2,3],"killed_by":"3 Sentries","ascension_level":12}