{"gold_per_floor":[209,209,259,273,52,52,64,64,64,92,92,92,102,119,119,119],"floor_reached":16,"playtime":321,"items_purged":["Strike_B"],"score":175,"play_id":"7b306ee3-7329-45c9-bce1-9758c0ec8604","local_time":"20190214231154","is_ascension_mode":true,"campfire_choices":[{"data":"Zap","floor":6.0,"key":"SMITH"},{"data":"Sweeping Beam","floor":8.0,"key":"SMITH"},{"data":"Go for the Eyes","floor":11.0,"key":"SMITH"},{"data":"Coolheaded","floor":15.0,"key":"SMITH"}],"neow_cost":"NONE","seed_source_timestamp":11297725202019,"circlet_count":0,"master_deck":["AscendersBane","Strike_B","Strike_B","Defend_B","Defend_B","Defend_B","Defend_B","Zap+1","Gash","Capacitor","Sweeping Beam+1","All For One","Echo Form","Go for the Eyes+1","Coolheaded+1","Self Repair"],"special_seed":0,"relics":["Cracked Core","The Courier","Strawberry"],"potions_floor_usage":[],"damage_taken":[{"damage":4.0,"enemies":"Jaw Worm","floor":1.0,"turns":4.0},{"damage":10.0,"enemies":"2 Louse","floor":4.0,"turns":3.0},{"damage":0.0,"enemies":"Cultist","floor":7.0,"turns":3.0},{"damage":20.0,"enemies":"3 Sentries","floor":10.0,"turns":3.0},{"damage":9.0,"enemies":"Blue Slaver","floor":13.0,"turns":3.0},{"damage":9.0,"enemies":"Red Slaver","floor":14.0,"turns":4.0},{"damage":23,"enemies":"The Guardian","floor":16,"turns":2}],"seed_played":"2909379449632829702","potions_obtained":[{"floor":4.0,"key":"Energy Potion"},{"floor":13.0,"key":"Ancient Potion"}],"is_trial":false,"path_per_floor":["M","?","?","M","$","R","M","R","T","E","R","?","M","M","R","B"],"character_chosen":"DEFECT","items_purchased":["All For One"],"campfire_rested":0,"item_purchase_floors":[5],"current_hp_per_floor":[60,60,53,43,43,43,43,43,43,30,30,30,21,12,12,0],"gold":119,"neow_bonus":"HUNDRED_GOLD","is_prod":false,"is_daily":false,"chose_seed":false,"campfire_upgraded":4,"win_rate":0,"timestamp":1550196714,"path_taken":["M","?","?","M","$","R","?","R","T","E","R","?","M","?","R","BOSS"],"build_version":"2018-11-15","purchased_purges":1,"victory":false,"max_hp_per_floor":[71,71,71,71,71,71,71,71,71,78,78,78,78,78,78,78],"card_choices":[{"not_picked":["Aggregate","Go for the Eyes"],"picked":"Gash","floor":1.0},{"not_picked":["Leap","Reinforced Body"],"picked":"Sweeping Beam","floor":4.0},{"not_picked":["Redo","Compile Driver"],"picked":"Echo Form","floor":7.0},{"not_picked":["Barrage","Aggregate"],"picked":"Go for the Eyes","floor":10.0},{"not_picked":["Redo","Streamline"],"picked":"Coolheaded","floor":13.0},{"not_picked":["Barrage","Ball Lightning"],"picked":"Self Repair","floor":14.0}],"player_experience":142399,"relics_obtained":[{"floor":9.0,"key":"The Courier"},{"floor":10.0,"key":"Strawberry"}],"event_choices":[{"damage_healed":0.0,"max_hp_gain":0.0,"max_hp_loss":0.0,"gold_gain":0.0,"cards_transformed":["Dualcast"],"event_name":"Living Wall","player_choice":"Change","floor":2.0,"gold_loss":0.0,"damage_taken":0.0,"cards_obtained":["Capacitor"]},{"damage_healed":0.0,"max_hp_gain":0.0,"max_hp_loss":0.0,"gold_gain":50.0,"event_name":"FaceTrader","player_choice":"Touch","floor":3.0,"gold_loss":0.0,"damage_taken":7.0},{"cards_removed":["Strike_B"],"damage_healed":0.0,"max_hp_gain":0.0,"max_hp_loss":0.0,"gold_gain":0.0,"event_name":"Purifier","player_choice":"Purged","floor":12.0,"gold_loss":0.0,"damage_taken":0.0}],"is_beta":false,"boss_relics":[],"items_purged_floors":[5],"is_endless":false,"potions_floor_spawned":[4,13,14],"killed_by":"The Guardian","ascension_level":15}