{"gold_per_floor":[113,124,142,142,166,166,200,218,243,243,274,239,163,180,180,282,282,292,207,207,207,53,83,0],"floor_reached":24,"playtime":960,"items_purged":["Strike_G"],"score":244,"play_id":"e154ded9-739f-428f-a4cf-6de2100c4e3c","local_time":"20190213115552","is_ascension_mode":true,"campfire_choices":[{"floor":6.0,"key":"REST"},{"floor":15.0,"key":"REST"}],"neow_cost":"TEN_PERCENT_HP_LOSS","seed_source_timestamp":49820587482329,"circlet_count":0,"master_deck":["Defend_G","Defend_G","Defend_G","Defend_G","Defend_G","Strike_G","Strike_G","Strike_G","Strike_G","Survivor","Neutralize","Envenom","PiercingWail","Crippling Poison","Noxious Fumes","Storm of Steel","Cloak And Dagger","Infinite Blades","Noxious Fumes","Adrenaline","Cloak And Dagger","Noxious Fumes","Sucker Punch+1"],"special_seed":0,"relics":["Ring of the Snake","Anchor","Orichalcum","Bronze Scales","Bottled Lightning","WristBlade","Incense Burner","Snake Skull"],"potions_floor_usage":[23,23],"damage_taken":[{"damage":8.0,"enemies":"Cultist","floor":1.0,"turns":5.0},{"damage":5.0,"enemies":"Jaw Worm","floor":2.0,"turns":5.0},{"damage":1.0,"enemies":"2 Louse","floor":3.0,"turns":3.0},{"damage":27.0,"enemies":"3 Sentries","floor":7.0,"turns":9.0},{"damage":1.0,"enemies":"Looter","floor":8.0,"turns":5.0},{"damage":14.0,"enemies":"Gremlin Nob","floor":11.0,"turns":5.0},{"damage":3.0,"enemies":"Blue Slaver","floor":14.0,"turns":4.0},{"damage":39.0,"enemies":"The Guardian","floor":16.0,"turns":10.0},{"damage":10.0,"enemies":"Chosen","floor":18.0,"turns":5.0},{"damage":44,"enemies":"Book of Stabbing","floor":23,"turns":7},{"damage":20,"enemies":"2 Thieves","floor":24,"turns":3}],"seed_played":"1597176275709081143","potions_obtained":[{"floor":3.0,"key":"Dexterity Potion"},{"floor":8.0,"key":"Block Potion"},{"floor":14.0,"key":"EssenceOfSteel"},{"floor":16.0,"key":"GamblersBrew"}],"is_trial":false,"path_per_floor":["M","M","M","$","T","R","E","M","T","?","E","?","$","M","R","B",null,"M","?","$","?","$","E","M"],"character_chosen":"THE_SILENT","items_purchased":["Noxious Fumes","Noxious Fumes"],"campfire_rested":2,"item_purchase_floors":[13,22],"current_hp_per_floor":[55,50,49,49,49,63,36,35,35,35,21,36,36,33,51,12,63,53,53,53,53,53,9,0],"gold":0,"neow_bonus":"THREE_RARE_CARDS","is_prod":false,"is_daily":false,"chose_seed":false,"campfire_upgraded":0,"win_rate":0,"timestamp":1550048152,"path_taken":["M","?","M","$","?","R","E","M","T","?","E","?","?","M","R","BOSS","M","?","$","?","$","E","M"],"build_version":"2019-01-23","purchased_purges":1,"victory":false,"max_hp_per_floor":[63,63,63,63,63,63,63,63,63,63,63,63,63,63,63,63,63,63,63,63,63,63,63,63],"card_choices":[{"not_picked":["Tools of the Trade","Night Terror"],"picked":"Envenom","floor":0.0},{"not_picked":["Flying Knee","Masterful Stab"],"picked":"PiercingWail","floor":1.0},{"not_picked":["Outmaneuver","Deflect"],"picked":"Crippling Poison","floor":2.0},{"not_picked":["Poisoned Stab","Bane"],"picked":"Noxious Fumes","floor":3.0},{"not_picked":["Dodge and Roll","Deadly Poison"],"picked":"Storm of Steel","floor":7.0},{"not_picked":["Well Laid Plans","Dagger Spray"],"picked":"Cloak And Dagger","floor":8.0},{"not_picked":["Dodge and Roll","Tactician"],"picked":"Infinite Blades","floor":11.0},{"not_picked":["Backflip","Footwork","Masterful Stab"],"picked":"SKIP","floor":14.0},{"not_picked":["A Thousand Cuts","Unload"],"picked":"Adrenaline","floor":16.0},{"not_picked":["Dodge and Roll","Backflip","Dagger Spray+1"],"picked":"SKIP","floor":18.0},{"not_picked":["Grand Finale","All Out Attack"],"picked":"Sucker Punch+1","floor":23}],"player_experience":377652,"relics_obtained":[{"floor":5.0,"key":"Anchor"},{"floor":7.0,"key":"Orichalcum"},{"floor":9.0,"key":"Bronze Scales"},{"floor":11.0,"key":"Bottled Lightning"},{"floor":23,"key":"Snake Skull"}],"event_choices":[{"damage_healed":0.0,"max_hp_gain":0.0,"max_hp_loss":0.0,"gold_gain":0.0,"event_name":"Shining Light","player_choice":"Ignored","floor":10.0,"gold_loss":0.0,"damage_taken":0.0},{"damage_healed":15.0,"max_hp_gain":0.0,"max_hp_loss":0.0,"gold_gain":0.0,"event_name":"The Cleric","player_choice":"Healed","floor":12.0,"gold_loss":35.0,"damage_taken":0.0},{"damage_healed":0.0,"max_hp_gain":0.0,"max_hp_loss":0.0,"gold_gain":0.0,"event_name":"Addict","player_choice":"Obtained Relic","floor":19.0,"gold_loss":85.0,"damage_taken":0.0,"relics_obtained":["Incense Burner"]},{"damage_healed":0,"gold_gain":0,"player_choice":"Read","damage_taken":0,"max_hp_gain":0,"max_hp_loss":0,"event_name":"The Library","floor":21,"gold_loss":0,"cards_obtained":["Cloak And Dagger"]}],"is_beta":false,"boss_relics":[{"not_picked":["Runic Pyramid","Runic Dome"],"picked":"WristBlade"}],"items_purged_floors":[22],"is_endless":false,"potions_floor_spawned":[3,8,14,16,23],"killed_by":"2 Thieves","ascension_level":2}