{"gold_per_floor":[117,117,127,87,107,137,152,0,0,0,0,20,20,33,33,131,131,149,2,12,212,228,255,31,31,81,81,116,116,128,161,161,263,263,282,57,73,73,73,73,83,83,83,93,108,108,124,134,134,134],"floor_reached":50,"playtime":5842,"items_purged":[],"score":554,"play_id":"0b733d3e-846a-4599-b24c-9784c029d004","local_time":"20180716055358","is_ascension_mode":false,"campfire_choices":[{"floor":13.0,"key":"REST"},{"floor":15.0,"key":"REST"},{"floor":25.0,"key":"REST"},{"floor":29.0,"key":"REST"},{"floor":32.0,"key":"REST"},{"floor":40.0,"key":"REST"},{"floor":42,"key":"REST"},{"floor":46,"key":"REST"},{"floor":49,"key":"REST"}],"neow_cost":"NONE","seed_source_timestamp":733093092859515,"circlet_count":0,"master_deck":["Defend_G","Defend_G","Defend_G","Defend_G","Strike_G+1","Strike_G","Strike_G","Strike_G+1","Strike_G","Survivor","Neutralize","Catalyst","Tools of the Trade","Cloak And Dagger","Accuracy","Deflect","Deadly Poison","Dodge and Roll","Bouncing Flask","All Out Attack","Eviscerate","Backflip","Burst","Outmaneuver","PiercingWail","Backstab","Eviscerate","Cloak And Dagger","Tactician","Phantasmal Killer","Bouncing Flask","Bane+1","Writhe","Choke+1","Unload","Catalyst+1","Flechettes+1","Underhanded Strike"],"special_seed":0,"relics":["Snecko Eye","Letter Opener","Shuriken","Fusion Hammer","Orichalcum","Meat on the Bone","Strawberry","Lantern","Enchiridion","Whetstone","Question Card","Runic Pyramid","Bronze Scales","Centennial Puzzle"],"potions_floor_usage":[48,50,50,50],"damage_taken":[{"damage":7.0,"enemies":"Small Slimes","floor":1.0,"turns":4.0},{"damage":0.0,"enemies":"2 Louse","floor":3.0,"turns":2.0},{"damage":8.0,"enemies":"Jaw Worm","floor":5.0,"turns":8.0},{"damage":43.0,"enemies":"Lagavulin","floor":6.0,"turns":11.0},{"damage":1.0,"enemies":"3 Louse","floor":7.0,"turns":5.0},{"damage":3.0,"enemies":"2 Fungi Beasts","floor":12.0,"turns":3.0},{"damage":11.0,"enemies":"Large Slime","floor":14.0,"turns":5.0},{"damage":33.0,"enemies":"Slime Boss","floor":16.0,"turns":9.0},{"damage":10.0,"enemies":"3 Byrds","floor":18.0,"turns":4.0},{"damage":4.0,"enemies":"Chosen","floor":20.0,"turns":5.0},{"damage":2.0,"enemies":"Centurion and Healer","floor":22.0,"turns":5.0},{"damage":20.0,"enemies":"Gremlin Leader","floor":23.0,"turns":5.0},{"damage":41.0,"enemies":"Slavers","floor":28.0,"turns":5.0},{"damage":40.0,"enemies":"Sentry and Sphere","floor":30.0,"turns":8.0},{"damage":0.0,"enemies":"Book of Stabbing","floor":31.0,"turns":4.0},{"damage":33.0,"enemies":"Collector","floor":33.0,"turns":10.0},{"damage":25.0,"enemies":"3 Shapes","floor":35.0,"turns":7.0},{"damage":17.0,"enemies":"Flame Bruiser 1 Orb","floor":37.0,"turns":7.0},{"damage":25,"enemies":"Maw","floor":41,"turns":6},{"damage":10,"enemies":"Spire Growth","floor":44,"turns":2},{"damage":48,"enemies":"Transient","floor":45,"turns":5},{"damage":3,"enemies":"Flame Bruiser 2 Orb","floor":47,"turns":2},{"damage":18,"enemies":"Sphere and 2 Shapes","floor":48,"turns":4},{"damage":68,"enemies":"Awakened One","floor":50,"turns":9}],"seed_played":"8972442656437408941","potions_obtained":[{"floor":1.0,"key":"Fire Potion"},{"floor":11.0,"key":"EntropicBrew"},{"floor":11.0,"key":"SteroidPotion"},{"floor":11.0,"key":"Strength Potion"},{"floor":22.0,"key":"Explosive Potion"},{"floor":23.0,"key":"PowerPotion"},{"floor":33.0,"key":"AttackPotion"},{"floor":35.0,"key":"Regen Potion"},{"floor":41,"key":"Block Potion"},{"floor":45,"key":"Explosive Potion"},{"floor":48,"key":"FearPotion"}],"is_trial":false,"path_per_floor":["M","?","M","$","M","E","M","$","T","?","?","M","R","M","R","B",null,"M","$","M","?","M","E","$","R","T","?","E","R","M","E","R","B",null,"M","$","M","?","$","R","M","R","T","M","M","R","M","M","R"],"character_chosen":"THE_SILENT","items_purchased":["Accuracy","Bouncing Flask","All Out Attack","Orichalcum","Backstab","Strawberry","Bronze Scales","Bouncing Flask"],"campfire_rested":9,"item_purchase_floors":[4,8,8,19,24,24,36,36],"current_hp_per_floor":[63,63,63,63,55,12,11,11,11,11,11,8,29,18,39,6,70,60,60,56,56,54,34,41,64,64,48,19,42,14,26,49,28,77,52,52,40,59,59,77,52,75,75,65,29,52,49,43,66,0],"gold":134,"neow_bonus":"BOSS_RELIC","is_prod":false,"is_daily":false,"chose_seed":false,"campfire_upgraded":0,"win_rate":0,"timestamp":1531709638,"path_taken":["M","?","M","$","M","E","M","$","T","?","?","M","R","?","R","BOSS","M","$","M","?","M","E","$","R","T","?","E","R","M","E","R","BOSS","M","$","M","?","$","R","M","R","T","M","M","R","M","M","R","BOSS"],"build_version":"2018-07-12","purchased_purges":0,"victory":false,"max_hp_per_floor":[70,70,70,70,70,70,70,70,70,70,70,70,70,70,70,70,70,70,70,70,70,70,70,77,77,77,77,77,77,77,77,77,77,77,77,77,77,77,77,77,77,77,77,77,77,77,77,77,77,77],"card_choices":[{"not_picked":["Bouncing Flask","Cloak And Dagger"],"picked":"Catalyst","floor":1.0},{"not_picked":["Dodge and Roll","Underhanded Strike"],"picked":"Cloak And Dagger","floor":3.0},{"not_picked":["Dagger Throw","Quick Slash"],"picked":"Deflect","floor":5.0},{"not_picked":["Dagger Throw","Well Laid Plans"],"picked":"Deadly Poison","floor":6.0},{"not_picked":["Choke","Glass Knife"],"picked":"Dodge and Roll","floor":7.0},{"not_picked":["Deflect","Slice"],"picked":"Eviscerate","floor":12.0},{"not_picked":["Caltrops","Dagger Spray"],"picked":"Backflip","floor":14.0},{"not_picked":["Venomology","Doppelganger"],"picked":"Burst","floor":16.0},{"not_picked":["Dodge and Roll","Malaise"],"picked":"Outmaneuver","floor":18.0},{"not_picked":["Backflip","Deflect"],"picked":"PiercingWail","floor":20.0},{"not_picked":["Dodge and Roll","Calculated Gamble","Well Laid Plans"],"picked":"SKIP","floor":22.0},{"not_picked":["Dodge and Roll","Dagger Spray","Dagger Throw"],"picked":"SKIP","floor":23.0},{"not_picked":["Backflip","Prepared"],"picked":"Eviscerate","floor":28.0},{"not_picked":["Endless Agony+1","Choke"],"picked":"Cloak And Dagger","floor":30.0},{"not_picked":["Bane","Dodge and Roll"],"picked":"Tactician","floor":31.0},{"not_picked":["A Thousand Cuts","Burst","Envenom"],"picked":"Phantasmal Killer","floor":33.0},{"not_picked":["Slice+1","Escape Plan+1","Accuracy","Sucker Punch"],"picked":"SKIP","floor":35.0},{"not_picked":["Acrobatics+1","Choke","Slice"],"picked":"Bane+1","floor":37.0},{"not_picked":["Finisher+1","Acrobatics+1","PiercingWail"],"picked":"Choke+1","floor":41},{"not_picked":["Bane","Dagger Throw+1","Deadly Poison+1"],"picked":"Unload","floor":44},{"not_picked":["Masterful Stab","Quick Slash","Deadly Poison+1"],"picked":"Catalyst+1","floor":45},{"not_picked":["Sucker Punch+1","Prepared","Cloak And Dagger"],"picked":"Flechettes+1","floor":47},{"not_picked":["Distraction","Reflex+1","Quick Slash"],"picked":"Underhanded Strike","floor":48}],"player_experience":78335,"relics_obtained":[{"floor":6.0,"key":"Letter Opener"},{"floor":9.0,"key":"Shuriken"},{"floor":23.0,"key":"Meat on the Bone"},{"floor":26.0,"key":"Lantern"},{"floor":27.0,"key":"Enchiridion"},{"floor":28.0,"key":"Whetstone"},{"floor":31.0,"key":"Question Card"},{"floor":43,"key":"Centennial Puzzle"}],"event_choices":[{"event_name":"Living Wall","player_choice":"Change","floor":2.0,"damage_taken":0.0},{"event_name":"Liars Game","player_choice":"disagreed","floor":10.0,"damage_taken":0.0},{"event_name":"The Lab","player_choice":"Got Potions","floor":11.0,"damage_taken":0.0},{"event_name":"Wheel of Change","player_choice":"Gold","floor":21.0,"damage_taken":0.0},{"event_name":"Cursed Tome","player_choice":"Obtained Book","floor":27.0,"damage_taken":0.0},{"event_name":"Winding Halls","player_choice":"Writhe","floor":38.0,"damage_taken":0.0}],"boss_relics":[{"not_picked":["Velvet Choker","Cursed Key"],"picked":"Fusion Hammer"},{"not_picked":["Empty Cage","Runic Dome"],"picked":"Runic Pyramid"}],"items_purged_floors":[],"is_endless":false,"potions_floor_spawned":[1,14,22,23,28,33,35,41,45,48],"killed_by":"Awakened One","ascension_level":0}