{"gold_per_floor":[119,119,7,25,25,60,60,75,100,100,120,137,137,37,37,111,111,130,310,290,60,74,74,87,87,141,141,8,26,26,26,26,26],"floor_reached":33,"playtime":822,"items_purged":["Pain","Dualcast","Zap"],"score":496,"play_id":"584e29a7-4452-4afe-8384-ec9dbfe03b0a","local_time":"20190217201204","is_ascension_mode":true,"campfire_choices":[{"data":"Loop","floor":7,"key":"SMITH"},{"data":"Hologram","floor":10,"key":"SMITH"},{"data":"Coolheaded","floor":13,"key":"SMITH"},{"data":"Go for the Eyes","floor":15,"key":"SMITH"},{"floor":23,"key":"REST"},{"floor":25,"key":"REST"},{"floor":27,"key":"REST"},{"floor":32,"key":"REST"}],"neow_cost":"NONE","seed_source_timestamp":24448280795578,"circlet_count":0,"master_deck":["AscendersBane","Strike_B","Strike_B","Strike_B","Strike_B","Defend_B","Defend_B","Defend_B","Defend_B","Go for the Eyes+1","Loop+1","Gash","Hologram+1","Coolheaded+1","Gash","Machine Learning","Coolheaded","Dark Shackles","FTL+1","Hologram","White Noise","Conserve Battery","Scrape","Cold Snap"],"relics":["Cracked Core","NeowsBlessing","WarpedTongs","Dream Catcher","Bottled Flame","Juzu Bracelet","Inserter","Boot"],"potions_floor_usage":[22,24,33,33],"damage_taken":[{"damage":0,"enemies":"Jaw Worm","floor":1,"turns":1},{"damage":0,"enemies":"Cultist","floor":4,"turns":1},{"damage":0,"enemies":"Gremlin Nob","floor":6,"turns":1},{"damage":7,"enemies":"Small Slimes","floor":8,"turns":3},{"damage":3,"enemies":"Blue Slaver","floor":11,"turns":2},{"damage":23,"enemies":"Gremlin Gang","floor":12,"turns":5},{"damage":3,"enemies":"Hexaghost","floor":16,"turns":9},{"damage":11,"enemies":"Spheric Guardian","floor":18,"turns":5},{"damage":23,"enemies":"2 Thieves","floor":22,"turns":4},{"damage":15,"enemies":"Snake Plant","floor":24,"turns":6},{"damage":46,"enemies":"Sentry and Sphere","floor":29,"turns":6},{"damage":39,"enemies":"Champ","floor":33,"turns":10}],"seed_played":"-8132919966809083434","potions_obtained":[{"floor":4,"key":"FocusPotion"},{"floor":8,"key":"Poison Potion"},{"floor":11,"key":"FocusPotion"},{"floor":24,"key":"GamblersBrew"},{"floor":29,"key":"Poison Potion"}],"is_trial":false,"path_per_floor":["M","?","$","M","?","E","R","M","T","R","M","M","R","$","R","B",null,"M","?","?","$","M","R","M","R","T","R","$","M","?","?","R","B"],"character_chosen":"DEFECT","items_purchased":["Loop","Dark Shackles","Conserve Battery","Scrape"],"campfire_rested":4,"item_purchase_floors":[3,21,28,28],"current_hp_per_floor":[64,64,64,64,53,53,53,46,46,46,43,20,20,20,20,17,58,47,26,26,26,3,24,9,30,30,51,51,5,5,5,26,0],"gold":26,"neow_bonus":"THREE_ENEMY_KILL","is_prod":false,"is_daily":false,"chose_seed":false,"campfire_upgraded":4,"win_rate":0,"timestamp":1550445124,"path_taken":["M","?","?","M","?","E","R","M","T","R","M","M","R","$","R","BOSS","M","?","?","$","M","R","M","R","T","R","$","M","?","?","R","BOSS"],"build_version":"2018-11-15","purchased_purges":3,"victory":false,"max_hp_per_floor":[71,71,71,71,71,71,71,71,71,71,71,71,71,71,71,71,71,71,71,71,71,71,71,71,71,71,71,71,71,71,71,71,71],"card_choices":[{"not_picked":["Compile Driver","Steam Power"],"picked":"Go for the Eyes","floor":1},{"not_picked":["Force Field","Steam"],"picked":"Gash","floor":4},{"not_picked":["Sweeping Beam","Rip and Tear","Barrage"],"picked":"SKIP","floor":6},{"not_picked":["Compile Driver","Reinforced Body"],"picked":"Hologram","floor":8},{"not_picked":["Ball Lightning","Static Discharge"],"picked":"Coolheaded","floor":11},{"not_picked":["Loop","Aggregate"],"picked":"Gash","floor":12},{"not_picked":["Buffer","Creative AI"],"picked":"Machine Learning","floor":16},{"not_picked":["Leap","Cold Snap+1"],"picked":"Coolheaded","floor":18},{"not_picked":["Beam Cell","Leap"],"picked":"FTL+1","floor":22},{"not_picked":["Sunder","Beam Cell"],"picked":"Hologram","floor":23},{"not_picked":["Ball Lightning","Rebound"],"picked":"White Noise","floor":24},{"not_picked":["Meteor Strike","Cold Snap","Beam Cell"],"picked":"SKIP","floor":29},{"not_picked":["Barrage+1","Sweeping Beam"],"picked":"Cold Snap","floor":32}],"player_experience":160683,"relics_obtained":[{"floor":6,"key":"Bottled Flame"},{"floor":9,"key":"Juzu Bracelet"},{"floor":26,"key":"Boot"}],"event_choices":[{"damage_healed":0,"gold_gain":0,"player_choice":"Rummage","damage_taken":0,"relics_obtained":["WarpedTongs"],"max_hp_gain":0,"max_hp_loss":0,"event_name":"Accursed Blacksmith","floor":2,"gold_loss":0,"cards_obtained":["Pain"]},{"damage_healed":0,"gold_gain":0,"player_choice":"Success","damage_taken":11,"relics_obtained":["Dream Catcher"],"max_hp_gain":0,"max_hp_loss":0,"event_name":"Scrap Ooze","floor":5,"gold_loss":0},{"damage_healed":0,"gold_gain":180,"player_choice":"GOLD GOLD ","damage_taken":21,"max_hp_gain":0,"max_hp_loss":0,"event_name":"Knowing Skull","floor":19,"potions_obtained":[],"gold_loss":0,"cards_obtained":[]},{"damage_healed":0,"gold_gain":0,"player_choice":"Bought 1 Potion","damage_taken":0,"max_hp_gain":0,"max_hp_loss":0,"event_name":"The Woman in Blue","floor":20,"gold_loss":0},{"damage_healed":0,"gold_gain":0,"player_choice":"Ignored","damage_taken":0,"max_hp_gain":0,"max_hp_loss":0,"event_name":"The Mausoleum","floor":30,"gold_loss":0},{"damage_healed":0,"gold_gain":0,"player_choice":"Ignored","damage_taken":0,"max_hp_gain":0,"max_hp_loss":0,"event_name":"Beggar","floor":31,"gold_loss":0}],"is_beta":false,"boss_relics":[{"not_picked":["Lizard Tail","Sozu"],"picked":"Inserter"}],"items_purged_floors":[3,14,21],"is_endless":false,"potions_floor_spawned":[4,8,11,24,29],"killed_by":"Champ","ascension_level":17}