{"gold_per_floor":[111,131,206,0,0,0,33,33,59,91,108,108,124,155,155,229,229,243,243,52,78,88,88,106,141,141,141],"floor_reached":27,"playtime":759,"items_purged":["Strike_G"],"score":466,"play_id":"4ec2bb65-8a98-4b9c-ac45-d14a72baca48","local_time":"20190210003351","is_ascension_mode":true,"campfire_choices":[{"data":"Skewer","floor":6,"key":"SMITH"},{"data":"Cleave","floor":8,"key":"SMITH"},{"floor":12,"key":"REST"},{"data":"Neutralize","floor":15,"key":"SMITH"},{"data":"Cloak And Dagger","floor":23,"key":"SMITH"}],"neow_cost":"NONE","seed_source_timestamp":7690130541946,"circlet_count":0,"master_deck":["AscendersBane","Defend_G","Defend_G","Defend_G","Defend_G","Defend_G","Strike_G","Strike_G","Strike_G","Strike_G","Survivor","Neutralize+1","Skewer+1","Cleave+1","Trip","Dash","Machine Learning","Ball Lightning","Backstab","Flash of Steel","Cloak And Dagger+1","Blind+1","Iron Wave","Dual Wield+1","Footwork"],"relics":["Ring of the Snake","NeowsBlessing","PrismaticShard","Gremlin Horn","Blood Vial","Boot","Mango","Runic Dome","Red Mask","Art of War","Sundial"],"potions_floor_usage":[10,16,16,24,25],"damage_taken":[{"damage":0,"enemies":"Cultist","floor":1,"turns":1},{"damage":0,"enemies":"Jaw Worm","floor":2,"turns":1},{"damage":0,"enemies":"Gremlin Nob","floor":7,"turns":1},{"damage":31,"enemies":"Lagavulin","floor":10,"turns":7},{"damage":0,"enemies":"2 Louse","floor":11,"turns":3},{"damage":0,"enemies":"Exordium Wildlife","floor":13,"turns":2},{"damage":16,"enemies":"Gremlin Nob","floor":14,"turns":3},{"damage":38,"enemies":"Slime Boss","floor":16,"turns":9},{"damage":13,"enemies":"Spheric Guardian","floor":18,"turns":4},{"damage":18,"enemies":"Masked Bandits","floor":21,"turns":4},{"damage":0,"enemies":"Shell Parasite","floor":22,"turns":3},{"damage":16,"enemies":"Sentry and Sphere","floor":24,"turns":4},{"damage":19,"enemies":"Slavers","floor":25,"turns":5},{"damage":13,"enemies":"Snake Plant","floor":27,"turns":1}],"seed_played":"1838366360467739708","potions_obtained":[{"floor":2,"key":"SteroidPotion"},{"floor":10,"key":"Swift Potion"},{"floor":13,"key":"FearPotion"},{"floor":21,"key":"Strength Potion"},{"floor":22,"key":"AttackPotion"}],"is_trial":false,"path_per_floor":["M","M","?","$","?","R","E","R","T","E","M","R","M","E","R","B",null,"M","?","$","?","M","R","M","E","T","M"],"character_chosen":"THE_SILENT","items_purchased":["PrismaticShard","Flash of Steel","Cloak And Dagger"],"campfire_rested":1,"item_purchase_floors":[4,20,20],"current_hp_per_floor":[59,59,48,48,48,48,48,48,48,19,21,40,42,42,42,6,62,51,51,51,35,37,37,23,6,6,0],"gold":141,"neow_bonus":"THREE_ENEMY_KILL","is_prod":false,"is_daily":false,"chose_seed":false,"campfire_upgraded":4,"win_rate":0,"timestamp":1549769631,"path_taken":["M","?","?","$","?","R","E","R","T","E","M","R","M","E","R","BOSS","M","?","$","?","M","R","M","E","T","M"],"build_version":"2018-11-15","purchased_purges":1,"victory":false,"max_hp_per_floor":[66,66,66,66,66,66,66,66,66,66,66,66,66,80,80,80,80,80,80,80,80,80,80,80,80,80,80],"card_choices":[{"not_picked":["Dagger Spray","Concentrate"],"picked":"Skewer","floor":1},{"not_picked":["Acrobatics","Bane","Flying Knee"],"picked":"SKIP","floor":2},{"not_picked":["Storm","Sucker Punch"],"picked":"Cleave","floor":7},{"not_picked":["Reprogram","Steam Power","Rebound"],"picked":"SKIP","floor":10},{"not_picked":["Clash","Go for the Eyes","Blade Dance"],"picked":"SKIP","floor":11},{"not_picked":["Clothesline","Sweeping Beam"],"picked":"Trip","floor":13},{"not_picked":["Intimidate","Chrysalis"],"picked":"Dash","floor":14},{"not_picked":["Meteor Strike","A Thousand Cuts"],"picked":"Machine Learning","floor":16},{"not_picked":["Barrage+1","Steam"],"picked":"Ball Lightning","floor":18},{"not_picked":["Purity","Acrobatics"],"picked":"Blind+1","floor":21},{"not_picked":["Twin Strike","Redo"],"picked":"Iron Wave","floor":22},{"not_picked":["Recycle","Tempest"],"picked":"Dual Wield+1","floor":24},{"not_picked":["Sever Soul","Terror+1"],"picked":"Footwork","floor":25}],"player_experience":124218,"relics_obtained":[{"floor":7,"key":"Gremlin Horn"},{"floor":9,"key":"Blood Vial"},{"floor":10,"key":"Boot"},{"floor":14,"key":"Mango"},{"floor":21,"key":"Red Mask"},{"floor":25,"key":"Art of War"},{"floor":26,"key":"Sundial"}],"event_choices":[{"damage_healed":0,"gold_gain":75,"player_choice":"Gather Gold","damage_taken":11,"max_hp_gain":0,"max_hp_loss":0,"event_name":"World of Goop","floor":3,"gold_loss":0},{"damage_healed":0,"gold_gain":0,"player_choice":"Ignored","damage_taken":0,"max_hp_gain":0,"max_hp_loss":0,"event_name":"Liars Game","floor":5,"gold_loss":0},{"damage_healed":0,"gold_gain":0,"player_choice":"Read","damage_taken":0,"max_hp_gain":0,"max_hp_loss":0,"event_name":"The Library","floor":19,"gold_loss":0,"cards_obtained":["Backstab"]},{"damage_healed":0,"gold_gain":0,"player_choice":"Fought Bandits","damage_taken":0,"max_hp_gain":0,"max_hp_loss":0,"event_name":"Masked Bandits","floor":21,"gold_loss":0}],"is_beta":false,"boss_relics":[{"not_picked":["Busted Crown","Runic Pyramid"],"picked":"Runic Dome"}],"items_purged_floors":[20],"is_endless":false,"potions_floor_spawned":[2,10,13,14,21,22],"killed_by":"Snake Plant","ascension_level":14}