{"gold_per_floor":[116,135,32,45,45,72,72,107,107,107,107,138,138,153,153,283,283,306,306,221,244,244,244,275,290,290,290],"floor_reached":27,"playtime":1818,"items_purged":[],"score":249,"play_id":"70ebf12d-13f5-4bbb-b66e-0cb20a241379","local_time":"20190212233609","is_ascension_mode":false,"campfire_choices":[{"floor":7,"key":"REST"},{"floor":10,"key":"REST"},{"floor":15,"key":"REST"},{"floor":23,"key":"REST"}],"neow_cost":"NONE","seed_source_timestamp":16616080205728,"circlet_count":0,"master_deck":["Defend_G","Defend_G","Defend_G","Defend_G","Defend_G","Strike_G","Strike_G","Strike_G","Strike_G","Strike_G","Survivor","Neutralize","Envenom","Noxious Fumes","Choke","Caltrops","Prepared","Infinite Blades","Catalyst+1","Backflip+1","Dagger Throw","Backflip+1","Adrenaline+1","Noxious Fumes","Escape Plan+1","Terror+1","Blade Dance+1"],"relics":["Ring of the Snake","Toxic Egg 2","Lantern","Bottled Tornado","Golden Idol","Happy Flower","Lizard Tail","Nilry\u0027s Codex","Juzu Bracelet","Anchor","Dodecahedron"],"potions_floor_usage":[6,6,8,8,27],"damage_taken":[{"damage":0,"enemies":"2 Louse","floor":1,"turns":3},{"damage":3,"enemies":"Jaw Worm","floor":2,"turns":5},{"damage":9,"enemies":"Small Slimes","floor":4,"turns":4},{"damage":34,"enemies":"Gremlin Nob","floor":6,"turns":5},{"damage":11,"enemies":"Lagavulin","floor":8,"turns":6},{"damage":23,"enemies":"3 Sentries","floor":12,"turns":7},{"damage":13,"enemies":"Exordium Wildlife","floor":14,"turns":5},{"damage":13,"enemies":"Hexaghost","floor":16,"turns":8},{"damage":15,"enemies":"Spheric Guardian","floor":18,"turns":5},{"damage":12,"enemies":"Chosen","floor":21,"turns":5},{"damage":65,"enemies":"Slavers","floor":24,"turns":6},{"damage":8,"enemies":"Snake Plant","floor":25,"turns":4},{"damage":21,"enemies":"Centurion and Healer","floor":27,"turns":3}],"seed_played":"5526836081208712161","potions_obtained":[{"floor":1,"key":"Swift Potion"},{"floor":2,"key":"GamblersBrew"},{"floor":4,"key":"Fruit Juice"},{"floor":6,"key":"Poison Potion"},{"floor":25,"key":"GamblersBrew"}],"is_trial":false,"path_per_floor":["M","M","$","M","$","E","R","E","T","R","?","E","?","M","R","B",null,"M","?","?","M","?","R","E","M","T","M"],"character_chosen":"THE_SILENT","items_purchased":["Caltrops","Prepared"],"campfire_rested":4,"item_purchase_floors":[3,3],"current_hp_per_floor":[70,67,67,58,58,29,51,40,40,62,44,21,21,8,30,17,75,60,44,44,32,32,54,27,19,19,0],"gold":290,"neow_bonus":"ONE_RANDOM_RARE_CARD","is_prod":false,"is_daily":false,"chose_seed":false,"campfire_upgraded":0,"win_rate":0.0,"timestamp":1550032569,"path_taken":["M","M","$","M","$","E","R","E","T","R","?","E","?","M","R","BOSS","M","?","?","M","?","R","E","M","T","M"],"build_version":"2019-01-23","purchased_purges":0,"victory":false,"max_hp_per_floor":[70,70,70,70,70,75,75,75,75,75,75,75,75,75,75,75,75,75,75,75,75,75,75,75,75,75,75],"card_choices":[{"not_picked":["Quick Slash","Crippling Poison"],"picked":"Noxious Fumes","floor":1},{"not_picked":["All Out Attack","Slice"],"picked":"Choke","floor":2},{"not_picked":["Bane","Deadly Poison"],"picked":"Infinite Blades","floor":4},{"not_picked":["Masterful Stab","Poisoned Stab"],"picked":"Catalyst","floor":6},{"not_picked":["Outmaneuver+1","Acrobatics+1"],"picked":"Backflip+1","floor":8},{"not_picked":["Well Laid Plans","Poisoned Stab"],"picked":"Dagger Throw","floor":12},{"not_picked":["Poisoned Stab","Deadly Poison+1"],"picked":"Backflip+1","floor":14},{"not_picked":["Glass Knife","Doppelganger+1"],"picked":"Adrenaline+1","floor":16},{"not_picked":["Prepared+1","Finisher"],"picked":"Noxious Fumes","floor":18},{"not_picked":["Dagger Spray","Quick Slash"],"picked":"Escape Plan+1","floor":21},{"not_picked":["Dagger Spray+1","Tools of the Trade"],"picked":"Terror+1","floor":24},{"not_picked":["Poisoned Stab","Flying Knee"],"picked":"Blade Dance+1","floor":25}],"player_experience":10633,"relics_obtained":[{"floor":6,"key":"Toxic Egg 2"},{"floor":8,"key":"Lantern"},{"floor":9,"key":"Bottled Tornado"},{"floor":12,"key":"Happy Flower"},{"floor":19,"key":"Nilry\u0027s Codex"},{"floor":24,"key":"Anchor"},{"floor":26,"key":"Dodecahedron"}],"event_choices":[{"damage_healed":0,"gold_gain":0,"player_choice":"Take Damage","damage_taken":18,"relics_obtained":["Golden Idol"],"max_hp_gain":0,"max_hp_loss":0,"event_name":"Golden Idol","floor":11,"gold_loss":0},{"damage_healed":0,"gold_gain":0,"player_choice":"Ignored","damage_taken":0,"max_hp_gain":0,"max_hp_loss":0,"event_name":"Shining Light","floor":13,"gold_loss":0},{"damage_healed":0,"gold_gain":0,"player_choice":"Obtained Book","damage_taken":16,"max_hp_gain":0,"max_hp_loss":0,"event_name":"Cursed Tome","floor":19,"gold_loss":0},{"damage_healed":0,"gold_gain":0,"player_choice":"Obtained Relic","damage_taken":0,"relics_obtained":["Juzu Bracelet"],"max_hp_gain":0,"max_hp_loss":0,"event_name":"Addict","floor":20,"gold_loss":85},{"damage_healed":0,"gold_gain":0,"player_choice":"Ignored","damage_taken":0,"max_hp_gain":0,"max_hp_loss":0,"event_name":"Ghosts","floor":22,"gold_loss":0}],"is_beta":false,"boss_relics":[{"not_picked":["Empty Cage","Calling Bell"],"picked":"Lizard Tail"}],"items_purged_floors":[],"is_endless":false,"potions_floor_spawned":[1,2,4,6,25],"killed_by":"Centurion and Healer","ascension_level":0}