{"gold_per_floor":[117,128,128,142,142,142,173,173,173,173,98,108,122,141,141,236,236,236,49,49,49,49,49,49,49,49,49,49,49,49,49,49,49,49,49,49,49,49,49,49,49,49,49,49,49,49,49,49,49,49],"floor_reached":51,"playtime":1118,"items_purged":["Sucker Punch","Backflip"],"score":999,"play_id":"ae35254a-ce89-4047-9212-707b1d0aa66f","local_time":"20190216011020","daily_mods":["SealedDeck","Time Dilation","Lethality","Binary"],"is_ascension_mode":false,"campfire_choices":[{"data":"Cloak And Dagger","floor":6.0,"key":"SMITH"},{"data":"Sucker Punch","floor":8.0,"key":"SMITH"},{"data":"Sucker Punch","floor":10.0,"key":"SMITH"},{"data":"Cloak And Dagger","floor":15.0,"key":"SMITH"},{"data":"Heel Hook","floor":23.0,"key":"SMITH"},{"data":"Heel Hook","floor":25.0,"key":"SMITH"},{"data":"Terror","floor":32.0,"key":"SMITH"},{"data":"Adrenaline","floor":40.0,"key":"SMITH"},{"data":"Finesse","floor":49,"key":"SMITH"}],"neow_cost":"","seed_source_timestamp":11323787087671,"circlet_count":0,"master_deck":["Sucker Punch+1","Heel Hook+1","Heel Hook+1","Terror+1","Cloak And Dagger+1","Cloak And Dagger+1","Escape Plan","Adrenaline+1","Finesse+1"],"special_seed":0,"relics":["Ring of the Snake","Busted Crown","Question Card","Sundial","Pantograph","Ectoplasm","Red Mask","StoneCalendar","Dodecahedron","Bronze Scales","Art of War","Cursed Key","Incense Burner","Mercury Hourglass"],"potions_floor_usage":[50,50],"damage_taken":[{"damage":0.0,"enemies":"Cultist","floor":1.0,"turns":1.0},{"damage":0.0,"enemies":"Jaw Worm","floor":2.0,"turns":1.0},{"damage":0.0,"enemies":"2 Louse","floor":4.0,"turns":1.0},{"damage":0.0,"enemies":"Lagavulin","floor":7.0,"turns":2.0},{"damage":0.0,"enemies":"Large Slime","floor":12.0,"turns":1.0},{"damage":0.0,"enemies":"Blue Slaver","floor":13.0,"turns":1.0},{"damage":0.0,"enemies":"3 Louse","floor":14.0,"turns":1.0},{"damage":0.0,"enemies":"Slime Boss","floor":16.0,"turns":1.0},{"damage":0.0,"enemies":"Shell Parasite","floor":18.0,"turns":1.0},{"damage":0.0,"enemies":"Masked Bandits","floor":20.0,"turns":1.0},{"damage":0.0,"enemies":"Colosseum Slavers","floor":21.0,"turns":1.0},{"damage":0.0,"enemies":"Colosseum Nobs","floor":21.0,"turns":1.0},{"damage":0.0,"enemies":"2 Thieves","floor":22.0,"turns":1.0},{"damage":0.0,"enemies":"Sentry and Sphere","floor":27.0,"turns":1.0},{"damage":0.0,"enemies":"Book of Stabbing","floor":28.0,"turns":1.0},{"damage":0.0,"enemies":"Centurion and Healer","floor":30.0,"turns":1.0},{"damage":0.0,"enemies":"3 Cultists","floor":31.0,"turns":1.0},{"damage":0.0,"enemies":"Champ","floor":33.0,"turns":1.0},{"damage":0.0,"enemies":"3 Darklings","floor":35.0,"turns":1.0},{"damage":0.0,"enemies":"3 Shapes","floor":38.0,"turns":1.0},{"damage":0.0,"enemies":"Mind Bloom Boss Battle","floor":39.0,"turns":1.0},{"damage":0.0,"enemies":"Spire Growth","floor":42.0,"turns":1.0},{"damage":0,"enemies":"3 Darklings","floor":44,"turns":1},{"damage":0,"enemies":"Jaw Worm Horde","floor":45,"turns":1},{"damage":0,"enemies":"4 Shapes","floor":47,"turns":1},{"damage":0,"enemies":"Reptomancer","floor":48,"turns":1},{"damage":0,"enemies":"Donu and Deca","floor":50,"turns":2}],"seed_played":"-955164125012473013","potions_obtained":[{"floor":2.0,"key":"FearPotion"},{"floor":12.0,"key":"Strength Potion"},{"floor":13.0,"key":"Ancient Potion"}],"is_trial":true,"path_per_floor":["M","M","?","M","T","R","E","R","T","R","$","M","M","M","R","B",null,"M","$","?","?","M","R","?","R","T","M","E","?","M","M","R","B",null,"M","?","?","M","?","R","?","M","T","M","M","?","M","E","R","B",null],"character_chosen":"THE_SILENT","items_purchased":["Finesse"],"campfire_rested":0,"item_purchase_floors":[19],"current_hp_per_floor":[70,70,75,75,75,75,75,75,75,75,75,75,75,75,75,75,75,75,75,75,75,75,75,75,75,75,75,75,75,75,75,75,75,75,75,75,75,75,75,75,75,75,75,75,75,75,75,75,75,75],"gold":49,"neow_bonus":"","is_prod":false,"is_daily":false,"chose_seed":false,"campfire_upgraded":9,"win_rate":0,"timestamp":1550290220,"path_taken":["M","M","?","M","?","R","E","R","T","R","$","M","M","M","R","BOSS","M","$","?","?","M","R","?","R","T","M","E","?","M","M","R","BOSS","M","?","?","?","?","R","?","M","T","M","?","?","M","E","R","BOSS"],"build_version":"2018-11-15","purchased_purges":2,"victory":true,"max_hp_per_floor":[70,70,75,75,75,75,75,75,75,75,75,75,75,75,75,75,75,75,75,75,75,75,75,75,75,75,75,75,75,75,75,75,75,75,75,75,75,75,75,75,75,75,75,75,75,75,75,75,75,75],"card_choices":[{"not_picked":["Flying Knee"],"picked":"SKIP","floor":7.0},{"not_picked":["Dagger Spray"],"picked":"SKIP","floor":12.0},{"not_picked":["Bouncing Flask"],"picked":"SKIP","floor":13.0},{"not_picked":["Footwork"],"picked":"SKIP","floor":14.0},{"not_picked":[],"picked":"Adrenaline","floor":16.0},{"not_picked":["Deflect+1"],"picked":"SKIP","floor":18.0},{"not_picked":["Prepared"],"picked":"SKIP","floor":22.0},{"not_picked":["Backflip"],"picked":"SKIP","floor":27.0},{"not_picked":["Underhanded Strike"],"picked":"SKIP","floor":28.0},{"not_picked":["Caltrops"],"picked":"SKIP","floor":30.0},{"not_picked":["Envenom"],"picked":"SKIP","floor":31.0},{"not_picked":["Dagger Throw"],"picked":"SKIP","floor":35.0},{"not_picked":["Finisher"],"picked":"SKIP","floor":38.0},{"not_picked":["Flying Knee"],"picked":"SKIP","floor":42.0},{"not_picked":["Outmaneuver"],"picked":"SKIP","floor":44},{"not_picked":["Backflip+1"],"picked":"SKIP","floor":45},{"not_picked":["Blade Dance+1"],"picked":"SKIP","floor":47},{"not_picked":["Eviscerate"],"picked":"SKIP","floor":48}],"player_experience":151325,"relics_obtained":[{"floor":5.0,"key":"Question Card"},{"floor":7.0,"key":"Sundial"},{"floor":9.0,"key":"Pantograph"},{"floor":20.0,"key":"Red Mask"},{"floor":21.0,"key":"StoneCalendar"},{"floor":21.0,"key":"Dodecahedron"},{"floor":26.0,"key":"Bronze Scales"},{"floor":28.0,"key":"Art of War"},{"floor":39.0,"key":"Incense Burner"},{"floor":48,"key":"Mercury Hourglass"}],"event_choices":[{"damage_healed":0.0,"max_hp_gain":5.0,"max_hp_loss":0.0,"gold_gain":0.0,"event_name":"Big Fish","player_choice":"Donut","floor":3.0,"gold_loss":0.0,"damage_taken":0.0},{"damage_healed":0.0,"max_hp_gain":0.0,"max_hp_loss":0.0,"gold_gain":0.0,"event_name":"Masked Bandits","player_choice":"Fought Bandits","floor":20.0,"gold_loss":0.0,"damage_taken":0.0},{"damage_healed":0.0,"max_hp_gain":0.0,"max_hp_loss":0.0,"gold_gain":0.0,"event_name":"Colosseum","player_choice":"Fight","floor":21.0,"gold_loss":0.0,"damage_taken":0.0},{"damage_healed":0.0,"max_hp_gain":0.0,"max_hp_loss":0.0,"gold_gain":0.0,"event_name":"Colosseum","player_choice":"Fought Nobs","floor":21.0,"gold_loss":0.0,"damage_taken":0.0},{"damage_healed":0.0,"max_hp_gain":0.0,"max_hp_loss":0.0,"gold_gain":0.0,"event_name":"Beggar","player_choice":"Ignored","floor":24.0,"gold_loss":0.0,"damage_taken":0.0},{"damage_healed":0.0,"max_hp_gain":0.0,"max_hp_loss":0.0,"gold_gain":99.0,"event_name":"Nest","player_choice":"Stole From Cult","floor":29.0,"gold_loss":0.0,"damage_taken":0.0},{"damage_healed":0.0,"max_hp_gain":0.0,"max_hp_loss":0.0,"gold_gain":0.0,"event_name":"SensoryStone","player_choice":"Memory 1","floor":36.0,"gold_loss":0.0,"damage_taken":0.0},{"damage_healed":0.0,"max_hp_gain":0.0,"max_hp_loss":0.0,"gold_gain":100.0,"event_name":"Golden Shrine","player_choice":"Pray","floor":37.0,"gold_loss":0.0,"damage_taken":0.0},{"damage_healed":0.0,"max_hp_gain":0.0,"max_hp_loss":0.0,"gold_gain":0.0,"event_name":"MindBloom","player_choice":"Fight","floor":39.0,"gold_loss":0.0,"damage_taken":0.0},{"damage_healed":0.0,"max_hp_gain":0.0,"max_hp_loss":0.0,"gold_gain":0.0,"event_name":"Tomb of Lord Red Mask","player_choice":"Ignored","floor":41.0,"gold_loss":0.0,"damage_taken":0.0},{"cards_removed":["Sucker Punch"],"damage_healed":0,"gold_gain":0,"player_choice":"Removed Attack","damage_taken":0,"max_hp_gain":0,"max_hp_loss":0,"event_name":"Falling","floor":46,"gold_loss":0}],"is_beta":false,"boss_relics":[{"not_picked":["Empty Cage","Eternal Feather"],"picked":"Ectoplasm"},{"not_picked":["Calling Bell","Orrery"],"picked":"Cursed Key"}],"items_purged_floors":[11,19],"is_endless":false,"potions_floor_spawned":[2,12,13,20,21,21,27,35,45,48],"ascension_level":0}