{"gold_per_floor":[116,116,130,44,44,44,72,72,144,144,170,170,184,41,41,144,144,157,171,24,24],"floor_reached":21,"playtime":1753,"items_purged":["Normality"],"score":194,"play_id":"85f5baf6-e68c-43a2-8287-ef3befb770e9","local_time":"20190117211452","is_ascension_mode":true,"campfire_choices":[{"data":"Purity","floor":6.0,"key":"SMITH"},{"floor":10.0,"key":"REST"},{"floor":12.0,"key":"REST"},{"floor":15.0,"key":"REST"}],"neow_cost":"NONE","seed_source_timestamp":0,"circlet_count":0,"master_deck":["Defend_G","Defend_G","Defend_G","Defend_G","Defend_G","Strike_G+1","Strike_G+1","Strike_G","Strike_G","Survivor","Neutralize","Caltrops","After Image","Quick Slash","Purity+1","Regret","Noxious Fumes","Backflip","Expertise","Grand Finale","Regret","Shame","Noxious Fumes"],"special_seed":0,"relics":["Philosopher\u0027s Stone","PreservedInsect","Ornamental Fan","Sundial","Orichalcum","Centennial Puzzle","Calling Bell","Strawberry","Pantograph","Unceasing Top"],"potions_floor_usage":[21,21],"damage_taken":[{"damage":0.0,"enemies":"2 Louse","floor":1.0,"turns":3.0},{"damage":0.0,"enemies":"Cultist","floor":3.0,"turns":4.0},{"damage":42.0,"enemies":"Lagavulin","floor":7.0,"turns":8.0},{"damage":19.0,"enemies":"3 Sentries","floor":11.0,"turns":7.0},{"damage":3.0,"enemies":"Jaw Worm","floor":13.0,"turns":4.0},{"damage":19.0,"enemies":"Slime Boss","floor":16.0,"turns":9.0},{"damage":12,"enemies":"Chosen","floor":18,"turns":6},{"damage":23,"enemies":"3 Byrds","floor":19,"turns":4},{"damage":45,"enemies":"Centurion and Healer","floor":21,"turns":6}],"seed_played":"-4662354559303367226","potions_obtained":[{"floor":7.0,"key":"Explosive Potion"},{"floor":11.0,"key":"SteroidPotion"},{"floor":13.0,"key":"Energy Potion"},{"floor":18,"key":"SkillPotion"}],"is_trial":false,"path_per_floor":["M","?","M","$","?","R","E","?","T","R","E","R","M","$","R","B",null,"M","M","$","M"],"character_chosen":"THE_SILENT","items_purchased":["Purity","Centennial Puzzle","Noxious Fumes"],"campfire_rested":3,"item_purchase_floors":[4,14,20],"current_hp_per_floor":[70,70,70,70,70,70,28,14,14,35,16,37,34,34,55,36,77,65,42,42,0],"gold":24,"neow_bonus":"BOSS_RELIC","is_prod":false,"is_daily":false,"chose_seed":false,"campfire_upgraded":1,"win_rate":0,"timestamp":1547781292,"path_taken":["M","?","?","?","?","R","E","?","T","R","E","R","M","$","R","BOSS","M","M","$","M"],"build_version":"2019-01-17","purchased_purges":1,"victory":false,"max_hp_per_floor":[70,70,70,70,70,70,70,70,70,70,70,70,70,70,70,70,77,77,77,77,77],"card_choices":[{"not_picked":["Flying Knee","Outmaneuver"],"picked":"Caltrops","floor":1.0},{"not_picked":["Concentrate","Dagger Spray"],"picked":"Quick Slash","floor":3.0},{"not_picked":["Reflex","Calculated Gamble"],"picked":"Noxious Fumes","floor":7.0},{"not_picked":["Outmaneuver","Bane"],"picked":"Backflip","floor":11.0},{"not_picked":["Bane","Dagger Throw"],"picked":"Expertise","floor":13.0},{"not_picked":["Doppelganger","Bullet Time"],"picked":"Grand Finale","floor":16.0},{"not_picked":["Dodge and Roll","Tactician+1","Poisoned Stab"],"picked":"SKIP","floor":18},{"not_picked":["Poisoned Stab","Slice","Skewer"],"picked":"SKIP","floor":19}],"player_experience":464375,"relics_obtained":[{"floor":7.0,"key":"Ornamental Fan"},{"floor":9.0,"key":"Sundial"},{"floor":11.0,"key":"Orichalcum"},{"floor":17,"key":"Strawberry"},{"floor":17,"key":"Pantograph"},{"floor":17,"key":"Unceasing Top"}],"event_choices":[{"damage_healed":0.0,"max_hp_gain":0.0,"max_hp_loss":0.0,"gold_gain":0.0,"cards_transformed":["Strike_G"],"event_name":"Transmorgrifier","player_choice":"Transformed","floor":2.0,"gold_loss":0.0,"damage_taken":0.0,"cards_obtained":["After Image"]},{"damage_healed":0.0,"max_hp_gain":0.0,"max_hp_loss":0.0,"gold_gain":0.0,"event_name":"Big Fish","player_choice":"Box","floor":5.0,"gold_loss":0.0,"damage_taken":0.0,"relics_obtained":["PreservedInsect"],"cards_obtained":["Regret"]},{"damage_healed":0.0,"max_hp_gain":0.0,"max_hp_loss":0.0,"gold_gain":0.0,"event_name":"Shining Light","player_choice":"Entered Light","floor":8.0,"gold_loss":0.0,"damage_taken":14.0,"cards_upgraded":["Strike_G","Strike_G"]}],"is_beta":false,"boss_relics":[{"not_picked":["Eternal Feather","Runic Dome"],"picked":"Calling Bell"}],"items_purged_floors":[20],"is_endless":false,"potions_floor_spawned":[7,11,13,18],"killed_by":"Centurion and Healer","ascension_level":1}