{"gold_per_floor":[117,67,67,77,77,2,2,2,2,2,0,0,0,15,15,138,138,117,17,116,66,66,66,79,79,124,137,137,12,27,50,50,50],"floor_reached":33,"playtime":790,"items_purged":["Strike_R","Defend_R","Strike_R"],"score":256,"play_id":"d01c78f0-f499-451b-97bc-ea6e8bff2682","local_time":"20190209182331","is_ascension_mode":false,"campfire_choices":[{"data":"Bash","floor":7.0,"key":"SMITH"},{"floor":15.0,"key":"REST"},{"floor":23.0,"key":"REST"},{"floor":25.0,"key":"REST"},{"floor":32,"key":"REST"}],"neow_cost":"NONE","seed_source_timestamp":75520737374649,"circlet_count":0,"master_deck":["Strike_R","Defend_R","Bash+1","Demon Form","Shrug It Off","Clash"],"special_seed":0,"relics":["Burning Blood","Juzu Bracelet","Centennial Puzzle","Golden Idol","Pear","Empty Cage","Enchiridion","Happy Flower"],"potions_floor_usage":[31,33,33],"damage_taken":[{"damage":1.0,"enemies":"Cultist","floor":1.0,"turns":3.0},{"damage":7.0,"enemies":"2 Louse","floor":4.0,"turns":3.0},{"damage":0.0,"enemies":"Small Slimes","floor":14.0,"turns":3.0},{"damage":48.0,"enemies":"Slime Boss","floor":16.0,"turns":9.0},{"damage":48.0,"enemies":"2 Thieves","floor":18.0,"turns":5.0},{"damage":26.0,"enemies":"Chosen","floor":24.0,"turns":5.0},{"damage":23.0,"enemies":"Snecko","floor":27.0,"turns":6.0},{"damage":34,"enemies":"Sentry and Sphere","floor":30,"turns":6},{"damage":28,"enemies":"3 Cultists","floor":31,"turns":6},{"damage":70,"enemies":"Champ","floor":33,"turns":9}],"seed_played":"-5894450501340291045","potions_obtained":[{"floor":4.0,"key":"PowerPotion"},{"floor":14.0,"key":"BloodPotion"},{"floor":18.0,"key":"Fruit Juice"},{"floor":30,"key":"Swift Potion"},{"floor":31,"key":"Dexterity Potion"}],"is_trial":false,"path_per_floor":["M","?","?","M","?","$","R","?","T","$","?","?","$","M","R","B",null,"M","$","?","?","?","R","M","R","T","M","?","$","M","M","R","B"],"character_chosen":"IRONCLAD","items_purchased":[],"campfire_rested":4,"item_purchase_floors":[],"current_hp_per_floor":[80,80,80,79,72,72,72,52,62,62,62,55,55,61,88,46,90,48,48,48,48,32,59,39,66,66,49,79,79,51,38,65,0],"gold":50,"neow_bonus":"RANDOM_COMMON_RELIC","is_prod":false,"is_daily":false,"chose_seed":false,"campfire_upgraded":1,"win_rate":0,"timestamp":1549725811,"path_taken":["M","?","?","M","?","$","R","?","T","$","?","?","?","M","R","BOSS","M","$","?","?","?","R","M","R","T","M","?","$","M","M","R","BOSS"],"build_version":"2019-01-23","purchased_purges":3,"victory":false,"max_hp_per_floor":[80,80,80,80,80,80,80,80,90,90,90,90,90,90,90,90,90,90,90,90,90,90,90,90,90,90,90,90,90,90,90,90,95],"card_choices":[{"not_picked":["Wild Strike","Heavy Blade","Iron Wave"],"picked":"SKIP","floor":1.0},{"not_picked":["Thunderclap","Clothesline","Warcry"],"picked":"SKIP","floor":4.0},{"not_picked":["Dual Wield","Berserk","Warcry"],"picked":"SKIP","floor":14.0},{"not_picked":["Bludgeon","Reaper"],"picked":"Demon Form","floor":16.0},{"not_picked":["Havoc+1","Feel No Pain","True Grit+1"],"picked":"SKIP","floor":18.0},{"not_picked":["Rupture+1","Ghostly Armor"],"picked":"Shrug It Off","floor":24.0},{"not_picked":["Heavy Blade","Twin Strike"],"picked":"Clash","floor":27.0},{"not_picked":["Power Through","Evolve","True Grit"],"picked":"SKIP","floor":30},{"not_picked":["Thunderclap+1","Fire Breathing","Body Slam"],"picked":"SKIP","floor":31}],"player_experience":269802,"relics_obtained":[{"floor":9.0,"key":"Pear"},{"floor":22.0,"key":"Enchiridion"},{"floor":26.0,"key":"Happy Flower"}],"event_choices":[{"cards_removed":["Defend_R"],"damage_healed":0.0,"max_hp_gain":0.0,"max_hp_loss":0.0,"gold_gain":0.0,"event_name":"The Cleric","player_choice":"Card Removal","floor":2.0,"gold_loss":50.0,"damage_taken":0.0},{"damage_healed":0.0,"max_hp_gain":0.0,"max_hp_loss":0.0,"gold_gain":0.0,"event_name":"Match and Keep!","player_choice":"0 cards matched","floor":3.0,"gold_loss":0.0,"damage_taken":0.0,"cards_obtained":[]},{"damage_healed":0.0,"max_hp_gain":0.0,"max_hp_loss":0.0,"gold_gain":0.0,"event_name":"Scrap Ooze","player_choice":"Success","floor":5.0,"gold_loss":0.0,"damage_taken":7.0,"relics_obtained":["Centennial Puzzle"]},{"damage_healed":0.0,"max_hp_gain":0.0,"max_hp_loss":0.0,"gold_gain":0.0,"event_name":"Golden Idol","player_choice":"Take Damage","floor":8.0,"gold_loss":0.0,"damage_taken":20.0,"relics_obtained":["Golden Idol"]},{"damage_healed":0.0,"max_hp_gain":0.0,"max_hp_loss":0.0,"gold_gain":0.0,"event_name":"World of Goop","player_choice":"Left Gold","floor":11.0,"gold_loss":2.0,"damage_taken":0.0},{"cards_removed":["Strike_R"],"damage_healed":0.0,"max_hp_gain":0.0,"max_hp_loss":0.0,"gold_gain":0.0,"event_name":"Golden Wing","player_choice":"Card Removal","floor":12.0,"gold_loss":0.0,"damage_taken":7.0},{"damage_healed":0.0,"max_hp_gain":0.0,"max_hp_loss":0.0,"gold_gain":99.0,"event_name":"Nest","player_choice":"Stole From Cult","floor":20.0,"gold_loss":0.0,"damage_taken":0.0},{"damage_healed":0.0,"max_hp_gain":0.0,"max_hp_loss":0.0,"gold_gain":0.0,"event_name":"The Joust","player_choice":"Bet on Murderer","floor":21.0,"gold_loss":50.0,"damage_taken":0.0},{"damage_healed":0.0,"max_hp_gain":0.0,"max_hp_loss":0.0,"gold_gain":0.0,"event_name":"Cursed Tome","player_choice":"Obtained Book","floor":22.0,"gold_loss":0.0,"damage_taken":16.0},{"damage_healed":30,"gold_gain":0,"player_choice":"Heal","damage_taken":0,"max_hp_gain":0,"max_hp_loss":0,"event_name":"The Library","floor":28,"gold_loss":0}],"is_beta":false,"boss_relics":[{"not_picked":["Tiny House","Snecko Eye"],"picked":"Empty Cage"}],"items_purged_floors":[6,19,29],"is_endless":false,"potions_floor_spawned":[4,14,18,30,31],"killed_by":"Champ","ascension_level":0}