{"gold_per_floor":[411,149,149,160,110,110,172,172,172,172,189,223,234,234,234,306,306,322,322,3,3,23,23,0,0,25,38,38,71,85,103,103,103],"floor_reached":33,"playtime":1749,"items_purged":["Decay"],"score":532,"play_id":"464dc967-7100-430e-b31f-65bb6d8ac25f","local_time":"20190123231849","is_ascension_mode":true,"campfire_choices":[{"data":"Rip and Tear","floor":6.0,"key":"SMITH"},{"data":"Dualcast","floor":8.0,"key":"SMITH"},{"floor":15.0,"key":"REST"},{"data":"Hologram","floor":23.0,"key":"SMITH"},{"data":"Steam","floor":25,"key":"SMITH"},{"floor":32,"key":"REST"}],"neow_cost":"CURSE","seed_source_timestamp":1280480330814156,"circlet_count":0,"master_deck":["AscendersBane","Strike_B","Defend_B","Defend_B+1","Defend_B","Defend_B","Zap+1","Dualcast+1","Gash","Rip and Tear+1","Gash","Ball Lightning","Compile Driver","Hologram+1","Barrage","All For One","Steam+1","Conserve Battery","Beam Cell","Ghostly","Ghostly","Ghostly","Ghostly","Ghostly","Cold Snap+1","Defragment","Chill","Gash","Steam"],"special_seed":0,"relics":["Cracked Core","Old Coin","War Paint","Tiny Chest","Nunchaku","Bag of Marbles","Centennial Puzzle","White Beast Statue","Mercury Hourglass","Boot","Strawberry"],"potions_floor_usage":[27,29,31,33,33],"damage_taken":[{"damage":10.0,"enemies":"2 Louse","floor":1.0,"turns":3.0},{"damage":0.0,"enemies":"Small Slimes","floor":4.0,"turns":3.0},{"damage":17.0,"enemies":"Lagavulin","floor":7.0,"turns":6.0},{"damage":7.0,"enemies":"Jaw Worm","floor":11.0,"turns":2.0},{"damage":7.0,"enemies":"3 Sentries","floor":12.0,"turns":4.0},{"damage":3.0,"enemies":"Large Slime","floor":13.0,"turns":4.0},{"damage":45.0,"enemies":"Hexaghost","floor":16.0,"turns":8.0},{"damage":18.0,"enemies":"3 Byrds","floor":18.0,"turns":4.0},{"damage":1.0,"enemies":"2 Thieves","floor":22.0,"turns":2.0},{"damage":11,"enemies":"Snake Plant","floor":27,"turns":5},{"damage":0,"enemies":"Slavers","floor":29,"turns":3},{"damage":0,"enemies":"Centurion and Healer","floor":30,"turns":5},{"damage":10,"enemies":"Shelled Parasite and Fungi","floor":31,"turns":5},{"damage":54,"enemies":"Champ","floor":33,"turns":7}],"seed_played":"4606362037134372804","potions_obtained":[{"floor":1.0,"key":"Explosive Potion"},{"floor":4.0,"key":"Block Potion"},{"floor":18.0,"key":"Explosive Potion"},{"floor":22.0,"key":"Energy Potion"},{"floor":27,"key":"AttackPotion"},{"floor":29,"key":"SpeedPotion"},{"floor":30,"key":"Fire Potion"},{"floor":31,"key":"PowerPotion"}],"is_trial":false,"path_per_floor":["M","$","?","M","?","R","E","R","T","?","M","E","M","?","R","B",null,"M","?","$","?","M","R","?","R","T","M","?","E","M","M","R","B"],"character_chosen":"DEFECT","items_purchased":["Rip and Tear","War Paint","Mercury Hourglass","Conserve Battery","Beam Cell"],"campfire_rested":2,"item_purchase_floors":[2,2,20,20,20],"current_hp_per_floor":[54,54,71,71,71,71,54,54,54,47,40,33,30,30,51,6,55,37,37,37,35,34,34,34,34,34,23,23,30,30,20,32,0],"gold":103,"neow_bonus":"ONE_RARE_RELIC","is_prod":false,"is_daily":false,"chose_seed":false,"campfire_upgraded":4,"win_rate":0,"timestamp":1548303529,"path_taken":["M","$","?","M","?","R","E","R","T","?","M","E","M","?","R","BOSS","M","?","$","?","M","R","?","R","T","?","?","E","?","M","R","BOSS"],"build_version":"2019-01-23","purchased_purges":1,"victory":false,"max_hp_per_floor":[71,71,71,71,71,71,71,71,71,71,71,71,71,71,71,71,71,71,71,71,35,35,35,35,35,35,35,35,42,42,42,42,42],"card_choices":[{"not_picked":["Tempest","Rebound"],"picked":"Gash","floor":1.0},{"not_picked":["Chaos","Stack","Storm"],"picked":"SKIP","floor":4.0},{"not_picked":["Chaos","Stack","Storm"],"picked":"SKIP","floor":4.0},{"not_picked":["Reinforced Body","Self Repair"],"picked":"Gash","floor":7.0},{"not_picked":["Hologram","Doom and Gloom"],"picked":"Ball Lightning","floor":11.0},{"not_picked":["Go for the Eyes","Consume"],"picked":"Compile Driver","floor":12.0},{"not_picked":["Amplify","Turbo"],"picked":"Hologram","floor":13.0},{"not_picked":["Fission","Core Surge"],"picked":"All For One","floor":16.0},{"not_picked":["Leap","Turbo"],"picked":"Steam","floor":18.0},{"not_picked":["Barrage","Recycle"],"picked":"Cold Snap+1","floor":22.0},{"not_picked":["Compile Driver","Sweeping Beam"],"picked":"Defragment","floor":27},{"not_picked":["Beam Cell","Rebound+1"],"picked":"Gash","floor":29},{"not_picked":["Stack","Leap+1"],"picked":"Steam","floor":30},{"not_picked":["Force Field","Double Energy","Rainbow"],"picked":"SKIP","floor":31}],"player_experience":372520,"relics_obtained":[{"floor":7.0,"key":"Tiny Chest"},{"floor":9.0,"key":"Nunchaku"},{"floor":12.0,"key":"Centennial Puzzle"},{"floor":26,"key":"Boot"},{"floor":29,"key":"Strawberry"}],"event_choices":[{"damage_healed":23.0,"max_hp_gain":0.0,"max_hp_loss":0.0,"gold_gain":0.0,"event_name":"Big Fish","player_choice":"Banana","floor":3.0,"gold_loss":0.0,"damage_taken":0.0},{"cards_removed":["Strike_B"],"damage_healed":0.0,"max_hp_gain":0.0,"max_hp_loss":0.0,"gold_gain":0.0,"event_name":"The Cleric","player_choice":"Card Removal","floor":5.0,"gold_loss":50.0,"damage_taken":0.0},{"damage_healed":0.0,"max_hp_gain":0.0,"max_hp_loss":0.0,"gold_gain":0.0,"event_name":"Scrap Ooze","player_choice":"Success","floor":10.0,"gold_loss":0.0,"damage_taken":7.0,"relics_obtained":["Bag of Marbles"]},{"damage_healed":0.0,"max_hp_gain":0.0,"max_hp_loss":0.0,"gold_gain":0.0,"cards_transformed":["Strike_B"],"event_name":"Living Wall","player_choice":"Change","floor":14.0,"gold_loss":0.0,"damage_taken":0.0,"cards_obtained":["Barrage"]},{"damage_healed":0.0,"max_hp_gain":0.0,"max_hp_loss":36.0,"gold_gain":0.0,"event_name":"Ghosts","player_choice":"Became a Ghost","floor":21.0,"gold_loss":0.0,"damage_taken":0.0,"cards_obtained":["Ghostly","Ghostly","Ghostly","Ghostly","Ghostly"]},{"damage_healed":0,"gold_gain":0,"player_choice":"Paid Fearfully","damage_taken":0,"max_hp_gain":0,"max_hp_loss":0,"event_name":"Masked Bandits","floor":24,"gold_loss":23},{"damage_healed":0,"gold_gain":0,"cards_transformed":["Strike_B"],"player_choice":"Transformed","damage_taken":0,"max_hp_gain":0,"max_hp_loss":0,"event_name":"Transmorgrifier","floor":28,"gold_loss":0,"cards_obtained":["Chill"]}],"is_beta":false,"boss_relics":[{"not_picked":["Velvet Choker","Coffee Dripper"],"picked":"White Beast Statue"}],"items_purged_floors":[2],"is_endless":false,"potions_floor_spawned":[1,4,11,18,22,27,29,30,31],"killed_by":"Champ","ascension_level":14}