{"gold_per_floor":[369,19,30,41,41,71,71,71,121,150,150,25,38,93,93,193,193,193,193,148,148,148,148,148,148,148,148,148,96,96,0,0,0,0,0,0,0,0,0,0,0,0,0,0,0,0,0,0,0,0,0,0,0,0],"floor_reached":54,"playtime":2134,"items_purged":["Decay","Strike_B"],"score":1097,"play_id":"bb6182aa-9e8f-48cd-a114-129bb0ce7a0a","local_time":"20190202000611","is_ascension_mode":true,"campfire_choices":[{"data":"Hologram","floor":7.0,"key":"SMITH"},{"data":"Leap","floor":11.0,"key":"SMITH"},{"floor":15.0,"key":"REST"},{"data":"Go for the Eyes","floor":23,"key":"SMITH"},{"data":"Coolheaded","floor":27,"key":"SMITH"},{"data":"Discovery","floor":32,"key":"SMITH"},{"data":"Strike_B","floor":40,"key":"PURGE"},{"floor":49,"key":"RECALL"},{"data":"Defend_B","floor":52,"key":"PURGE"}],"neow_cost":"CURSE","seed_source_timestamp":340619715974274,"circlet_count":0,"master_deck":["Strike_B","Strike_B","Defend_B+1","Defend_B","Defend_B","Zap+1","Dualcast","Rip and Tear","Leap+1","Go for the Eyes+1","Hologram+1","Ball Lightning+1","Steam","Redo+1","Coolheaded+1","Echo Form","Glacier","Capacitor","Gash","Coolheaded","Gash","Discovery+1","Rebound+1","Echo Form","Darkness+1","Defragment+1","Force Field+1","Defragment+1","Steam+1"],"special_seed":0,"relics":["Cracked Core","Symbiotic Virus","Boot","Orichalcum","Blood Vial","Ectoplasm","Kunai","Darkstone Periapt","Runic Pyramid","Peace Pipe","Shuriken"],"potions_floor_usage":[16,20,20,28,33,47],"damage_taken":[{"damage":10.0,"enemies":"2 Louse","floor":1.0,"turns":2.0},{"damage":0.0,"enemies":"Small Slimes","floor":3.0,"turns":3.0},{"damage":0.0,"enemies":"Jaw Worm","floor":4.0,"turns":3.0},{"damage":13.0,"enemies":"Gremlin Nob","floor":6.0,"turns":3.0},{"damage":16.0,"enemies":"3 Sentries","floor":10.0,"turns":5.0},{"damage":4.0,"enemies":"Gremlin Gang","floor":13.0,"turns":4.0},{"damage":0,"enemies":"Slime Boss","floor":16,"turns":7},{"damage":12,"enemies":"3 Byrds","floor":18,"turns":4},{"damage":7,"enemies":"2 Thieves","floor":20,"turns":3},{"damage":9,"enemies":"Snake Plant","floor":21,"turns":4},{"damage":1,"enemies":"Snecko","floor":25,"turns":3},{"damage":0,"enemies":"Gremlin Leader","floor":28,"turns":7},{"damage":17,"enemies":"Automaton","floor":33,"turns":13},{"damage":8,"enemies":"3 Shapes","floor":35,"turns":4},{"damage":0,"enemies":"Mind Bloom Boss Battle","floor":38,"turns":6},{"damage":24,"enemies":"3 Darklings","floor":39,"turns":6},{"damage":0,"enemies":"Maw","floor":41,"turns":6},{"damage":10,"enemies":"Transient","floor":45,"turns":5},{"damage":1,"enemies":"Jaw Worm Horde","floor":46,"turns":4},{"damage":0,"enemies":"Nemesis","floor":47,"turns":7},{"damage":39,"enemies":"Time Eater","floor":50,"turns":12},{"damage":62,"enemies":"Shield and Spear","floor":54,"turns":5}],"seed_played":"-4379068127566269905","potions_obtained":[{"floor":4.0,"key":"Ancient Potion"},{"floor":6.0,"key":"FearPotion"},{"floor":10.0,"key":"EssenceOfSteel"},{"floor":18,"key":"SteroidPotion"},{"floor":21,"key":"FearPotion"},{"floor":25,"key":"EssenceOfSteel"},{"floor":28,"key":"FocusPotion"},{"floor":38,"key":"Fire Potion"},{"floor":41,"key":"SkillPotion"},{"floor":45,"key":"Dexterity Potion"}],"is_trial":false,"path_per_floor":["M","$","M","M","?","E","R","?","T","E","R","$","M","?","R","B",null,"M","?","M","M","?","R","?","M","T","R","E","$","?","$","R","B",null,"M","?","$","?","M","R","M","?","T","?","M","M","E","$","R","B",null,"R","$","E"],"character_chosen":"DEFECT","items_purchased":["Symbiotic Virus","Leap","Redo","Gash","Discovery"],"campfire_rested":1,"item_purchase_floors":[2,2,12,29,31],"current_hp_per_floor":[58,58,58,58,58,45,45,30,30,14,14,14,12,12,34,36,65,55,55,50,43,43,43,43,44,44,44,46,46,32,32,32,17,64,58,58,58,60,38,38,40,70,70,70,60,61,63,63,63,26,59,59,59,0],"gold":0,"neow_bonus":"TWO_FIFTY_GOLD","is_prod":false,"is_daily":false,"chose_seed":false,"campfire_upgraded":5,"win_rate":0,"timestamp":1549076771,"path_taken":["M","$","M","M","?","E","R","?","T","E","R","$","M","?","R","BOSS","M","?","?","M","?","R","?","M","T","R","E","?","?","$","R","BOSS","M","?","?","?","M","R","M","?","T","?","?","M","E","$","R","BOSS","R","$","E"],"build_version":"2018-11-15","purchased_purges":2,"victory":false,"max_hp_per_floor":[75,75,75,75,75,75,75,75,75,75,75,75,75,75,75,75,75,75,75,75,75,75,75,75,75,75,75,75,75,80,80,80,80,80,80,80,80,80,80,80,80,70,70,70,70,70,70,70,70,70,70,70,70,70],"card_choices":[{"not_picked":["Consume","Lockon"],"picked":"Rip and Tear","floor":1.0},{"not_picked":["Turbo","Hologram"],"picked":"Go for the Eyes","floor":3.0},{"not_picked":["Reprogram","Compile Driver"],"picked":"Hologram","floor":4.0},{"not_picked":["Steam Power","Reinforced Body"],"picked":"Ball Lightning","floor":6.0},{"not_picked":["Amplify","Cold Snap"],"picked":"Steam","floor":10.0},{"not_picked":["Barrage","FTL"],"picked":"Coolheaded","floor":13.0},{"not_picked":["All For One","Machine Learning"],"picked":"Echo Form","floor":16},{"not_picked":["Turbo","Rebound","Ball Lightning"],"picked":"SKIP","floor":18},{"not_picked":["Skim","Turbo","Coolheaded"],"picked":"SKIP","floor":20},{"not_picked":["Ball Lightning","Redo"],"picked":"Glacier","floor":21},{"not_picked":["Compile Driver","Storm"],"picked":"Gash","floor":25},{"not_picked":["Redo","Conserve Battery"],"picked":"Coolheaded","floor":28},{"not_picked":["Steam+1","Loop"],"picked":"Rebound+1","floor":35},{"not_picked":["Lockon+1","Reinforced Body+1"],"picked":"Darkness+1","floor":38},{"not_picked":["Sweeping Beam+1","Melter"],"picked":"Defragment+1","floor":39},{"not_picked":["Undo+1","Tempest+1"],"picked":"Force Field+1","floor":41},{"not_picked":["Sunder","Rainbow"],"picked":"Steam+1","floor":45},{"not_picked":["Fusion","Beam Cell","Melter+1"],"picked":"SKIP","floor":46},{"not_picked":["Turbo","Glacier","Undo"],"picked":"SKIP","floor":47}],"player_experience":65207,"relics_obtained":[{"floor":6.0,"key":"Boot"},{"floor":9.0,"key":"Orichalcum"},{"floor":10.0,"key":"Blood Vial"},{"floor":26,"key":"Kunai"},{"floor":28,"key":"Darkstone Periapt"},{"floor":38,"key":"Peace Pipe"},{"floor":47,"key":"Shuriken"}],"event_choices":[{"damage_healed":0.0,"max_hp_gain":0.0,"max_hp_loss":0.0,"gold_gain":0.0,"event_name":"Living Wall","player_choice":"Grow","floor":5.0,"gold_loss":0.0,"damage_taken":0.0,"cards_upgraded":["Zap"]},{"damage_healed":0.0,"max_hp_gain":0.0,"max_hp_loss":0.0,"gold_gain":0.0,"event_name":"Shining Light","player_choice":"Entered Light","floor":8.0,"gold_loss":0.0,"damage_taken":15.0,"cards_upgraded":["Defend_B","Ball Lightning"]},{"damage_healed":0.0,"max_hp_gain":0.0,"max_hp_loss":0.0,"gold_gain":55.0,"event_name":"Golden Wing","player_choice":"Gained Gold","floor":14.0,"gold_loss":0.0,"damage_taken":0.0},{"damage_healed":0,"gold_gain":0,"player_choice":"Upgraded","damage_taken":0,"max_hp_gain":0,"max_hp_loss":0,"event_name":"Upgrade Shrine","floor":19,"gold_loss":0,"cards_upgraded":["Redo"]},{"damage_healed":0,"gold_gain":0,"player_choice":"Ignored","damage_taken":0,"max_hp_gain":0,"max_hp_loss":0,"event_name":"Ghosts","floor":22,"gold_loss":0},{"damage_healed":0,"gold_gain":0,"player_choice":"Read","damage_taken":0,"max_hp_gain":0,"max_hp_loss":0,"event_name":"The Library","floor":24,"gold_loss":0,"cards_obtained":["Capacitor"]},{"damage_healed":0,"gold_gain":0,"player_choice":"Shed Blood","damage_taken":19,"max_hp_gain":5,"max_hp_loss":0,"event_name":"Forgotten Altar","floor":30,"gold_loss":0},{"damage_healed":0,"gold_gain":0,"player_choice":"1 cards matched","damage_taken":0,"max_hp_gain":0,"max_hp_loss":0,"event_name":"Match and Keep!","floor":36,"gold_loss":0,"cards_obtained":["Echo Form"]},{"damage_healed":0,"gold_gain":0,"player_choice":"Fight","damage_taken":0,"max_hp_gain":0,"max_hp_loss":0,"event_name":"MindBloom","floor":38,"gold_loss":0},{"damage_healed":70,"gold_gain":0,"player_choice":"Heal","damage_taken":0,"max_hp_gain":0,"max_hp_loss":10,"event_name":"The Moai Head","floor":42,"gold_loss":0},{"damage_healed":0,"gold_gain":0,"player_choice":"Copied","damage_taken":0,"max_hp_gain":0,"max_hp_loss":0,"event_name":"Duplicator","floor":44,"gold_loss":0,"cards_obtained":["Defragment"]}],"is_beta":false,"boss_relics":[{"not_picked":["Black Star","Empty Cage"],"picked":"Ectoplasm"},{"not_picked":["Eternal Feather","Astrolabe"],"picked":"Runic Pyramid"}],"items_purged_floors":[2,12],"is_endless":false,"potions_floor_spawned":[4,6,10,18,21,25,28,38,41,45],"killed_by":"Shield and Spear","ascension_level":8}