{"gold_per_floor":[110,7,82,7,7,7,20,46,92,92,9,37,37,51,51,123,123,136,146,163,163,173,173,185,185,262,262,287,287,317,317],"floor_reached":31,"playtime":1012,"items_purged":["Strike_R"],"score":536,"play_id":"78bbb317-e4e9-4864-855e-2d88a664b979","local_time":"20190210220028","is_ascension_mode":true,"campfire_choices":[{"data":"Searing Blow","floor":6,"key":"SMITH"},{"data":"Searing Blow+1","floor":13,"key":"SMITH"},{"data":"Armaments","floor":15,"key":"SMITH"},{"data":"Searing Blow+2","floor":23,"key":"SMITH"},{"data":"Searing Blow+3","floor":25,"key":"SMITH"},{"floor":29,"key":"REST"}],"neow_cost":"NONE","seed_source_timestamp":84643520081637,"circlet_count":0,"master_deck":["AscendersBane","Strike_R","Strike_R","Strike_R","Defend_R","Defend_R","Defend_R","Defend_R","Bash","Iron Wave","Searing Blow+4","True Grit","Battle Trance","PanicButton","Armaments+1","Juggernaut","Ghostly Armor","Disarm","Searing Blow+4"],"relics":["Burning Blood","NeowsBlessing","Calipers","Regal Pillow","Letter Opener","Sozu","Matryoshka","Boot","Mummified Hand"],"potions_floor_usage":[12,16,28],"damage_taken":[{"damage":0,"enemies":"Small Slimes","floor":1,"turns":1},{"damage":0,"enemies":"2 Louse","floor":7,"turns":1},{"damage":0,"enemies":"Lagavulin","floor":8,"turns":1},{"damage":30,"enemies":"3 Sentries","floor":12,"turns":8},{"damage":1,"enemies":"Cultist","floor":14,"turns":3},{"damage":31,"enemies":"The Guardian","floor":16,"turns":12},{"damage":12,"enemies":"Shell Parasite","floor":18,"turns":5},{"damage":0,"enemies":"Chosen","floor":19,"turns":4},{"damage":20,"enemies":"3 Cultists","floor":20,"turns":6},{"damage":34,"enemies":"Snake Plant","floor":22,"turns":5},{"damage":10,"enemies":"Cultist and Chosen","floor":24,"turns":6},{"damage":39,"enemies":"Book of Stabbing","floor":28,"turns":5},{"damage":36,"enemies":"Slavers","floor":30,"turns":5},{"damage":19,"enemies":"Shelled Parasite and Fungi","floor":31,"turns":4}],"seed_played":"8237956707745089570","potions_obtained":[{"floor":7,"key":"AttackPotion"},{"floor":10,"key":"FairyPotion"},{"floor":14,"key":"FearPotion"},{"floor":16,"key":"Regen Potion"}],"is_trial":false,"path_per_floor":["M","$","?","$","?","R","M","E","T","?","$","E","R","M","R","B",null,"M","M","M","?","M","R","M","R","T","?","E","R","E","M"],"character_chosen":"IRONCLAD","items_purchased":["Searing Blow","True Grit","PanicButton"],"campfire_rested":1,"item_purchase_floors":[2,2,11],"current_hp_per_floor":[74,74,63,63,63,63,69,75,75,75,75,51,51,56,56,31,64,58,64,50,50,22,22,18,18,18,18,8,45,15,0],"gold":317,"neow_bonus":"THREE_ENEMY_KILL","is_prod":false,"is_daily":false,"chose_seed":false,"campfire_upgraded":5,"win_rate":0,"timestamp":1549846828,"path_taken":["M","$","?","$","?","R","?","E","T","?","?","E","R","M","R","BOSS","M","?","M","?","M","R","?","R","T","?","E","R","E","?"],"build_version":"2018-11-15","purchased_purges":1,"victory":false,"max_hp_per_floor":[75,75,75,75,75,75,75,75,75,75,75,75,75,75,75,75,75,75,75,75,75,75,75,75,75,75,75,75,75,75,75],"card_choices":[{"not_picked":["Flex","Power Through"],"picked":"Iron Wave","floor":1},{"not_picked":["Headbutt","Thunderclap"],"picked":"Battle Trance","floor":7},{"not_picked":["Clash","Feel No Pain","Body Slam"],"picked":"SKIP","floor":8},{"not_picked":["Clash","Sword Boomerang","Rupture"],"picked":"SKIP","floor":12},{"not_picked":["Iron Wave","Pommel Strike"],"picked":"Armaments","floor":14},{"not_picked":["Limit Break","Demon Form"],"picked":"Juggernaut","floor":16},{"not_picked":["Power Through","Armaments","Burning Pact"],"picked":"SKIP","floor":18},{"not_picked":["Sever Soul+1","Fire Breathing"],"picked":"Ghostly Armor","floor":19},{"not_picked":["Body Slam","Twin Strike","Clash"],"picked":"SKIP","floor":20},{"not_picked":["Anger","Burning Pact"],"picked":"Disarm","floor":22},{"not_picked":["Wild Strike","Dropkick","Pummel"],"picked":"SKIP","floor":24},{"not_picked":["Twin Strike+1","Feel No Pain","Intimidate"],"picked":"SKIP","floor":28},{"not_picked":["Body Slam","Cleave","Warcry"],"picked":"SKIP","floor":30}],"player_experience":131088,"relics_obtained":[{"floor":8,"key":"Calipers"},{"floor":9,"key":"Regal Pillow"},{"floor":12,"key":"Letter Opener"},{"floor":26,"key":"Matryoshka"},{"floor":28,"key":"Boot"},{"floor":30,"key":"Mummified Hand"}],"event_choices":[{"damage_healed":0,"gold_gain":75,"player_choice":"Gather Gold","damage_taken":11,"max_hp_gain":0,"max_hp_loss":0,"event_name":"World of Goop","floor":3,"gold_loss":0},{"cards_removed":["Strike_R"],"damage_healed":0,"gold_gain":0,"player_choice":"Offered Basic","damage_taken":0,"max_hp_gain":0,"max_hp_loss":0,"event_name":"Bonfire Elementals","floor":5,"gold_loss":0},{"damage_healed":0,"gold_gain":0,"player_choice":"Got Potions","damage_taken":0,"max_hp_gain":0,"max_hp_loss":0,"event_name":"Lab","floor":10,"gold_loss":0},{"damage_healed":0,"gold_gain":0,"player_choice":"Ignored","damage_taken":0,"max_hp_gain":0,"max_hp_loss":0,"event_name":"N\u0027loth","floor":21,"gold_loss":0},{"damage_healed":0,"gold_gain":0,"player_choice":"Copied","damage_taken":0,"max_hp_gain":0,"max_hp_loss":0,"event_name":"Duplicator","floor":27,"gold_loss":0,"cards_obtained":["Searing Blow"]}],"is_beta":false,"boss_relics":[{"not_picked":["Calling Bell","Eternal Feather"],"picked":"Sozu"}],"items_purged_floors":[4],"is_endless":false,"potions_floor_spawned":[7,8,14,16,18,19,28],"killed_by":"Shelled Parasite and Fungi","ascension_level":15}