{"gold_per_floor":[117,117,42,60,60,93,93,21,45,45,111,140,190,202,202,306,306,323,373,423,247,222,254,264,264,264,314,330,330,365,380,380,477,477,495,507,524,53,103,128,178,190,190,225,242,292,0,13,13,13],"floor_reached":51,"playtime":3722,"items_purged":["Strike_G","Strike_G","Strike_G"],"score":778,"play_id":"e41eb329-5f4b-43e2-982a-21b16dc48e57","local_time":"20190210191118","is_ascension_mode":false,"campfire_choices":[{"data":"Footwork","floor":10,"key":"SMITH"},{"floor":15,"key":"REST"},{"data":"Envenom","floor":25,"key":"SMITH"},{"data":"Catalyst","floor":29,"key":"SMITH"},{"data":"Noxious Fumes","floor":32,"key":"SMITH"},{"data":"1","floor":49,"key":"LIFT"}],"neow_cost":"NONE","seed_source_timestamp":161904701721805,"circlet_count":0,"master_deck":["Defend_G+1","Defend_G+1","Defend_G+1","Strike_G+1","Survivor+1","Neutralize+1","Backflip+1","Footwork+1","Crippling Poison+1","Footwork+1","Crippling Poison+1","Noxious Fumes+1","Envenom+1","Caltrops+1","Bane+1","Catalyst+1","Ghostly+1","Ghostly+1","Ghostly+1","Ghostly+1","Ghostly+1","Prepared+1","Caltrops+1","Cloak And Dagger+1","After Image+1","Infinite Blades+1","Poisoned Stab+1","Tactician+1","Backflip+1"],"relics":["Ring of the Serpent","NeowsBlessing","Lantern","SsserpentHead","Anchor","Bottled Flame","Bird Faced Urn","Busted Crown","Ninja Scroll","Bag of Preparation","Shuriken","PreservedInsect","Sling","Girya","Pear","Art of War","Mark of the Bloom","Red Mask"],"potions_floor_usage":[12,33,45,50,50,50],"damage_taken":[{"damage":0,"enemies":"2 Louse","floor":1,"turns":1},{"damage":0,"enemies":"Cultist","floor":4,"turns":1},{"damage":0,"enemies":"Gremlin Nob","floor":6,"turns":1},{"damage":0,"enemies":"Jaw Worm","floor":11,"turns":4},{"damage":21,"enemies":"Lagavulin","floor":12,"turns":15},{"damage":4,"enemies":"Large Slime","floor":14,"turns":7},{"damage":62,"enemies":"Slime Boss","floor":16,"turns":17},{"damage":3,"enemies":"Shell Parasite","floor":18,"turns":6},{"damage":37,"enemies":"Slavers","floor":23,"turns":7},{"damage":3,"enemies":"2 Thieves","floor":24,"turns":4},{"damage":10,"enemies":"3 Cultists","floor":28,"turns":6},{"damage":9,"enemies":"Book of Stabbing","floor":30,"turns":5},{"damage":14,"enemies":"Shelled Parasite and Fungi","floor":31,"turns":5},{"damage":6,"enemies":"Automaton","floor":33,"turns":8},{"damage":4,"enemies":"Orb Walker","floor":35,"turns":5},{"damage":7,"enemies":"3 Shapes","floor":36,"turns":4},{"damage":0,"enemies":"Writhing Mass","floor":37,"turns":6},{"damage":10,"enemies":"Giant Head","floor":40,"turns":6},{"damage":1,"enemies":"Maw","floor":42,"turns":6},{"damage":1,"enemies":"Nemesis","floor":44,"turns":5},{"damage":5,"enemies":"Sphere and 2 Shapes","floor":45,"turns":5},{"damage":0,"enemies":"Jaw Worm Horde","floor":48,"turns":4},{"damage":10,"enemies":"Time Eater","floor":50,"turns":10}],"seed_played":"-3058720945748072331","potions_obtained":[{"floor":1,"key":"PowerPotion"},{"floor":6,"key":"Ancient Potion"},{"floor":11,"key":"Energy Potion"},{"floor":23,"key":"Block Potion"},{"floor":24,"key":"GhostInAJar"},{"floor":35,"key":"GamblersBrew"},{"floor":36,"key":"Fire Potion"},{"floor":42,"key":"PowerPotion"},{"floor":45,"key":"EssenceOfSteel"}],"is_trial":false,"path_per_floor":["M","?","$","M","?","E","?","$","T","R","M","E","T","M","R","B",null,"M","?","?","$","?","E","M","R","T","?","M","R","E","M","R","B",null,"M","M","M","$","?","E","?","M","T","E","M","?","?","M","R","B",null],"character_chosen":"THE_SILENT","items_purchased":["Crippling Poison","Catalyst","PreservedInsect","Sling"],"campfire_rested":1,"item_purchase_floors":[8,21,38,38],"current_hp_per_floor":[70,70,70,70,70,70,70,70,70,70,70,49,49,49,70,10,70,69,69,69,69,69,38,43,43,43,35,28,28,26,23,23,29,35,35,34,35,35,33,26,26,33,43,42,38,38,38,38,38,28],"gold":13,"neow_bonus":"THREE_ENEMY_KILL","is_prod":false,"is_daily":false,"chose_seed":false,"campfire_upgraded":4,"win_rate":0,"timestamp":1549815078,"path_taken":["M","?","$","?","?","E","?","$","T","R","?","E","?","M","R","BOSS","M","?","?","$","?","E","M","R","T","?","M","R","E","M","R","BOSS","M","M","M","$","?","E","?","M","T","E","M","?","?","M","R","BOSS"],"build_version":"2019-01-23","purchased_purges":3,"victory":true,"max_hp_per_floor":[70,70,70,70,70,70,70,70,70,70,70,70,70,70,70,70,70,70,70,70,70,70,70,70,70,70,35,35,35,35,35,35,35,35,35,35,35,35,33,33,33,33,43,43,43,43,43,43,43,43],"card_choices":[{"not_picked":["Setup","Prepared","Slice"],"picked":"SKIP","floor":1},{"not_picked":["Prepared","Concentrate"],"picked":"Backflip","floor":4},{"not_picked":["All Out Attack","PiercingWail"],"picked":"Footwork","floor":6},{"not_picked":["Terror","All Out Attack"],"picked":"Footwork","floor":11},{"not_picked":["Backflip","Dash"],"picked":"Crippling Poison","floor":12},{"not_picked":["Flying Knee","Flechettes"],"picked":"Noxious Fumes","floor":14},{"not_picked":["Grand Finale","Storm of Steel"],"picked":"Envenom","floor":16},{"not_picked":[],"picked":"Caltrops","floor":18},{"not_picked":["Slice"],"picked":"SKIP","floor":23},{"not_picked":["Slice"],"picked":"SKIP","floor":24},{"not_picked":[],"picked":"Prepared+1","floor":28},{"not_picked":[],"picked":"Caltrops","floor":30},{"not_picked":[],"picked":"Cloak And Dagger+1","floor":31},{"not_picked":[],"picked":"After Image","floor":33},{"not_picked":[],"picked":"Infinite Blades","floor":35},{"not_picked":["Sucker Punch"],"picked":"SKIP","floor":36},{"not_picked":[],"picked":"Poisoned Stab","floor":37},{"not_picked":["Setup"],"picked":"SKIP","floor":40},{"not_picked":[],"picked":"Tactician+1","floor":42},{"not_picked":["Dagger Throw+1"],"picked":"SKIP","floor":44},{"not_picked":[],"picked":"Backflip","floor":45},{"not_picked":["Flying Knee"],"picked":"SKIP","floor":48}],"player_experience":274828,"relics_obtained":[{"floor":6,"key":"Lantern"},{"floor":9,"key":"Anchor"},{"floor":12,"key":"Bottled Flame"},{"floor":13,"key":"Bird Faced Urn"},{"floor":23,"key":"Ninja Scroll"},{"floor":26,"key":"Bag of Preparation"},{"floor":30,"key":"Shuriken"},{"floor":40,"key":"Girya"},{"floor":43,"key":"Pear"},{"floor":44,"key":"Art of War"}],"event_choices":[{"cards_removed":["Defend_G"],"damage_healed":0,"gold_gain":0,"player_choice":"Offered Basic","damage_taken":0,"max_hp_gain":0,"max_hp_loss":0,"event_name":"Bonfire Elementals","floor":2,"gold_loss":0},{"cards_removed":["Defend_G"],"damage_healed":0,"gold_gain":0,"player_choice":"Forget","damage_taken":0,"max_hp_gain":0,"max_hp_loss":0,"event_name":"Living Wall","floor":5,"gold_loss":0},{"damage_healed":0,"gold_gain":0,"player_choice":"Trade","damage_taken":0,"relics_obtained":["SsserpentHead"],"max_hp_gain":0,"max_hp_loss":0,"event_name":"FaceTrader","floor":7,"gold_loss":0},{"damage_healed":0,"gold_gain":0,"player_choice":"Ignored","damage_taken":0,"max_hp_gain":0,"max_hp_loss":0,"event_name":"Vampires","floor":19,"gold_loss":0},{"damage_healed":0,"gold_gain":0,"player_choice":"Read","damage_taken":0,"max_hp_gain":0,"max_hp_loss":0,"event_name":"The Library","floor":20,"gold_loss":0,"cards_obtained":["Bane"]},{"cards_removed":["Strike_G"],"damage_healed":0,"gold_gain":0,"player_choice":"Gave Gold","damage_taken":0,"max_hp_gain":0,"max_hp_loss":0,"event_name":"Beggar","floor":22,"gold_loss":75},{"damage_healed":0,"gold_gain":0,"player_choice":"Became a Ghost","damage_taken":0,"max_hp_gain":0,"max_hp_loss":35,"event_name":"Ghosts","floor":27,"gold_loss":0,"cards_obtained":["Ghostly","Ghostly","Ghostly","Ghostly","Ghostly"]},{"damage_healed":0,"gold_gain":0,"player_choice":"Max HP","damage_taken":0,"max_hp_gain":0,"max_hp_loss":2,"event_name":"Winding Halls","floor":39,"gold_loss":0},{"damage_healed":0,"gold_gain":0,"player_choice":"Ignored","damage_taken":0,"max_hp_gain":0,"max_hp_loss":0,"event_name":"Mysterious Sphere","floor":41,"gold_loss":0},{"damage_healed":0,"gold_gain":0,"player_choice":"Upgrade","damage_taken":0,"relics_obtained":["Mark of the Bloom"],"max_hp_gain":0,"max_hp_loss":0,"event_name":"MindBloom","floor":46,"gold_loss":0,"cards_upgraded":["Defend_G","Defend_G","Defend_G","Strike_G","Survivor","Neutralize","Backflip","Crippling Poison","Footwork","Crippling Poison","Caltrops","Bane","Ghostly","Ghostly","Ghostly","Ghostly","Ghostly","Caltrops","After Image","Infinite Blades","Poisoned Stab","Backflip"]},{"damage_healed":0,"gold_gain":0,"player_choice":"Paid","damage_taken":0,"relics_obtained":["Red Mask"],"max_hp_gain":0,"max_hp_loss":0,"event_name":"Tomb of Lord Red Mask","floor":47,"gold_loss":342}],"is_beta":false,"boss_relics":[{"not_picked":["Velvet Choker","Sozu"],"picked":"Busted Crown"},{"not_picked":["Black Star","Runic Dome"],"picked":"Ring of the Serpent"}],"items_purged_floors":[3,21,38],"is_endless":false,"potions_floor_spawned":[1,6,11,23,24,35,36,42,45,48],"ascension_level":0}