{"gold_per_floor":[112,125,143,154,28,28,54,54,54,67,67,79,79,106,106,184,184,170,82,98,108,108],"floor_reached":22,"playtime":1673,"items_purged":["Strike_G"],"score":347,"play_id":"269cf632-f5d3-4b52-b5d9-b53437db1f98","local_time":"20190216225535","is_ascension_mode":true,"campfire_choices":[{"data":"Dagger Spray","floor":6,"key":"SMITH"},{"floor":11,"key":"REST"},{"data":"Caltrops","floor":13,"key":"SMITH"},{"data":"Calculated Gamble","floor":15,"key":"SMITH"}],"neow_cost":"NONE","seed_source_timestamp":448968174593700,"circlet_count":0,"master_deck":["AscendersBane","Defend_G","Defend_G","Defend_G","Defend_G","Defend_G","Strike_G","Strike_G","Strike_G","Strike_G","Survivor","Neutralize+1","Calculated Gamble+1","Poisoned Stab","Dagger Spray+1","Deadly Poison","Caltrops+1","Deflect","Leg Sweep","Malaise","Catalyst","Trip","Skewer","Deflect+1"],"relics":["Ring of the Snake","Art of War","Ancient Tea Set","Question Card","Cursed Key"],"potions_floor_usage":[21],"damage_taken":[{"damage":0,"enemies":"Cultist","floor":1,"turns":4},{"damage":0,"enemies":"2 Louse","floor":2,"turns":3},{"damage":0,"enemies":"Small Slimes","floor":3,"turns":3},{"damage":9,"enemies":"Exordium Thugs","floor":4,"turns":7},{"damage":18,"enemies":"Gremlin Nob","floor":7,"turns":4},{"damage":4,"enemies":"Blue Slaver","floor":10,"turns":4},{"damage":0,"enemies":"Large Slime","floor":12,"turns":6},{"damage":6,"enemies":"Lagavulin","floor":14,"turns":6},{"damage":15,"enemies":"Hexaghost","floor":16,"turns":10},{"damage":5,"enemies":"2 Thieves","floor":18,"turns":4},{"damage":0,"enemies":"3 Byrds","floor":20,"turns":2},{"damage":37,"enemies":"Sentry and Sphere","floor":21,"turns":6},{"damage":15,"enemies":"Colosseum Slavers","floor":22,"turns":2}],"seed_played":"-3234789274599526554","potions_obtained":[{"floor":3,"key":"Swift Potion"},{"floor":14,"key":"SmokeBomb"},{"floor":16,"key":"GamblersBrew"},{"floor":20,"key":"Block Potion"}],"is_trial":false,"path_per_floor":["M","M","M","M","$","R","E","?","T","M","R","M","R","E","R","B",null,"M","$","M","M","?"],"character_chosen":"THE_SILENT","items_purchased":["Deadly Poison","Trip"],"campfire_rested":1,"item_purchase_floors":[5,19],"current_hp_per_floor":[59,59,59,50,50,50,32,32,32,28,47,47,47,41,41,26,56,51,51,51,14,0],"gold":108,"neow_bonus":"UPGRADE_CARD","is_prod":false,"is_daily":false,"chose_seed":false,"campfire_upgraded":3,"win_rate":0,"timestamp":1550382935,"path_taken":["M","M","M","M","$","R","E","?","T","M","R","M","R","E","R","BOSS","M","$","?","?","?"],"build_version":"2019-01-23","purchased_purges":1,"victory":false,"max_hp_per_floor":[66,66,66,66,66,66,66,66,66,66,66,66,66,66,66,66,66,66,66,66,66,66],"card_choices":[{"not_picked":["Dagger Throw","Quick Slash"],"picked":"Calculated Gamble","floor":1},{"not_picked":["Accuracy","PiercingWail"],"picked":"Poisoned Stab","floor":2},{"not_picked":["Quick Slash","Blade Dance"],"picked":"Dagger Spray","floor":3},{"not_picked":["Cloak And Dagger","Dagger Throw","Night Terror"],"picked":"SKIP","floor":4},{"not_picked":["Quick Slash","Reflex"],"picked":"Caltrops","floor":7},{"not_picked":["All Out Attack","Quick Slash"],"picked":"Leg Sweep","floor":10},{"not_picked":["Bouncing Flask","Sucker Punch","Infinite Blades"],"picked":"SKIP","floor":12},{"not_picked":["Choke","Terror","Blade Dance"],"picked":"SKIP","floor":14},{"not_picked":["Unload","Glass Knife","Burst"],"picked":"Malaise","floor":16},{"not_picked":["Poisoned Stab","Dagger Throw","Blade Dance"],"picked":"Catalyst","floor":18},{"not_picked":["Endless Agony","Riddle With Holes","PiercingWail"],"picked":"Skewer","floor":20},{"not_picked":["Heel Hook","Outmaneuver","Phantasmal Killer"],"picked":"Deflect+1","floor":21}],"player_experience":954991,"relics_obtained":[{"floor":7,"key":"Art of War"},{"floor":9,"key":"Ancient Tea Set"},{"floor":14,"key":"Question Card"}],"event_choices":[{"damage_healed":0,"gold_gain":0,"player_choice":"1 cards matched","damage_taken":0,"max_hp_gain":0,"max_hp_loss":0,"event_name":"Match and Keep!","floor":8,"gold_loss":0,"cards_obtained":["Deflect"]},{"damage_healed":0,"gold_gain":0,"player_choice":"Fight","damage_taken":0,"max_hp_gain":0,"max_hp_loss":0,"event_name":"Colosseum","floor":22,"gold_loss":0}],"is_beta":false,"boss_relics":[{"not_picked":["Lizard Tail","Fusion Hammer"],"picked":"Cursed Key"}],"items_purged_floors":[5],"is_endless":false,"potions_floor_spawned":[3,14,16,20],"killed_by":"Colosseum Slavers","ascension_level":15}