{"gold_per_floor":[117,128,53,53,66,94,112,12,12,12,24,24,24,24,24,126,126,139,39,58,58,70,98,98,108,131,149,162,162,42,56,56,158,158,178,178,178,191,203,203,237,250,250,45,56,69,81,97,97,97],"floor_reached":50,"playtime":3130,"items_purged":["Strike_G","Defend_G","Defend_G","Strike_G","Defend_G"],"score":576,"play_id":"935c5c38-2481-4be0-b983-2a6c3de01c92","local_time":"20190211043238","is_ascension_mode":true,"campfire_choices":[{"floor":15.0,"key":"REST"},{"floor":24.0,"key":"REST"},{"floor":32.0,"key":"REST"},{"data":"Catalyst","floor":40.0,"key":"SMITH"},{"floor":49,"key":"REST"}],"neow_cost":"NONE","seed_source_timestamp":27317475527727,"circlet_count":0,"master_deck":["Defend_G","Strike_G+1","Strike_G+1","Survivor","Neutralize","Cloak And Dagger","Backflip","Cloak And Dagger","Footwork","After Image+1","Deadly Poison+1","Bane+1","Noxious Fumes+1","Catalyst+1","Bane","Deadly Poison+1","Corpse Explosion","Deadly Poison+1","Outmaneuver+1","Footwork+1","Backflip","Infinite Blades+1","Blur","Accuracy+1"],"special_seed":0,"relics":["Ring of the Serpent","Regal Pillow","Ninja Scroll","Whetstone","The Courier","Pear","Lantern","Sozu","Frozen Egg 2","Pantograph","Paper Crane"],"potions_floor_usage":[45],"damage_taken":[{"damage":0.0,"enemies":"2 Louse","floor":1.0,"turns":2.0},{"damage":0.0,"enemies":"Jaw Worm","floor":2.0,"turns":4.0},{"damage":0.0,"enemies":"Small Slimes","floor":5.0,"turns":2.0},{"damage":44.0,"enemies":"Lagavulin","floor":6.0,"turns":12.0},{"damage":0.0,"enemies":"Blue Slaver","floor":7.0,"turns":3.0},{"damage":0.0,"enemies":"Red Slaver","floor":11.0,"turns":3.0},{"damage":23.0,"enemies":"Hexaghost","floor":16.0,"turns":12.0},{"damage":0.0,"enemies":"Spheric Guardian","floor":18.0,"turns":10.0},{"damage":1.0,"enemies":"Shell Parasite","floor":20.0,"turns":7.0},{"damage":7.0,"enemies":"Snecko","floor":22.0,"turns":7.0},{"damage":53.0,"enemies":"Slavers","floor":23.0,"turns":12.0},{"damage":3.0,"enemies":"Cultist and Chosen","floor":25.0,"turns":6.0},{"damage":6.0,"enemies":"Sentry and Sphere","floor":27.0,"turns":6.0},{"damage":7.0,"enemies":"Centurion and Healer","floor":28.0,"turns":6.0},{"damage":4.0,"enemies":"Shelled Parasite and Fungi","floor":31.0,"turns":5.0},{"damage":64.0,"enemies":"Collector","floor":33.0,"turns":8.0},{"damage":0.0,"enemies":"3 Darklings","floor":35.0,"turns":2.0},{"damage":0.0,"enemies":"3 Shapes","floor":38.0,"turns":2.0},{"damage":9.0,"enemies":"Jaw Worm Horde","floor":39.0,"turns":2.0},{"damage":26.0,"enemies":"Reptomancer","floor":41.0,"turns":5.0},{"damage":5.0,"enemies":"Spire Growth","floor":42.0,"turns":5.0},{"damage":4,"enemies":"4 Shapes","floor":45,"turns":4},{"damage":6,"enemies":"Jaw Worm Horde","floor":46,"turns":3},{"damage":0,"enemies":"Transient","floor":47,"turns":5},{"damage":0,"enemies":"4 Shapes","floor":48,"turns":3},{"damage":75,"enemies":"Time Eater","floor":50,"turns":9}],"seed_played":"15033866187970662","potions_obtained":[{"floor":1.0,"key":"Fire Potion"},{"floor":6.0,"key":"Ancient Potion"},{"floor":11.0,"key":"Strength Potion"},{"floor":20.0,"key":"GamblersBrew"},{"floor":22.0,"key":"Dexterity Potion"},{"floor":23.0,"key":"Poison Potion"},{"floor":31.0,"key":"SkillPotion"}],"is_trial":false,"path_per_floor":["M","M","$","?","M","E","M","$","T","$","M","?","?","?","R","B",null,"M","$","M","?","M","E","R","M","T","M","M","?","$","M","R","B",null,"M","?","?","M","M","R","E","M","T","$","M","M","M","M","R","B"],"character_chosen":"THE_SILENT","items_purchased":["Infinite Blades+1"],"campfire_rested":4,"item_purchase_floors":[44],"current_hp_per_floor":[70,70,70,63,63,19,19,19,19,19,19,36,29,29,64,41,67,67,67,66,66,59,16,54,51,51,45,38,38,38,34,72,8,77,77,73,73,73,64,64,38,33,33,33,29,23,23,23,59,0],"gold":97,"neow_bonus":"RANDOM_COMMON_RELIC","is_prod":false,"is_daily":false,"chose_seed":false,"campfire_upgraded":1,"win_rate":0,"timestamp":1549848758,"path_taken":["M","M","$","?","M","E","M","$","T","?","M","?","?","?","R","BOSS","M","?","M","?","?","E","R","M","T","?","M","?","$","?","R","BOSS","M","?","?","?","M","R","E","?","T","$","M","M","M","M","R","BOSS"],"build_version":"2019-01-23","purchased_purges":5,"victory":false,"max_hp_per_floor":[70,70,70,70,70,70,70,70,70,70,70,70,67,67,67,67,67,67,67,67,67,67,77,77,77,77,77,77,77,77,77,77,77,77,77,73,73,73,73,73,73,73,73,73,73,73,73,73,73,73],"card_choices":[{"not_picked":["Calculated Gamble","PiercingWail"],"picked":"Cloak And Dagger","floor":1.0},{"not_picked":["Deadly Poison","Outmaneuver"],"picked":"Bane","floor":2.0},{"not_picked":["Dagger Spray","Concentrate"],"picked":"Backflip","floor":5.0},{"not_picked":["Sucker Punch","Blade Dance"],"picked":"Cloak And Dagger","floor":6.0},{"not_picked":["Prepared","Phantasmal Killer","Blade Dance"],"picked":"SKIP","floor":7.0},{"not_picked":["Crippling Poison","Deadly Poison"],"picked":"Footwork","floor":11.0},{"not_picked":["Venomology","Unload"],"picked":"After Image","floor":16.0},{"not_picked":["Bouncing Flask","Acrobatics","Flechettes+1"],"picked":"SKIP","floor":18.0},{"not_picked":["Blade Dance","Underhanded Strike"],"picked":"Deadly Poison+1","floor":20.0},{"not_picked":["Sucker Punch+1","Acrobatics"],"picked":"Bane+1","floor":22.0},{"not_picked":["Terror","Sucker Punch"],"picked":"Noxious Fumes+1","floor":23.0},{"not_picked":["Deflect+1","Dodge and Roll+1"],"picked":"Catalyst","floor":25.0},{"not_picked":["Outmaneuver","Night Terror","Eviscerate+1"],"picked":"SKIP","floor":27.0},{"not_picked":["Flying Knee+1","PiercingWail+1"],"picked":"Bane","floor":28.0},{"not_picked":["Expertise","Underhanded Strike"],"picked":"Deadly Poison+1","floor":31.0},{"not_picked":["Unload","Wraith Form v2"],"picked":"Corpse Explosion","floor":33.0},{"not_picked":["Slice+1","Underhanded Strike+1"],"picked":"Deadly Poison+1","floor":35.0},{"not_picked":["Setup+1","Dodge and Roll"],"picked":"Outmaneuver+1","floor":38.0},{"not_picked":["Bane+1","Poisoned Stab"],"picked":"Footwork+1","floor":39.0},{"not_picked":["Finisher","Slice+1"],"picked":"Backflip","floor":41.0},{"not_picked":["Blade Dance+1","Poisoned Stab","Terror+1"],"picked":"SKIP","floor":42.0},{"not_picked":["Deflect","Infinite Blades+1"],"picked":"Blur","floor":45},{"not_picked":["Corpse Explosion","Quick Slash+1","Underhanded Strike"],"picked":"SKIP","floor":46},{"not_picked":["Eviscerate","PiercingWail+1","Terror+1"],"picked":"SKIP","floor":47},{"not_picked":["Underhanded Strike","Acrobatics+1"],"picked":"Accuracy+1","floor":48}],"player_experience":282590,"relics_obtained":[{"floor":6.0,"key":"Whetstone"},{"floor":9.0,"key":"The Courier"},{"floor":23.0,"key":"Pear"},{"floor":26.0,"key":"Lantern"},{"floor":41.0,"key":"Pantograph"},{"floor":43.0,"key":"Paper Crane"}],"event_choices":[{"damage_healed":0.0,"max_hp_gain":0.0,"max_hp_loss":0.0,"gold_gain":0.0,"event_name":"Scrap Ooze","player_choice":"Success","floor":4.0,"gold_loss":0.0,"damage_taken":7.0,"relics_obtained":["Ninja Scroll"]},{"damage_healed":17.0,"max_hp_gain":0.0,"max_hp_loss":0.0,"gold_gain":0.0,"event_name":"Mushrooms","player_choice":"Healed and dodged fight","floor":12.0,"gold_loss":0.0,"damage_taken":0.0,"cards_obtained":["Parasite"]},{"cards_removed":["Parasite"],"damage_healed":0.0,"max_hp_gain":0.0,"max_hp_loss":0.0,"gold_gain":0.0,"event_name":"Golden Wing","player_choice":"Card Removal","floor":13.0,"gold_loss":0.0,"damage_taken":7.0},{"cards_removed":["Defend_G"],"damage_healed":0.0,"max_hp_gain":0.0,"max_hp_loss":0.0,"gold_gain":0.0,"event_name":"Purifier","player_choice":"Purged","floor":14.0,"gold_loss":0.0,"damage_taken":0.0},{"damage_healed":0.0,"max_hp_gain":0.0,"max_hp_loss":0.0,"gold_gain":0.0,"event_name":"Upgrade Shrine","player_choice":"Upgraded","floor":21.0,"gold_loss":0.0,"damage_taken":0.0,"cards_upgraded":["After Image"]},{"cards_removed":["Strike_G"],"damage_healed":0.0,"max_hp_gain":0.0,"max_hp_loss":0.0,"gold_gain":0.0,"event_name":"Purifier","player_choice":"Purged","floor":29.0,"gold_loss":0.0,"damage_taken":0.0},{"damage_healed":0.0,"max_hp_gain":0.0,"max_hp_loss":4.0,"gold_gain":0.0,"event_name":"Winding Halls","player_choice":"Max HP","floor":36.0,"gold_loss":0.0,"damage_taken":0.0},{"cards_removed":["Bane"],"damage_healed":0.0,"max_hp_gain":0.0,"max_hp_loss":0.0,"gold_gain":0.0,"event_name":"WeMeetAgain","player_choice":"Gave Card","floor":37.0,"gold_loss":0.0,"damage_taken":0.0,"relics_obtained":["Frozen Egg 2"]}],"is_beta":false,"boss_relics":[{"not_picked":["Astrolabe","Busted Crown"],"picked":"Ring of the Serpent"},{"not_picked":["Snecko Eye","Velvet Choker"],"picked":"Sozu"}],"items_purged_floors":[3,8,19,30,44],"is_endless":false,"potions_floor_spawned":[1,6,11,20,22,23,28,31,35,39,45],"killed_by":"Time Eater","ascension_level":1}