{"gold_per_floor":[144,189,114,114,189,279,369,369,369,369,459,519,519,169,169,469,469,514,514,514,84,129,249,249,339,339,339,339,384,384,384,384,684,684,729,330,357,357,357,357,18,63,63,63,63],"floor_reached":45,"playtime":2140,"items_purged":["Grand Finale","Phantasmal Killer","Normality"],"score":484,"play_id":"6a688025-00e1-4d15-9eae-337620e818e5","local_time":"20190212193935","daily_mods":["Shiny","Flight","Midas"],"is_ascension_mode":false,"campfire_choices":[{"floor":8.0,"key":"REST"},{"data":"1","floor":10.0,"key":"LIFT"},{"floor":13.0,"key":"REST"},{"floor":15.0,"key":"REST"},{"data":"2","floor":24.0,"key":"LIFT"},{"floor":27.0,"key":"REST"},{"floor":28.0,"key":"REST"},{"data":"3","floor":30.0,"key":"LIFT"},{"floor":32.0,"key":"REST"},{"floor":40,"key":"REST"},{"floor":44,"key":"DIG"}],"neow_cost":"","seed_source_timestamp":74505695397286,"circlet_count":0,"master_deck":["Venomology","Corpse Explosion","Malaise","Die Die Die","Adrenaline","Envenom","Doppelganger","Burst","Wraith Form v2","Tools of the Trade","Night Terror","Unload","After Image","Bullet Time","Storm of Steel","Glass Knife","A Thousand Cuts","Backflip","Slice","Noxious Fumes","After Image","RitualDagger","Noxious Fumes","Blade Dance","Cloak And Dagger+1","Backflip+1","A Thousand Cuts+1","Normality","Doubt","Underhanded Strike","Panache+1","Blade Dance+1"],"special_seed":17939,"relics":["Ring of the Snake","The Specimen","Girya","Singing Bowl","Bottled Tornado","Odd Mushroom","Shuriken","Black Star","Orichalcum","MealTicket","Question Card","Tiny Chest","Frozen Egg 2","Pen Nib","PreservedInsect","Calling Bell","Omamori","Ornamental Fan","Thread and Needle","Letter Opener","Calipers","Anchor","Shovel","Happy Flower"],"potions_floor_usage":[37,37],"damage_taken":[{"damage":0.0,"enemies":"Cultist","floor":1.0,"turns":2.0},{"damage":6.0,"enemies":"Small Slimes","floor":2.0,"turns":4.0},{"damage":9.0,"enemies":"3 Sentries","floor":6.0,"turns":2.0},{"damage":28.0,"enemies":"Gremlin Nob","floor":7.0,"turns":4.0},{"damage":3.0,"enemies":"3 Sentries","floor":11.0,"turns":4.0},{"damage":16.0,"enemies":"The Mushroom Lair","floor":12.0,"turns":4.0},{"damage":1.0,"enemies":"Slime Boss","floor":16.0,"turns":7.0},{"damage":6.0,"enemies":"Chosen","floor":18.0,"turns":6.0},{"damage":6.0,"enemies":"3 Byrds","floor":22.0,"turns":2.0},{"damage":35.0,"enemies":"Gremlin Leader","floor":23.0,"turns":5.0},{"damage":11.0,"enemies":"Slavers","floor":25.0,"turns":5.0},{"damage":18.0,"enemies":"Snake Plant","floor":29.0,"turns":5.0},{"damage":37.0,"enemies":"Automaton","floor":33.0,"turns":6.0},{"damage":5,"enemies":"Orb Walker","floor":35,"turns":3},{"damage":6,"enemies":"2 Orb Walkers","floor":37,"turns":4},{"damage":0,"enemies":"3 Shapes","floor":42,"turns":3},{"damage":82,"enemies":"Reptomancer","floor":45,"turns":5}],"seed_played":"1988086906776939641","potions_obtained":[{"floor":1.0,"key":"EssenceOfSteel"},{"floor":7.0,"key":"Strength Potion"},{"floor":18.0,"key":"Energy Potion"},{"floor":20.0,"key":"AttackPotion"},{"floor":20.0,"key":"LiquidBronze"},{"floor":20.0,"key":"PowerPotion"},{"floor":25.0,"key":"FearPotion"},{"floor":42,"key":"AttackPotion"}],"is_trial":false,"path_per_floor":["M","M","$","?","?","E","E","R","T","R","E","?","R","$","R","B",null,"M","?","?","$","M","E","R","E","T","R","R","M","R","?","R","B",null,"M","$","?","?","?","R","$","M","T","R","E"],"character_chosen":"THE_SILENT","items_purchased":["Shuriken","Noxious Fumes","Orichalcum","MealTicket","Letter Opener","Underhanded Strike","Anchor","Panache+1"],"campfire_rested":7,"item_purchase_floors":[14,21,21,21,36,36,41,41],"current_hp_per_floor":[70,64,64,64,53,44,16,37,37,37,34,20,41,41,62,61,72,68,62,62,62,56,21,21,10,10,32,54,38,38,38,60,23,76,73,78,74,74,74,80,80,80,80,80,0],"gold":63,"neow_bonus":"","is_prod":false,"is_daily":true,"chose_seed":false,"campfire_upgraded":0,"win_rate":0,"timestamp":1549989575,"path_taken":["M","M","$","?","?","E","E","R","T","R","E","?","R","$","R","BOSS","M","?","?","$","M","E","R","E","T","R","R","?","R","?","R","BOSS","M","$","?","?","?","R","$","?","T","R","E"],"build_version":"2019-01-23","purchased_purges":3,"victory":false,"max_hp_per_floor":[70,70,70,70,70,70,70,70,70,70,70,72,72,72,72,72,72,74,74,74,74,74,74,74,74,74,74,74,76,76,76,76,76,76,78,78,80,80,80,80,80,80,80,80,80],"card_choices":[{"not_picked":["Finisher","Footwork"],"picked":"Backflip","floor":1.0},{"not_picked":["Prepared","Well Laid Plans","Bane"],"picked":"SKIP","floor":2.0},{"not_picked":["Dash","Predator","Escape Plan"],"picked":"SKIP","floor":6.0},{"not_picked":["Expertise","Dagger Spray"],"picked":"Slice","floor":7.0},{"not_picked":["Cloak And Dagger","Slice"],"picked":"Noxious Fumes","floor":11.0},{"not_picked":["Choke","Bouncing Flask","Dodge and Roll"],"picked":"Singing Bowl","floor":12.0},{"not_picked":["Storm of Steel","Venomology"],"picked":"After Image","floor":16.0},{"not_picked":["Poisoned Stab","Expertise","Crippling Poison"],"picked":"Singing Bowl","floor":18.0},{"not_picked":["Bouncing Flask","Flying Knee"],"picked":"Blade Dance","floor":22.0},{"not_picked":["Eviscerate","Prepared+1"],"picked":"Cloak And Dagger+1","floor":23.0},{"not_picked":["Sucker Punch","Slice+1","Calculated Gamble"],"picked":"Backflip+1","floor":25.0},{"not_picked":["Prepared","Poisoned Stab","Glass Knife","Blade Dance"],"picked":"Singing Bowl","floor":29.0},{"not_picked":["Tools of the Trade+1","Storm of Steel","Wraith Form v2+1"],"picked":"A Thousand Cuts+1","floor":33.0},{"not_picked":["Quick Slash","Slice","Dagger Spray+1","Blur"],"picked":"Singing Bowl","floor":35},{"not_picked":["Blur","Acrobatics","PiercingWail","Poisoned Stab+1"],"picked":"Singing Bowl","floor":37},{"not_picked":["Eviscerate+1","Flying Knee","Prepared"],"picked":"Blade Dance+1","floor":42}],"player_experience":359967,"relics_obtained":[{"floor":6.0,"key":"The Specimen"},{"floor":7.0,"key":"Girya"},{"floor":9.0,"key":"Singing Bowl"},{"floor":11.0,"key":"Bottled Tornado"},{"floor":12.0,"key":"Odd Mushroom"},{"floor":23.0,"key":"Question Card"},{"floor":23.0,"key":"Tiny Chest"},{"floor":25.0,"key":"Frozen Egg 2"},{"floor":25.0,"key":"Pen Nib"},{"floor":26.0,"key":"PreservedInsect"},{"floor":34.0,"key":"Omamori"},{"floor":34.0,"key":"Ornamental Fan"},{"floor":34.0,"key":"Thread and Needle"},{"floor":37,"key":"Calipers"},{"floor":43,"key":"Shovel"},{"floor":44,"key":"Happy Flower"}],"event_choices":[{"damage_healed":0.0,"max_hp_gain":0.0,"max_hp_loss":0.0,"gold_gain":0.0,"event_name":"Shining Light","player_choice":"Ignored","floor":4.0,"gold_loss":0.0,"damage_taken":0.0},{"damage_healed":0.0,"max_hp_gain":0.0,"max_hp_loss":0.0,"gold_gain":75.0,"event_name":"World of Goop","player_choice":"Gather Gold","floor":5.0,"gold_loss":0.0,"damage_taken":11.0},{"damage_healed":0.0,"max_hp_gain":0.0,"max_hp_loss":0.0,"gold_gain":0.0,"event_name":"Mushrooms","player_choice":"Fought Mushrooms","floor":12.0,"gold_loss":0.0,"damage_taken":0.0},{"damage_healed":0.0,"max_hp_gain":0.0,"max_hp_loss":0.0,"gold_gain":0.0,"event_name":"Nest","player_choice":"Joined the Cult","floor":19.0,"gold_loss":0.0,"damage_taken":6.0,"cards_obtained":["RitualDagger"]},{"damage_healed":0.0,"max_hp_gain":0.0,"max_hp_loss":0.0,"gold_gain":0.0,"event_name":"Lab","player_choice":"Got Potions","floor":20.0,"gold_loss":0.0,"damage_taken":0.0},{"damage_healed":0.0,"max_hp_gain":0.0,"max_hp_loss":0.0,"gold_gain":0.0,"event_name":"Vampires","player_choice":"Ignored","floor":31.0,"gold_loss":0.0,"damage_taken":0.0},{"damage_healed":0,"gold_gain":0,"player_choice":"Fight","damage_taken":0,"max_hp_gain":0,"max_hp_loss":0,"event_name":"Mysterious Sphere","floor":37,"gold_loss":0},{"damage_healed":0,"gold_gain":0,"player_choice":"Ignored","damage_taken":0,"max_hp_gain":0,"max_hp_loss":0,"event_name":"Tomb of Lord Red Mask","floor":38,"gold_loss":0},{"damage_healed":0,"gold_gain":0,"player_choice":"Ignored","damage_taken":0,"max_hp_gain":0,"max_hp_loss":0,"event_name":"SecretPortal","floor":39,"gold_loss":0}],"is_beta":false,"boss_relics":[{"not_picked":["Ectoplasm","Empty Cage"],"picked":"Black Star"},{"not_picked":["Runic Dome","White Beast Statue"],"picked":"Calling Bell"}],"items_purged_floors":[3,14,36],"is_endless":false,"potions_floor_spawned":[1,7,18,25,42],"killed_by":"Reptomancer","ascension_level":0}