{"gold_per_floor":[118,137,137,62,78,78,54,54,54,87,103,116,116,144,144,221,221,241,166,166,166,46,46,72,72,126,142,142,168,186,219,219,297,297,307,307,307,318,88,121,121,138,138,148,148,175,188,200,200,200,200,200,4,30,30],"floor_reached":56,"playtime":1518,"items_purged":["Strike_R"],"score":2225,"play_id":"dd9764df-b989-4a28-839e-7baadd5fae6f","local_time":"20190209025426","is_ascension_mode":true,"campfire_choices":[{"data":"Rage","floor":6.0,"key":"SMITH"},{"data":"Clothesline","floor":8.0,"key":"SMITH"},{"data":"Flame Barrier","floor":13.0,"key":"SMITH"},{"data":"Shrug It Off","floor":15.0,"key":"SMITH"},{"data":"Shrug It Off","floor":23.0,"key":"SMITH"},{"data":"Defend_R","floor":25.0,"key":"SMITH"},{"data":"Defend_R","floor":32.0,"key":"SMITH"},{"data":"1","floor":41.0,"key":"LIFT"},{"data":"2","floor":45.0,"key":"LIFT"},{"floor":49.0,"key":"RECALL"},{"data":"3","floor":52.0,"key":"LIFT"}],"neow_cost":"NONE","seed_source_timestamp":27342994963360,"circlet_count":0,"master_deck":["AscendersBane","Strike_R","Strike_R","Defend_R","Defend_R+1","Defend_R+1","Bash","Clothesline+1","Rage+1","Body Slam+1","Cleave+1","Flame Barrier+1","Impervious","Shrug It Off+1","Immolate+1","Necronomicurse","Whirlwind+1","Shrug It Off+1","Uppercut+1","Iron Wave+1","Offering","Shrug It Off"],"special_seed":0,"relics":["Burning Blood","NeowsBlessing","Molten Egg 2","Singing Bowl","Ice Cream","Shuriken","Philosopher\u0027s Stone","Necronomicon","Pear","Sundial","Bag of Preparation","Ancient Tea Set","Lantern","Velvet Choker","ClockworkSouvenir","Girya","FossilizedHelix","Medical Kit","Question Card"],"potions_floor_usage":[55,55],"damage_taken":[{"damage":0.0,"enemies":"Small Slimes","floor":1.0,"turns":1.0},{"damage":0.0,"enemies":"Cultist","floor":2.0,"turns":1.0},{"damage":0.0,"enemies":"2 Louse","floor":5.0,"turns":1.0},{"damage":15.0,"enemies":"Gremlin Nob","floor":10.0,"turns":4.0},{"damage":0.0,"enemies":"Blue Slaver","floor":11.0,"turns":5.0},{"damage":1.0,"enemies":"Looter","floor":12.0,"turns":3.0},{"damage":12.0,"enemies":"3 Sentries","floor":14.0,"turns":7.0},{"damage":29.0,"enemies":"The Guardian","floor":16.0,"turns":12.0},{"damage":10.0,"enemies":"3 Byrds","floor":18.0,"turns":1.0},{"damage":8.0,"enemies":"Slavers","floor":24.0,"turns":3.0},{"damage":0.0,"enemies":"2 Thieves","floor":27.0,"turns":3.0},{"damage":5.0,"enemies":"Book of Stabbing","floor":29.0,"turns":4.0},{"damage":11.0,"enemies":"Centurion and Healer","floor":30.0,"turns":5.0},{"damage":0.0,"enemies":"Slavers","floor":31.0,"turns":1.0},{"damage":0.0,"enemies":"Collector","floor":33.0,"turns":4.0},{"damage":0.0,"enemies":"Orb Walker","floor":35.0,"turns":3.0},{"damage":13.0,"enemies":"3 Darklings","floor":38.0,"turns":3.0},{"damage":6.0,"enemies":"Nemesis","floor":40.0,"turns":7.0},{"damage":0.0,"enemies":"4 Shapes","floor":42.0,"turns":1.0},{"damage":23.0,"enemies":"Maw","floor":44.0,"turns":5.0},{"damage":28.0,"enemies":"Reptomancer","floor":46.0,"turns":3.0},{"damage":0.0,"enemies":"Sphere and 2 Shapes","floor":47.0,"turns":2.0},{"damage":0.0,"enemies":"3 Darklings","floor":48.0,"turns":1.0},{"damage":11.0,"enemies":"Donu and Deca","floor":50.0,"turns":4.0},{"damage":0,"enemies":"Shield and Spear","floor":54,"turns":2},{"damage":81,"enemies":"The Heart","floor":55,"turns":9}],"seed_played":"6670690848818988506","potions_obtained":[{"floor":1.0,"key":"Strength Potion"},{"floor":2.0,"key":"EssenceOfSteel"},{"floor":14.0,"key":"Poison Potion"},{"floor":18.0,"key":"Dexterity Potion"},{"floor":29.0,"key":"Explosive Potion"},{"floor":30.0,"key":"Energy Potion"},{"floor":46.0,"key":"Poison Potion"},{"floor":48.0,"key":"Dexterity Potion"}],"is_trial":false,"path_per_floor":["M","M","?","$","M","R","$","R","T","E","M","M","R","E","R","B",null,"M","?","?","T","$","R","E","R","T","M","?","E","M","E","R","B",null,"M","?","?","M","$","E","R","M","T","M","R","E","M","M","R","B",null,"R","$","E","B",null],"character_chosen":"IRONCLAD","items_purchased":["Cleave+1","Whirlwind+1","Shrug It Off","Shrug It Off","ClockworkSouvenir","Medical Kit"],"campfire_rested":0,"item_purchase_floors":[7,22,22,39,39,53],"current_hp_per_floor":[74,75,75,75,75,75,75,75,75,66,72,75,75,71,71,48,70,68,68,52,62,62,62,60,60,60,68,68,71,66,74,74,80,91,97,97,97,92,92,94,94,102,102,87,87,67,75,83,83,78,103,103,103,111,36],"gold":30,"neow_bonus":"THREE_ENEMY_KILL","is_prod":false,"is_daily":false,"chose_seed":false,"campfire_upgraded":7,"win_rate":0,"timestamp":1549691666,"path_taken":["M","M","?","$","M","R","?","R","T","E","M","M","R","E","R","BOSS","M","?","?","?","$","R","E","R","T","M","?","E","?","E","R","BOSS","M","?","?","M","$","E","R","M","T","M","R","E","M","M","R","BOSS","R","$","E","BOSS"],"build_version":"2018-11-15","purchased_purges":1,"victory":true,"max_hp_per_floor":[75,75,75,75,75,75,75,75,75,75,75,75,75,77,77,77,77,79,79,79,89,89,89,89,89,89,91,91,93,93,95,95,95,95,97,97,97,99,99,101,101,103,103,105,105,107,109,111,111,111,111,111,111,113,113],"card_choices":[{"not_picked":["Fire Breathing","Twin Strike"],"picked":"Clothesline","floor":1.0},{"not_picked":["Heavy Blade","Warcry"],"picked":"Rage","floor":2.0},{"not_picked":["Headbutt+1","True Grit"],"picked":"Body Slam+1","floor":5.0},{"not_picked":["Dual Wield","Intimidate"],"picked":"Flame Barrier","floor":10.0},{"not_picked":["Pummel+1","Wild Strike+1"],"picked":"Impervious","floor":11.0},{"not_picked":["Havoc","Armaments"],"picked":"Shrug It Off","floor":12.0},{"not_picked":["Cleave+1","Thunderclap+1","Entrench"],"picked":"Singing Bowl","floor":14.0},{"not_picked":["Dark Embrace","Impervious"],"picked":"Immolate+1","floor":16.0},{"not_picked":["Wild Strike+1","Headbutt+1","Pommel Strike+1"],"picked":"Singing Bowl","floor":18.0},{"not_picked":["Sever Soul+1","Burning Pact"],"picked":"Uppercut+1","floor":24.0},{"not_picked":["Power Through","Warcry","Burning Pact"],"picked":"Singing Bowl","floor":27.0},{"not_picked":["Rupture","Clash+1","Heavy Blade+1"],"picked":"Singing Bowl","floor":29.0},{"not_picked":["Havoc","Twin Strike+1"],"picked":"Iron Wave+1","floor":30.0},{"not_picked":["Havoc","Searing Blow+1","Rupture+1"],"picked":"Singing Bowl","floor":31.0},{"not_picked":["Double Tap","Reaper+1"],"picked":"Offering","floor":33.0},{"not_picked":["Twin Strike+1","Hemokinesis+1","Metallicize"],"picked":"Singing Bowl","floor":35.0},{"not_picked":["Heavy Blade+1","Havoc","Twin Strike+1"],"picked":"Singing Bowl","floor":38.0},{"not_picked":["Perfected Strike+1","Iron Wave+1","Armaments+1"],"picked":"Singing Bowl","floor":40.0},{"not_picked":["Ghostly Armor","Uppercut+1","Havoc"],"picked":"Singing Bowl","floor":42.0},{"not_picked":["Burning Pact","Rage","Thunderclap+1"],"picked":"Singing Bowl","floor":44.0},{"not_picked":["Infernal Blade+1","Fire Breathing","Headbutt+1"],"picked":"Singing Bowl","floor":46.0},{"not_picked":["Body Slam+1","Shrug It Off","Bludgeon+1"],"picked":"Singing Bowl","floor":47.0},{"not_picked":["Wild Strike+1","Entrench","Thunderclap+1"],"picked":"Singing Bowl","floor":48.0},{"not_picked":["Twin Strike+1","Anger+1","Ghostly Armor"],"picked":"Singing Bowl","floor":54}],"player_experience":121369,"relics_obtained":[{"floor":9.0,"key":"Singing Bowl"},{"floor":10.0,"key":"Ice Cream"},{"floor":14.0,"key":"Shuriken"},{"floor":20.0,"key":"Necronomicon"},{"floor":21.0,"key":"Pear"},{"floor":24.0,"key":"Sundial"},{"floor":26.0,"key":"Bag of Preparation"},{"floor":29.0,"key":"Ancient Tea Set"},{"floor":31.0,"key":"Lantern"},{"floor":40.0,"key":"Girya"},{"floor":46.0,"key":"FossilizedHelix"},{"floor":54,"key":"Question Card"}],"event_choices":[{"damage_healed":0.0,"max_hp_gain":0.0,"max_hp_loss":0.0,"gold_gain":0.0,"event_name":"WeMeetAgain","player_choice":"Gave Potion","floor":3.0,"gold_loss":0.0,"damage_taken":0.0,"relics_obtained":["Molten Egg 2"]},{"cards_removed":["Strike_R"],"damage_healed":0.0,"max_hp_gain":0.0,"max_hp_loss":0.0,"gold_gain":0.0,"event_name":"Beggar","player_choice":"Gave Gold","floor":19.0,"gold_loss":75.0,"damage_taken":0.0},{"damage_healed":0.0,"max_hp_gain":0.0,"max_hp_loss":0.0,"gold_gain":0.0,"event_name":"Cursed Tome","player_choice":"Obtained Book","floor":20.0,"gold_loss":0.0,"damage_taken":16.0},{"cards_removed":["Strike_R"],"damage_healed":0.0,"max_hp_gain":0.0,"max_hp_loss":0.0,"gold_gain":0.0,"event_name":"Bonfire Elementals","player_choice":"Offered Basic","floor":28.0,"gold_loss":0.0,"damage_taken":0.0},{"cards_removed":["Defend_R"],"damage_healed":0.0,"max_hp_gain":0.0,"max_hp_loss":0.0,"gold_gain":0.0,"event_name":"Falling","player_choice":"Removed Skill","floor":36.0,"gold_loss":0.0,"damage_taken":0.0},{"damage_healed":0.0,"max_hp_gain":0.0,"max_hp_loss":0.0,"gold_gain":0.0,"event_name":"SecretPortal","player_choice":"Ignored","floor":37.0,"gold_loss":0.0,"damage_taken":0.0}],"is_beta":false,"boss_relics":[{"not_picked":["Tiny House","Astrolabe"],"picked":"Philosopher\u0027s Stone"},{"not_picked":["Runic Cube","Busted Crown"],"picked":"Velvet Choker"}],"items_purged_floors":[4],"is_endless":false,"potions_floor_spawned":[1,2,14,18,29,30,35,42,46,48],"ascension_level":14}