{"gold_per_floor":[110,60,60,75,0,35,52,52,103,103,118,68,103,113,113,213,213,229,229,329,106,124,153,68,68,94,94,94,108,108,108,108,108],"floor_reached":33,"playtime":3598,"items_purged":["Strike_G","Strike_G","Strike_G","Defend_G"],"score":379,"play_id":"28a5c139-8cab-4eb9-b364-e79963b29a93","local_time":"20190215212529","is_ascension_mode":true,"campfire_choices":[{"floor":8,"key":"REST"},{"data":"Well Laid Plans","floor":10,"key":"SMITH"},{"floor":15,"key":"REST"},{"data":"Calculated Gamble","floor":25,"key":"SMITH"},{"data":"Grand Finale","floor":27,"key":"SMITH"},{"floor":32,"key":"REST"}],"neow_cost":"PERCENT_DAMAGE","seed_source_timestamp":83592640977666,"circlet_count":0,"master_deck":["Defend_G","Defend_G","Defend_G","Defend_G","Survivor","Neutralize","Grand Finale+1","Terror","Well Laid Plans+1","After Image","Infinite Blades","A Thousand Cuts","Adrenaline","Calculated Gamble+1","Thinking Ahead","Caltrops"],"relics":["Ring of the Snake","Anchor","Smiling Mask","Paper Crane","Busted Crown","Nunchaku","Juzu Bracelet"],"potions_floor_usage":[16,22,23],"damage_taken":[{"damage":12,"enemies":"Jaw Worm","floor":1,"turns":6},{"damage":0,"enemies":"2 Louse","floor":4,"turns":2},{"damage":7,"enemies":"Lagavulin","floor":6,"turns":6},{"damage":0,"enemies":"Cultist","floor":7,"turns":5},{"damage":1,"enemies":"Looter","floor":11,"turns":3},{"damage":7,"enemies":"3 Sentries","floor":13,"turns":5},{"damage":6,"enemies":"Red Slaver","floor":14,"turns":4},{"damage":11,"enemies":"The Guardian","floor":16,"turns":17},{"damage":14,"enemies":"Spheric Guardian","floor":18,"turns":6},{"damage":2,"enemies":"Chosen","floor":22,"turns":10},{"damage":1,"enemies":"Slavers","floor":23,"turns":3},{"damage":9,"enemies":"Snecko","floor":29,"turns":9},{"damage":85,"enemies":"Champ","floor":33,"turns":12}],"seed_played":"9010112853657727396","potions_obtained":[{"floor":1,"key":"Block Potion"},{"floor":6,"key":"Fire Potion"},{"floor":7,"key":"Ancient Potion"}],"is_trial":false,"path_per_floor":["M","?","?","M","$","E","M","R","T","R","M","$","E","M","R","B",null,"M","?","?","$","M","E","$","R","T","R","?","M","?","?","R","B"],"character_chosen":"THE_SILENT","items_purchased":["Thinking Ahead","Caltrops"],"campfire_rested":3,"item_purchase_floors":[21,24],"current_hp_per_floor":[33,33,33,33,33,26,26,47,47,47,46,46,39,33,54,43,63,49,70,70,70,68,67,67,67,67,67,67,58,58,45,67,0],"gold":108,"neow_bonus":"THREE_RARE_CARDS","is_prod":false,"is_daily":false,"chose_seed":false,"campfire_upgraded":3,"win_rate":0,"timestamp":1550287529,"path_taken":["M","?","?","M","$","E","M","R","T","R","?","$","E","M","R","BOSS","M","?","?","$","?","E","$","R","T","R","?","M","?","?","R","BOSS"],"build_version":"2019-01-23","purchased_purges":4,"victory":false,"max_hp_per_floor":[70,70,70,70,70,70,70,70,70,70,70,70,70,70,70,70,70,70,70,70,70,70,70,70,70,70,70,70,70,70,75,75,75],"card_choices":[{"not_picked":["Wraith Form v2","Malaise"],"picked":"Grand Finale","floor":0},{"not_picked":["Bane","Cloak And Dagger"],"picked":"Terror","floor":1},{"not_picked":["Sucker Punch","Flechettes"],"picked":"Well Laid Plans","floor":4},{"not_picked":["Predator","Underhanded Strike"],"picked":"After Image","floor":6},{"not_picked":["Backstab","Dagger Throw"],"picked":"Infinite Blades","floor":7},{"not_picked":["PiercingWail","All Out Attack","Cloak And Dagger"],"picked":"SKIP","floor":11},{"not_picked":["Poisoned Stab","Acrobatics"],"picked":"A Thousand Cuts","floor":13},{"not_picked":["Sucker Punch","Deflect","Masterful Stab"],"picked":"SKIP","floor":14},{"not_picked":["Sucker Punch","Deflect","Masterful Stab"],"picked":"SKIP","floor":14},{"not_picked":["Malaise","Unload"],"picked":"Adrenaline","floor":16},{"not_picked":[],"picked":"Calculated Gamble","floor":18},{"not_picked":["Predator"],"picked":"SKIP","floor":22},{"not_picked":["Deflect+1"],"picked":"SKIP","floor":23},{"not_picked":["Escape Plan"],"picked":"SKIP","floor":29}],"player_experience":486077,"relics_obtained":[{"floor":6,"key":"Anchor"},{"floor":9,"key":"Smiling Mask"},{"floor":13,"key":"Paper Crane"},{"floor":23,"key":"Nunchaku"},{"floor":26,"key":"Juzu Bracelet"}],"event_choices":[{"cards_removed":["Strike_G"],"damage_healed":0,"gold_gain":0,"player_choice":"Card Removal","damage_taken":0,"max_hp_gain":0,"max_hp_loss":0,"event_name":"The Cleric","floor":2,"gold_loss":50},{"cards_removed":["Strike_G"],"damage_healed":0,"gold_gain":0,"player_choice":"Offered Basic","damage_taken":0,"max_hp_gain":0,"max_hp_loss":0,"event_name":"Bonfire Elementals","floor":3,"gold_loss":0},{"damage_healed":23,"gold_gain":0,"player_choice":"Heal","damage_taken":0,"max_hp_gain":0,"max_hp_loss":0,"event_name":"The Library","floor":19,"gold_loss":0},{"damage_healed":0,"gold_gain":100,"player_choice":"Pray","damage_taken":0,"max_hp_gain":0,"max_hp_loss":0,"event_name":"Golden Shrine","floor":20,"gold_loss":0},{"damage_healed":0,"gold_gain":0,"player_choice":"Ignored","damage_taken":0,"max_hp_gain":0,"max_hp_loss":0,"event_name":"Vampires","floor":28,"gold_loss":0},{"damage_healed":0,"gold_gain":0,"player_choice":"Bought 0 Potions","damage_taken":0,"max_hp_gain":0,"max_hp_loss":0,"event_name":"The Woman in Blue","floor":30,"gold_loss":0},{"damage_healed":0,"gold_gain":0,"player_choice":"Shed Blood","damage_taken":18,"max_hp_gain":5,"max_hp_loss":0,"event_name":"Forgotten Altar","floor":31,"gold_loss":0}],"is_beta":false,"boss_relics":[{"not_picked":["Ectoplasm","Sozu"],"picked":"Busted Crown"}],"items_purged_floors":[5,12,21,24],"is_endless":false,"potions_floor_spawned":[1,6,7,13,14],"killed_by":"Champ","ascension_level":8}