{"path_per_floor":["M","M","M","M","M","R","E","?","T","M","E","$","M","M","R","B",null,"M","$","M","?","M"],"character_chosen":"IRONCLAD","items_purchased":["Headbutt","Armaments","Fire Breathing"],"gold_per_floor":[109,121,137,152,164,164,196,196,196,208,243,30,46,58,58,153,153,168,68,86,86,104,104],"floor_reached":23,"campfire_rested":1,"playtime":3082,"item_purchase_floors":[],"current_hp_per_floor":[80,77,80,74,76,76,54,54,54,49,34,34,34,27,53,26,87,85,85,87,87,55,0],"items_purged":["Defend_R","Defend_R"],"gold":104,"score":207,"play_id":"d8664a12-6a7a-40f7-a697-a18f192cbafc","local_time":"20180527204157","is_prod":false,"is_daily":false,"chose_seed":false,"is_ascension_mode":false,"campfire_upgraded":1,"win_rate":0.0,"timestamp":1527471717,"campfire_choices":[{"data":"Offering","floor":6.0,"key":"SMITH"},{"floor":15.0,"key":"REST"}],"path_taken":["M","M","M","M","M","R","E","?","T","?","E","$","M","M","R","BOSS","M","$","M","?","M","E"],"build_version":"2018-05-24","seed_source_timestamp":0,"purchased_purges":2,"victory":false,"master_deck":["Strike_R","Strike_R","Strike_R","Strike_R","Strike_R","Defend_R","Bash+1","Metallicize","Warcry","Offering+1","Warcry+1","Flame Barrier","Thunderclap","Seeing Red","Headbutt","Armaments","Fire Breathing","Headbutt","Disarm","Reaper","Combust","Perfected Strike","Burning Pact"],"max_hp_per_floor":[80,80,80,80,80,80,80,80,80,80,87,87,87,87,87,87,87,87,87,87,87,87,87],"relics":["Black Blood","Boot","Centennial Puzzle","Strawberry"],"card_choices":[{"not_picked":["Shrug It Off","Hemokinesis"],"picked":"Metallicize","floor":1.0},{"not_picked":["Intimidate","Second Wind","Searing Blow"],"picked":"SKIP","floor":2.0},{"not_picked":["Sword Boomerang","Clothesline"],"picked":"Warcry","floor":3.0},{"not_picked":["Rage","Cleave"],"picked":"Offering","floor":4.0},{"not_picked":["Entrench","True Grit"],"picked":"Warcry","floor":5.0},{"not_picked":["Thunderclap","Entrench"],"picked":"Flame Barrier","floor":7.0},{"not_picked":["Impervious","Carnage"],"picked":"Thunderclap","floor":10.0},{"not_picked":["Headbutt","Feel No Pain"],"picked":"Seeing Red","floor":11.0},{"not_picked":["Iron Wave","Rampage"],"picked":"Headbutt","floor":13.0},{"not_picked":["Body Slam","Second Wind"],"picked":"Disarm","floor":14.0},{"not_picked":["Feed","Juggernaut"],"picked":"Reaper","floor":16.0},{"not_picked":["Heavy Blade","Sword Boomerang"],"picked":"Combust","floor":18},{"not_picked":["Thunderclap+1","Headbutt"],"picked":"Perfected Strike","floor":20},{"not_picked":["Dark Embrace","Heavy Blade"],"picked":"Burning Pact","floor":22}],"player_experience":16254,"potions_floor_usage":[],"damage_taken":[{"damage":6.0,"enemies":"Jaw Worm","floor":1.0,"turns":3.0},{"damage":9.0,"enemies":"Cultist","floor":2.0,"turns":4.0},{"damage":0.0,"enemies":"Small Slimes","floor":3.0,"turns":3.0},{"damage":12.0,"enemies":"Looter","floor":4.0,"turns":4.0},{"damage":4.0,"enemies":"Large Slime","floor":5.0,"turns":5.0},{"damage":28.0,"enemies":"3 Sentries","floor":7.0,"turns":11.0},{"damage":11.0,"enemies":"2 Fungi Beasts","floor":10.0,"turns":3.0},{"damage":28.0,"enemies":"Gremlin Nob","floor":11.0,"turns":5.0},{"damage":6.0,"enemies":"Blue Slaver","floor":13.0,"turns":3.0},{"damage":13.0,"enemies":"Gremlin Gang","floor":14.0,"turns":3.0},{"damage":33.0,"enemies":"Hexaghost","floor":16.0,"turns":12.0},{"damage":12,"enemies":"Chosen","floor":18,"turns":4},{"damage":3,"enemies":"3 Byrds","floor":20,"turns":2},{"damage":42,"enemies":"Snecko","floor":22,"turns":6},{"damage":70,"enemies":"Slavers","floor":23,"turns":4}],"relics_obtained":[{"floor":7.0,"key":"Boot"},{"floor":9.0,"key":"Centennial Puzzle"},{"floor":11.0,"key":"Strawberry"}],"event_choices":[{"event_name":"Bonfire Elementals","player_choice":"BASIC","floor":8.0,"damage_taken":0.0},{"event_name":"Upgrade Shrine","player_choice":"Upgraded","floor":21,"damage_taken":0}],"boss_relics":[{"not_picked":["Velvet Choker","Lizard Tail"],"picked":"Black Blood"}],"items_purged_floors":[],"potions_floor_spawned":[2,3,4,5,10,13,20],"seed_played":"-2037620133052299625","killed_by":"Slavers","ascension_level":0,"potions_obtained":[{"floor":2.0,"key":"Dexterity Potion"},{"floor":3.0,"key":"SkillPotion"},{"floor":4.0,"key":"Dexterity Potion"},{"floor":5.0,"key":"SpeedPotion"},{"floor":10.0,"key":"LiquidBronze"},{"floor":13.0,"key":"Energy Potion"},{"floor":20,"key":"Energy Potion"}],"is_trial":false}