{"gold_per_floor":[111,61,61,79,92,20,20,40,115,115,215,240,240],"floor_reached":13,"playtime":748,"items_purged":[],"score":86,"play_id":"1fe77207-f5d5-4a64-9f4b-453b141c284b","local_time":"20180814215333","is_ascension_mode":true,"campfire_choices":[{"floor":7,"key":"REST"},{"floor":10,"key":"REST"}],"neow_cost":"NONE","seed_source_timestamp":1510904738459137,"circlet_count":0,"master_deck":["Strike_B","Strike_B","Strike_B","Defend_B","Defend_B","Defend_B","Defend_B","Zap","Dualcast","Chaos","Genetic Algorithm","Rebound","Loop","Barrage","Cold Snap"],"relics":["Eternal Feather","Golden Idol","Question Card"],"potions_floor_usage":[13],"damage_taken":[{"damage":0,"enemies":"Small Slimes","floor":1,"turns":2},{"damage":8,"enemies":"Jaw Worm","floor":4,"turns":4},{"damage":13,"enemies":"2 Louse","floor":5,"turns":4},{"damage":40,"enemies":"Exordium Wildlife","floor":8,"turns":7},{"damage":46,"enemies":"Gremlin Gang","floor":12,"turns":7},{"damage":11,"enemies":"Lagavulin","floor":13,"turns":4}],"seed_played":"-3455459925407209997","potions_obtained":[{"floor":1,"key":"SneckoOil"},{"floor":4,"key":"FearPotion"}],"is_trial":false,"path_per_floor":["M","?","?","M","M","$","R","M","T","R","?","M"],"character_chosen":"DEFECT","items_purchased":["Loop"],"campfire_rested":2,"item_purchase_floors":[6],"current_hp_per_floor":[75,75,57,49,36,36,64,24,24,52,52,6,0],"gold":240,"neow_bonus":"BOSS_RELIC","is_prod":false,"is_daily":false,"chose_seed":false,"campfire_upgraded":0,"win_rate":0,"timestamp":1534301613,"path_taken":["M","?","?","M","M","$","R","M","T","R","?","?","E"],"build_version":"2018-08-09","purchased_purges":0,"victory":false,"max_hp_per_floor":[75,75,75,75,75,75,75,75,75,75,75,75,75],"card_choices":[{"not_picked":["Cold Snap","Coolheaded"],"picked":"Chaos","floor":1},{"not_picked":["Turbo","Beam Cell"],"picked":"Genetic Algorithm","floor":4},{"not_picked":["Ball Lightning","Beam Cell"],"picked":"Rebound","floor":5},{"not_picked":["Turbo","Sweeping Beam"],"picked":"Barrage","floor":8},{"not_picked":["Capacitor","Steam","Recycle"],"picked":"Cold Snap","floor":12}],"player_experience":331480,"relics_obtained":[{"floor":9,"key":"Question Card"}],"event_choices":[{"event_name":"The Cleric","player_choice":"Card Removal","floor":2,"damage_taken":0},{"event_name":"Golden Idol","player_choice":"Take Damage","floor":3,"damage_taken":0},{"event_name":"Golden Shrine","player_choice":"Pray","floor":11,"damage_taken":0}],"is_beta":false,"boss_relics":[],"items_purged_floors":[],"is_endless":false,"potions_floor_spawned":[1,4],"killed_by":"Lagavulin","ascension_level":3}