{"gold_per_floor":[115,130,130,130,148,188,188,227,227,82,82,82,95,95,95,95],"floor_reached":16,"playtime":468,"items_purged":[],"score":108,"play_id":"04d2bf3d-8011-4df5-8437-d69ef4baca1d","local_time":"20190212142418","is_ascension_mode":false,"campfire_choices":[{"floor":7,"key":"REST"},{"floor":15,"key":"REST"}],"neow_cost":"NONE","seed_source_timestamp":61881769908021,"circlet_count":0,"master_deck":["Strike_R","Strike_R","Strike_R","Strike_R","Strike_R","Defend_R","Defend_R","Defend_R","Defend_R","Bash","Shrug It Off","Pommel Strike","Armaments"],"relics":["Burning Blood","Golden Idol","Boot","Blue Candle","Potion Belt","Juzu Bracelet"],"potions_floor_usage":[],"damage_taken":[{"damage":1,"enemies":"Cultist","floor":1,"turns":3},{"damage":2,"enemies":"Small Slimes","floor":2,"turns":3},{"damage":3,"enemies":"Jaw Worm","floor":5,"turns":3},{"damage":45,"enemies":"Gremlin Nob","floor":6,"turns":6},{"damage":28,"enemies":"3 Sentries","floor":8,"turns":10},{"damage":4,"enemies":"Exordium Thugs","floor":13,"turns":5},{"damage":50,"enemies":"Hexaghost","floor":16,"turns":14}],"seed_played":"1456430732072856488","potions_obtained":[{"floor":2,"key":"Fire Potion"}],"is_trial":false,"path_per_floor":["M","M","?","?","M","E","R","E","T","$","?","$","M","?","R","B"],"character_chosen":"IRONCLAD","items_purchased":["Juzu Bracelet"],"campfire_rested":2,"item_purchase_floors":[10],"current_hp_per_floor":[80,80,60,60,63,24,48,26,26,26,26,26,28,28,52,2],"gold":95,"neow_bonus":"THREE_CARDS","is_prod":false,"is_daily":false,"chose_seed":false,"campfire_upgraded":0,"win_rate":0,"timestamp":1549970658,"path_taken":["M","M","?","?","M","E","R","E","T","?","?","$","M","?","R","BOSS"],"build_version":"2019-01-23","purchased_purges":0,"victory":false,"max_hp_per_floor":[80,80,80,80,80,80,80,80,80,80,80,80,80,80,80,80],"card_choices":[{"not_picked":["Body Slam","Entrench","Headbutt"],"picked":"SKIP","floor":1},{"not_picked":["Warcry","Corruption"],"picked":"Shrug It Off","floor":2},{"not_picked":["Clash","Pummel","Thunderclap"],"picked":"SKIP","floor":5},{"not_picked":["Warcry","Battle Trance"],"picked":"Pommel Strike","floor":6},{"not_picked":["Thunderclap","Evolve"],"picked":"Armaments","floor":8},{"not_picked":["Ghostly Armor","Heavy Blade","Double Tap"],"picked":"SKIP","floor":13}],"player_experience":345306,"relics_obtained":[{"floor":6,"key":"Boot"},{"floor":8,"key":"Blue Candle"},{"floor":9,"key":"Potion Belt"}],"event_choices":[{"damage_healed":0,"gold_gain":0,"player_choice":"Take Damage","damage_taken":20,"relics_obtained":["Golden Idol"],"max_hp_gain":0,"max_hp_loss":0,"event_name":"Golden Idol","floor":3,"gold_loss":0},{"damage_healed":0,"gold_gain":0,"player_choice":"Ignored","damage_taken":0,"max_hp_gain":0,"max_hp_loss":0,"event_name":"Shining Light","floor":4,"gold_loss":0},{"damage_healed":0,"gold_gain":0,"player_choice":"Leave","damage_taken":0,"max_hp_gain":0,"max_hp_loss":0,"event_name":"The Cleric","floor":11,"gold_loss":0},{"damage_healed":0,"gold_gain":0,"player_choice":"Ignored","damage_taken":0,"max_hp_gain":0,"max_hp_loss":0,"event_name":"Golden Wing","floor":14,"gold_loss":0}],"is_beta":false,"boss_relics":[],"items_purged_floors":[],"is_endless":false,"potions_floor_spawned":[2],"killed_by":"Hexaghost","ascension_level":0}