{"gold_per_floor":[218,218,218,218,218,218,243,243,295,309,322,322,337,354,354,458,458,471,32,29,29,29,64,64,64,91,104,104,0,0,0,0,98,98,111,111,125,141,141,141,141,141,141,159,179,179,210,9,9,9],"floor_reached":51,"playtime":4885,"items_purged":[],"score":891,"play_id":"202dbd52-fd16-4e15-8417-dc88be5a3951","local_time":"20180714220429","is_ascension_mode":false,"campfire_choices":[{"data":"Bash","floor":6.0,"key":"SMITH"},{"floor":8.0,"key":"REST"},{"data":"Barricade","floor":12.0,"key":"SMITH"},{"data":"Body Slam","floor":15.0,"key":"SMITH"},{"floor":24.0,"key":"REST"},{"floor":28.0,"key":"REST"},{"floor":30.0,"key":"REST"},{"data":"Flex","floor":32.0,"key":"SMITH"},{"floor":40.0,"key":"REST"},{"floor":42.0,"key":"REST"},{"floor":49.0,"key":"REST"}],"neow_cost":"NONE","seed_source_timestamp":619500123865143,"circlet_count":0,"master_deck":["Defend_R","Defend_R","Defend_R","Bash+1","Flex+1","Barricade+1","Body Slam+1","Infernal Blade","Sword Boomerang","Shrug It Off","Reaper","True Grit","Rage+1","Dropkick","Ghostly Armor","Bite","Bite","Bite","Bite","Bite","Juggernaut","Entrench+1","Body Slam","Second Wind","Impervious","Flash of Steel","Metallicize","Metallicize","Entrench+1"],"special_seed":0,"relics":["Burning Blood","Meat on the Bone","Bottled Flame","Lizard Tail","Juzu Bracelet","Incense Burner","Centennial Puzzle","Happy Flower","Sozu","Magic Flower","Peace Pipe","Gremlin Horn","DollysMirror"],"potions_floor_usage":[],"damage_taken":[{"damage":9.0,"enemies":"2 Louse","floor":1.0,"turns":3.0},{"damage":20.0,"enemies":"Gremlin Nob","floor":7.0,"turns":4.0},{"damage":11.0,"enemies":"Jaw Worm","floor":10.0,"turns":2.0},{"damage":12.0,"enemies":"Small Slimes","floor":11.0,"turns":3.0},{"damage":3.0,"enemies":"2 Fungi Beasts","floor":13.0,"turns":3.0},{"damage":6.0,"enemies":"Exordium Thugs","floor":14.0,"turns":4.0},{"damage":60.0,"enemies":"Slime Boss","floor":16.0,"turns":15.0},{"damage":37.0,"enemies":"Spheric Guardian","floor":18.0,"turns":7.0},{"damage":35.0,"enemies":"2 Thieves","floor":20.0,"turns":5.0},{"damage":66.0,"enemies":"Book of Stabbing","floor":23.0,"turns":7.0},{"damage":36.0,"enemies":"Sentry and Sphere","floor":27.0,"turns":10.0},{"damage":43.0,"enemies":"Champ","floor":33.0,"turns":19.0},{"damage":62.0,"enemies":"Flame Bruiser 1 Orb","floor":35.0,"turns":6.0},{"damage":7.0,"enemies":"3 Darklings","floor":37.0,"turns":23.0},{"damage":73.0,"enemies":"Spire Growth","floor":38.0,"turns":7.0},{"damage":8.0,"enemies":"Transient","floor":44.0,"turns":5.0},{"damage":15.0,"enemies":"4 Shapes","floor":45.0,"turns":11.0},{"damage":7.0,"floor":46.0,"turns":7.0},{"damage":69.0,"enemies":"2 Orb Walkers","floor":47.0,"turns":6.0},{"damage":49,"enemies":"Awakened One","floor":50,"turns":21}],"seed_played":"-5309564692839748190","potions_obtained":[{"floor":1.0,"key":"Strength Potion"},{"floor":14.0,"key":"AttackPotion"},{"floor":20.0,"key":"LiquidBronze"}],"is_trial":false,"path_per_floor":["M","?","?","?","$","R","E","R","T","M","M","R","M","M","R","B",null,"M","$","M","?","?","E","R","?","T","M","R","?","R","?","R","B",null,"M","?","M","M","?","R","?","R","T","M","M","?","E","$","R","B"],"character_chosen":"IRONCLAD","items_purchased":["Juzu Bracelet","Incense Burner","DollysMirror"],"campfire_rested":7,"item_purchase_floors":[19,19,48],"current_hp_per_floor":[77,77,70,70,70,70,56,80,80,75,71,71,76,78,78,38,80,49,49,38,38,38,34,58,58,58,42,66,66,80,80,80,59,80,48,48,80,35,35,59,59,80,80,80,80,80,56,56,80,80],"gold":9,"neow_bonus":"HUNDRED_GOLD","is_prod":false,"is_daily":false,"chose_seed":false,"campfire_upgraded":4,"win_rate":0.0,"timestamp":1531595069,"path_taken":["M","?","?","?","$","R","E","R","T","M","M","R","M","M","R","BOSS","M","$","M","?","?","E","R","?","T","M","R","?","R","?","R","BOSS","M","?","M","M","?","R","?","R","T","M","M","?","E","?","R","BOSS"],"build_version":"2018-07-12","purchased_purges":0,"victory":true,"max_hp_per_floor":[80,80,80,80,80,80,80,80,80,80,80,80,80,80,80,80,80,80,80,80,80,80,80,80,80,80,80,80,80,80,80,80,80,80,80,80,80,80,80,80,80,80,80,80,80,80,80,80,80,80],"card_choices":[{"not_picked":["Inflame","Perfected Strike"],"picked":"Flex","floor":1.0},{"not_picked":["Pommel Strike","Flame Barrier"],"picked":"Barricade","floor":7.0},{"not_picked":["Shrug It Off","Hemokinesis"],"picked":"Body Slam","floor":10.0},{"not_picked":["Anger","Searing Blow"],"picked":"Infernal Blade","floor":11.0},{"not_picked":["Clash","Twin Strike"],"picked":"Sword Boomerang","floor":13.0},{"not_picked":["Perfected Strike","Inflame"],"picked":"Shrug It Off","floor":14.0},{"not_picked":["Berserk","Double Tap"],"picked":"Reaper","floor":16.0},{"not_picked":["Clothesline","Battle Trance"],"picked":"True Grit","floor":18.0},{"not_picked":["Reckless Charge","Perfected Strike"],"picked":"Rage+1","floor":20.0},{"not_picked":["Iron Wave","Searing Blow"],"picked":"Dropkick","floor":23.0},{"not_picked":["Flex+1","Rupture"],"picked":"Ghostly Armor","floor":27.0},{"not_picked":["Feed","Fiend Fire"],"picked":"Juggernaut","floor":33.0},{"not_picked":["Clothesline+1","Pommel Strike"],"picked":"Entrench+1","floor":35.0},{"not_picked":["Rampage","Headbutt"],"picked":"Body Slam","floor":37.0},{"not_picked":["Corruption","Reckless Charge+1"],"picked":"Second Wind","floor":38.0},{"not_picked":["Thinking Ahead","Purity"],"picked":"Flash of Steel","floor":41.0},{"not_picked":["Clash+1","Blood for Blood"],"picked":"Metallicize","floor":44.0},{"not_picked":["Hemokinesis","Headbutt+1"],"picked":"Metallicize","floor":45.0},{"not_picked":["Sword Boomerang","Fire Breathing","Clothesline"],"picked":"SKIP","floor":47.0}],"player_experience":8504,"relics_obtained":[{"floor":7.0,"key":"Bottled Flame"},{"floor":9.0,"key":"Blood Vial"},{"floor":23.0,"key":"Centennial Puzzle"},{"floor":26.0,"key":"Happy Flower"},{"floor":43.0,"key":"Magic Flower"},{"floor":46.0,"key":"Peace Pipe"},{"floor":47.0,"key":"Gremlin Horn"}],"event_choices":[{"event_name":"Big Fish","player_choice":"Box","floor":2.0,"damage_taken":0.0},{"event_name":"Golden Wing","player_choice":"Card Removal","floor":3.0,"damage_taken":0.0},{"event_name":"Shining Light","player_choice":"Ignored","floor":4.0,"damage_taken":0.0},{"event_name":"Drug Dealer","player_choice":"Ignored","floor":21.0,"damage_taken":0.0},{"event_name":"Cursed Tome","player_choice":"Ignored","floor":22.0,"damage_taken":0.0},{"event_name":"Addict","player_choice":"Ignored","floor":25.0,"damage_taken":0.0},{"event_name":"Masked Bandits","player_choice":"Paid Bandits 104 gold","floor":29.0,"damage_taken":0.0},{"event_name":"Vampires","player_choice":"Became a vampire (Vial)","floor":31.0,"damage_taken":0.0},{"event_name":"Falling","player_choice":"Removed Skill","floor":36.0,"damage_taken":0.0},{"event_name":"Match and Keep!","player_choice":"1 cards matched","floor":39.0,"damage_taken":0.0},{"event_name":"SensoryStone","player_choice":"Memory 1","floor":41.0,"damage_taken":0.0},{"event_name":"MindBloom","player_choice":"Fight","floor":46.0,"damage_taken":0.0}],"boss_relics":[{"not_picked":["Runic Cube","Runic Pyramid"],"picked":"Lizard Tail"},{"not_picked":["Black Blood","Eternal Feather"],"picked":"Sozu"}],"items_purged_floors":[],"is_endless":false,"potions_floor_spawned":[1,14,20,38,47],"ascension_level":0}