{"gold_per_floor":[113,113,131,131,148,148,167,167,167,92,92,92,123,137,137,137],"floor_reached":16,"playtime":476,"items_purged":["Defend_R"],"score":100,"play_id":"f932bee5-97d6-46c9-941a-cf312e97aace","local_time":"20190211134248","is_ascension_mode":false,"campfire_choices":[{"data":"Bash","floor":6.0,"key":"SMITH"},{"data":"Shrug It Off","floor":8.0,"key":"SMITH"},{"floor":11.0,"key":"REST"},{"floor":15.0,"key":"REST"}],"neow_cost":"NONE","seed_source_timestamp":63138424418871,"circlet_count":0,"master_deck":["Strike_R","Strike_R","Strike_R","Strike_R","Strike_R+1","Defend_R","Defend_R+1","Defend_R+1","Bash+1","Shrug It Off+1"],"special_seed":0,"relics":["Burning Blood","Mummified Hand","Thread and Needle"],"potions_floor_usage":[16,16],"damage_taken":[{"damage":4.0,"enemies":"Jaw Worm","floor":1.0,"turns":5.0},{"damage":1.0,"enemies":"Cultist","floor":3.0,"turns":4.0},{"damage":0.0,"enemies":"2 Louse","floor":5.0,"turns":2.0},{"damage":13.0,"enemies":"Exordium Wildlife","floor":7.0,"turns":5.0},{"damage":38.0,"enemies":"Gremlin Nob","floor":13.0,"turns":5.0},{"damage":0.0,"enemies":"Blue Slaver","floor":14.0,"turns":4.0},{"damage":80,"enemies":"Hexaghost","floor":16,"turns":11}],"seed_played":"8657063096175720539","potions_obtained":[{"floor":0.0,"key":"SkillPotion"},{"floor":0.0,"key":"GamblersBrew"},{"floor":0.0,"key":"Ancient Potion"},{"floor":14.0,"key":"Strength Potion"}],"is_trial":false,"path_per_floor":["M","?","M","?","M","R","M","R","T","$","R","?","E","M","R","B"],"character_chosen":"IRONCLAD","items_purchased":[],"campfire_rested":2,"item_purchase_floors":[],"current_hp_per_floor":[80,64,69,69,75,75,68,68,68,68,80,80,48,54,78,0],"gold":137,"neow_bonus":"THREE_SMALL_POTIONS","is_prod":false,"is_daily":false,"chose_seed":false,"campfire_upgraded":2,"win_rate":0,"timestamp":1549881768,"path_taken":["M","?","M","?","M","R","M","R","T","$","R","?","E","M","R","BOSS"],"build_version":"2019-01-23","purchased_purges":1,"victory":false,"max_hp_per_floor":[80,80,80,80,80,80,80,80,80,80,80,80,80,80,80,80],"card_choices":[{"not_picked":["Infernal Blade","Wild Strike","True Grit"],"picked":"SKIP","floor":1.0},{"not_picked":["Havoc","Ghostly Armor","Armaments"],"picked":"SKIP","floor":3.0},{"not_picked":["Pummel","Dual Wield"],"picked":"Shrug It Off","floor":5.0},{"not_picked":["Body Slam","Sword Boomerang","Warcry"],"picked":"SKIP","floor":7.0},{"not_picked":["Disarm","Whirlwind","Brutality"],"picked":"SKIP","floor":13.0},{"not_picked":["Pummel","Thunderclap","Infernal Blade"],"picked":"SKIP","floor":14.0}],"player_experience":309842,"relics_obtained":[{"floor":9.0,"key":"Mummified Hand"},{"floor":13.0,"key":"Thread and Needle"}],"event_choices":[{"damage_healed":0.0,"max_hp_gain":0.0,"max_hp_loss":0.0,"gold_gain":0.0,"event_name":"Shining Light","player_choice":"Entered Light","floor":2.0,"gold_loss":0.0,"damage_taken":16.0,"cards_upgraded":["Defend_R","Defend_R"]},{"damage_healed":0.0,"max_hp_gain":0.0,"max_hp_loss":0.0,"gold_gain":0.0,"event_name":"Liars Game","player_choice":"Ignored","floor":4.0,"gold_loss":0.0,"damage_taken":0.0},{"damage_healed":0.0,"max_hp_gain":0.0,"max_hp_loss":0.0,"gold_gain":0.0,"event_name":"Accursed Blacksmith","player_choice":"Forge","floor":12.0,"gold_loss":0.0,"damage_taken":0.0,"cards_upgraded":["Strike_R"]}],"is_beta":false,"boss_relics":[],"items_purged_floors":[10],"is_endless":false,"potions_floor_spawned":[1,7,14],"killed_by":"Hexaghost","ascension_level":0}