{"gold_per_floor":[99,49,49,49,49,49,49,49,49,49,49,49,49,49,49,49,49,0,0,0,0,0,0,0,0,0,0,0,0,0,0,0,0,0,0,0,0,0,0,0,0,0,0,0,0,0,0,0,0,0,0,0,0,0,0],"floor_reached":55,"playtime":2156,"items_purged":[],"score":1358,"play_id":"4dc80f64-f73e-4845-87e2-70eead368dd8","local_time":"20190129030542","is_ascension_mode":true,"campfire_choices":[{"data":"Storm","floor":7.0,"key":"SMITH"},{"data":"Defragment","floor":12.0,"key":"SMITH"},{"floor":15.0,"key":"DIG"},{"floor":23.0,"key":"DIG"},{"floor":27.0,"key":"DIG"},{"floor":29.0,"key":"DIG"},{"floor":32.0,"key":"DIG"},{"floor":46.0,"key":"DIG"},{"floor":49.0,"key":"RECALL"},{"floor":52.0,"key":"DIG"}],"neow_cost":"NONE","seed_source_timestamp":5763436643113,"circlet_count":0,"master_deck":["Strike_B","Defend_B","Defend_B","Defend_B","Defend_B","Zap","Glacier","Storm+1","Ball Lightning","Self Repair","Reinforced Body","Defragment+1","Coolheaded","Leap","Heatsinks","Self Repair","Electrodynamics","Storm","Force Field","Seek","Loop","Steam Power+1","Biased Cognition","Sweeping Beam+1","Cold Snap+1","Heatsinks","Machine Learning","Defragment","Defragment+1","Self Repair+1"],"special_seed":0,"relics":["Ectoplasm","WingedGreaves","Blue Candle","Shovel","Smiling Mask","DataDisk","Fusion Hammer","Dream Catcher","Girya","Molten Egg 2","Potion Belt","Ornamental Fan","Vajra","Red Mask","FossilizedHelix","Gambling Chip","Astrolabe","Tiny Chest","Happy Flower","Oddly Smooth Stone","Strawberry","Bird Faced Urn","PreservedInsect","Pear","Singing Bowl","Prayer Wheel"],"potions_floor_usage":[],"damage_taken":[{"damage":4.0,"enemies":"2 Louse","floor":1.0,"turns":2.0},{"damage":2.0,"enemies":"Jaw Worm","floor":3.0,"turns":4.0},{"damage":0.0,"enemies":"Small Slimes","floor":4.0,"turns":4.0},{"damage":8.0,"enemies":"Blue Slaver","floor":5.0,"turns":3.0},{"damage":7.0,"enemies":"Lagavulin","floor":6.0,"turns":6.0},{"damage":28.0,"enemies":"Gremlin Nob","floor":8.0,"turns":5.0},{"damage":0.0,"enemies":"Exordium Wildlife","floor":10.0,"turns":4.0},{"damage":22.0,"enemies":"Gremlin Gang","floor":11.0,"turns":3.0},{"damage":5.0,"enemies":"3 Sentries","floor":13.0,"turns":7.0},{"damage":2.0,"enemies":"Lagavulin","floor":14.0,"turns":6.0},{"damage":26.0,"enemies":"Hexaghost","floor":16.0,"turns":11.0},{"damage":6.0,"enemies":"2 Thieves","floor":18.0,"turns":4.0},{"damage":0.0,"enemies":"Chosen","floor":20.0,"turns":3.0},{"damage":0.0,"enemies":"3 Cultists","floor":22.0,"turns":2.0},{"damage":18.0,"enemies":"Gremlin Leader","floor":24.0,"turns":5.0},{"damage":0.0,"enemies":"Snecko","floor":25.0,"turns":3.0},{"damage":16.0,"enemies":"Masked Bandits","floor":30.0,"turns":3.0},{"damage":7.0,"enemies":"Book of Stabbing","floor":31.0,"turns":4.0},{"damage":0.0,"enemies":"Collector","floor":33.0,"turns":6.0},{"damage":9.0,"enemies":"3 Darklings","floor":35.0,"turns":2.0},{"damage":17.0,"enemies":"3 Shapes","floor":38.0,"turns":3.0},{"damage":0.0,"enemies":"Transient","floor":39.0,"turns":5.0},{"damage":0.0,"enemies":"Reptomancer","floor":40.0,"turns":3.0},{"damage":0.0,"enemies":"Sphere and 2 Shapes","floor":41.0,"turns":2.0},{"damage":0.0,"enemies":"Giant Head","floor":42.0,"turns":8.0},{"damage":1.0,"enemies":"Nemesis","floor":44.0,"turns":3.0},{"damage":0.0,"enemies":"Writhing Mass","floor":45.0,"turns":3.0},{"damage":0.0,"enemies":"Giant Head","floor":47.0,"turns":4.0},{"damage":0.0,"enemies":"Maw","floor":48.0,"turns":4.0},{"damage":96.0,"enemies":"Awakened One","floor":50.0,"turns":10.0},{"damage":0.0,"enemies":"Shield and Spear","floor":54.0,"turns":3.0},{"damage":124,"enemies":"The Heart","floor":55,"turns":8}],"seed_played":"737936824521322182","potions_obtained":[{"floor":4.0,"key":"FocusPotion"},{"floor":8.0,"key":"FairyPotion"},{"floor":11.0,"key":"GamblersBrew"},{"floor":13.0,"key":"PowerPotion"},{"floor":16.0,"key":"Explosive Potion"},{"floor":22.0,"key":"AttackPotion"},{"floor":38.0,"key":"FearPotion"},{"floor":40.0,"key":"AttackPotion"},{"floor":41.0,"key":"Explosive Potion"},{"floor":47.0,"key":"AttackPotion"}],"is_trial":false,"path_per_floor":["M","?","M","M","M","E","R","E","T","M","M","R","E","E","R","B",null,"M","?","M","?","M","R","E","M","T","R","?","R","?","E","R","B",null,"M","?","?","M","M","E","M","E","T","E","M","R","E","M","R","B",null,"R","$","E","B"],"character_chosen":"DEFECT","items_purchased":[],"campfire_rested":0,"item_purchase_floors":[],"current_hp_per_floor":[64,64,62,62,54,54,54,33,33,40,25,25,27,32,32,20,61,69,69,75,75,75,75,71,75,75,75,75,75,66,73,73,75,75,75,75,75,72,75,75,75,75,82,82,82,82,92,92,92,28,76,76,76,94,0],"gold":0,"neow_bonus":"BOSS_RELIC","is_prod":false,"is_daily":false,"chose_seed":false,"campfire_upgraded":2,"win_rate":0,"timestamp":1548741942,"path_taken":["M","?","M","M","M","E","R","E","T","M","M","R","E","E","R","BOSS","M","?","M","?","M","R","E","M","T","R","?","R","?","E","R","BOSS","M","?","?","M","M","E","M","E","T","E","?","R","E","M","R","BOSS","R","$","E","BOSS"],"build_version":"2018-11-15","purchased_purges":0,"victory":false,"max_hp_per_floor":[75,75,75,75,75,75,75,75,75,75,75,75,75,75,75,75,75,75,75,75,75,75,75,75,75,75,75,75,75,75,75,75,75,75,75,75,75,75,75,75,75,75,82,82,82,82,92,92,92,92,92,92,92,94,94],"card_choices":[{"not_picked":["Stack","Streamline"],"picked":"Glacier","floor":1.0},{"not_picked":["Rebound","Turbo"],"picked":"Storm","floor":3.0},{"not_picked":["Redo","Rebound"],"picked":"Ball Lightning","floor":4.0},{"not_picked":["Recycle","Chaos"],"picked":"Self Repair","floor":5.0},{"not_picked":["Streamline","Leap"],"picked":"Reinforced Body","floor":6.0},{"not_picked":["Recycle","Steam"],"picked":"Defragment","floor":8.0},{"not_picked":["Creative AI","Go for the Eyes"],"picked":"Coolheaded","floor":10.0},{"not_picked":["Sunder","Ball Lightning"],"picked":"Leap","floor":11.0},{"not_picked":["Conserve Battery","Blizzard"],"picked":"Heatsinks","floor":13.0},{"not_picked":["Stack","Lockon"],"picked":"Self Repair","floor":14.0},{"not_picked":["Rainbow","Hyperbeam"],"picked":"Electrodynamics","floor":16.0},{"not_picked":["Compile Driver","Stack","Barrage+1"],"picked":"SKIP","floor":18.0},{"not_picked":["Conserve Battery","Hologram"],"picked":"Force Field","floor":20.0},{"not_picked":["Barrage","Scrape","Streamline"],"picked":"SKIP","floor":22.0},{"not_picked":["Barrage","Scrape","Streamline"],"picked":"SKIP","floor":22.0},{"not_picked":["Reinforced Body","Leap"],"picked":"Seek","floor":24.0},{"not_picked":["BootSequence","Coolheaded+1"],"picked":"Loop","floor":25.0},{"not_picked":["Double Energy","Cold Snap+1","Steam Power+1"],"picked":"SKIP","floor":31.0},{"not_picked":["Double Energy","Cold Snap+1"],"picked":"Steam Power+1","floor":31.0},{"not_picked":["Electrodynamics","Amplify"],"picked":"Biased Cognition","floor":33.0},{"not_picked":["Cold Snap+1","Sweeping Beam+1","Steam"],"picked":"SKIP","floor":35.0},{"not_picked":["Recycle","Stack+1"],"picked":"Heatsinks","floor":38.0},{"not_picked":["Barrage+1","Rebound+1","Compile Driver+1"],"picked":"SKIP","floor":39.0},{"not_picked":["Compile Driver+1","Hologram+1"],"picked":"Machine Learning","floor":40.0},{"not_picked":["Aggregate+1","Gash+1","Stack"],"picked":"SKIP","floor":41.0},{"not_picked":["Chaos","Skim"],"picked":"Defragment","floor":42.0},{"not_picked":["Static Discharge+1","Auto Shields+1"],"picked":"Defragment+1","floor":44.0},{"not_picked":["Beam Cell+1","FTL+1","Hologram+1"],"picked":"SKIP","floor":45.0},{"not_picked":["Turbo","Rebound+1"],"picked":"Self Repair+1","floor":47.0},{"not_picked":["Compile Driver+1","Darkness","Double Energy"],"picked":"SKIP","floor":48.0},{"not_picked":["Redo+1","Go for the Eyes+1","Aggregate+1"],"picked":"Singing Bowl","floor":54.0}],"player_experience":47015,"relics_obtained":[{"floor":6.0,"key":"WingedGreaves"},{"floor":8.0,"key":"Blue Candle"},{"floor":13.0,"key":"Shovel"},{"floor":14.0,"key":"Smiling Mask"},{"floor":15.0,"key":"DataDisk"},{"floor":23.0,"key":"Girya"},{"floor":24.0,"key":"Molten Egg 2"},{"floor":26.0,"key":"Potion Belt"},{"floor":27.0,"key":"Ornamental Fan"},{"floor":29.0,"key":"Vajra"},{"floor":30.0,"key":"Red Mask"},{"floor":31.0,"key":"FossilizedHelix"},{"floor":32.0,"key":"Gambling Chip"},{"floor":40.0,"key":"Happy Flower"},{"floor":42.0,"key":"Oddly Smooth Stone"},{"floor":43.0,"key":"Strawberry"},{"floor":44.0,"key":"Bird Faced Urn"},{"floor":46.0,"key":"PreservedInsect"},{"floor":47.0,"key":"Pear"},{"floor":52.0,"key":"Singing Bowl"},{"floor":54.0,"key":"Prayer Wheel"}],"event_choices":[{"cards_removed":["Dualcast"],"damage_healed":0.0,"max_hp_gain":0.0,"max_hp_loss":0.0,"gold_gain":0.0,"event_name":"The Cleric","player_choice":"Card Removal","floor":2.0,"gold_loss":50.0,"damage_taken":0.0},{"damage_healed":0.0,"max_hp_gain":0.0,"max_hp_loss":0.0,"gold_gain":0.0,"event_name":"The Library","player_choice":"Read","floor":19.0,"gold_loss":0.0,"damage_taken":0.0,"cards_obtained":["Storm"]},{"damage_healed":0.0,"max_hp_gain":0.0,"max_hp_loss":0.0,"gold_gain":0.0,"event_name":"The Mausoleum","player_choice":"Opened","floor":21.0,"gold_loss":0.0,"damage_taken":0.0,"relics_obtained":["Dream Catcher"]},{"damage_healed":0.0,"max_hp_gain":0.0,"max_hp_loss":0.0,"gold_gain":0.0,"event_name":"Beggar","player_choice":"Ignored","floor":28.0,"gold_loss":0.0,"damage_taken":0.0},{"damage_healed":0.0,"max_hp_gain":0.0,"max_hp_loss":0.0,"gold_gain":0.0,"event_name":"Masked Bandits","player_choice":"Fought Bandits","floor":30.0,"gold_loss":0.0,"damage_taken":0.0},{"damage_healed":0.0,"max_hp_gain":0.0,"max_hp_loss":0.0,"gold_gain":0.0,"event_name":"SensoryStone","player_choice":"Memory 1","floor":36.0,"gold_loss":0.0,"damage_taken":0.0},{"cards_removed":["All For One"],"damage_healed":0.0,"max_hp_gain":0.0,"max_hp_loss":0.0,"gold_gain":0.0,"event_name":"WeMeetAgain","player_choice":"Gave Card","floor":37.0,"gold_loss":0.0,"damage_taken":0.0,"relics_obtained":["Tiny Chest"]}],"is_beta":false,"boss_relics":[{"not_picked":["Orrery","Philosopher\u0027s Stone"],"picked":"Fusion Hammer"},{"not_picked":["Sozu","Velvet Choker"],"picked":"Astrolabe"}],"items_purged_floors":[],"is_endless":false,"potions_floor_spawned":[4,8,11,13,14,16,18,22,38,40,41,47],"killed_by":"The Heart","ascension_level":6}