{"path_per_floor":["M","?","?","$","M","R","$","R","T","E","?","R","M","M","R","B",null,"M","?","?","M","?","R","M","M","T","R","?","M","$","M","R","B",null,"M","?","$","M","M","E","$","R","T","M","R","?","R","M","R"],"character_chosen":"DEFECT","items_purchased":["Static Discharge","Tempest","Static Discharge"],"gold_per_floor":[119,119,119,46,60,60,60,60,60,86,86,86,102,118,118,220,220,230,230,145,155,155,155,173,188,188,188,188,203,93,111,111,208,208,228,228,52,70,83,111,111,111,180,190,190,0,0,19,19,19],"floor_reached":50,"campfire_rested":5,"playtime":3415,"item_purchase_floors":[4,30,37],"current_hp_per_floor":[79,72,72,72,69,69,69,69,69,48,48,48,48,41,65,65,82,50,50,50,13,13,37,34,33,33,57,41,41,41,17,41,39,82,82,82,82,74,63,61,61,61,61,50,50,50,50,41,65,0],"items_purged":["Strike_B","Decay"],"gold":19,"score":545,"play_id":"a36737d1-603d-45e2-851b-79595a105eb0","local_time":"20180606232224","is_prod":false,"is_daily":false,"chose_seed":false,"is_ascension_mode":false,"campfire_upgraded":6,"win_rate":0,"timestamp":1528345344,"campfire_choices":[{"data":"Static Discharge","floor":6,"key":"SMITH"},{"data":"Zap","floor":8,"key":"SMITH"},{"data":"Dualcast","floor":12,"key":"SMITH"},{"floor":15,"key":"REST"},{"floor":23,"key":"REST"},{"floor":27,"key":"REST"},{"floor":32,"key":"REST"},{"data":"Creative AI","floor":42,"key":"SMITH"},{"data":"Buffer","floor":45,"key":"SMITH"},{"data":"Tempest","floor":47,"key":"SMITH"},{"floor":49,"key":"REST"}],"path_taken":["M","?","?","$","M","R","?","R","T","E","?","R","M","M","R","BOSS","M","?","?","M","?","R","?","M","T","R","?","M","?","M","R","BOSS","M","?","$","?","M","E","$","R","T","M","R","?","R","M","R","BOSS"],"build_version":"2018-05-31","seed_source_timestamp":297232105601185,"purchased_purges":2,"victory":false,"master_deck":["Strike_B","Defend_B","Defend_B","Defend_B","Defend_B","Zap+1","Dualcast+1","Streamline","Static Discharge+1","Turbo","All For One","Creative AI+1","BootSequence","Steam","Storm","Electrodynamics","Skim","Tempest+1","Storm+1","Buffer+1","Static Discharge","Storm","Static Discharge+1","Static Discharge+1","FTL+1"],"max_hp_per_floor":[82,82,82,82,82,82,82,82,82,82,82,82,82,82,82,82,82,82,82,82,82,82,82,82,82,82,82,82,82,82,82,82,82,82,82,82,82,82,82,82,82,82,82,82,82,82,82,82,82,82],"relics":["Cracked Core","Dodecahedron","Bronze Scales","Runic Pyramid","Anchor","Torii","Centennial Puzzle","Enchiridion","Nuclear Battery","Girya","Molten Egg 2","Red Mask"],"card_choices":[{"not_picked":["Force Field","Steam"],"picked":"Streamline","floor":1},{"not_picked":["Leap","Beam Cell"],"picked":"Turbo","floor":5},{"not_picked":["Stack","Reprogram"],"picked":"All For One","floor":10},{"not_picked":["Rip and Tear","Sunder","Streamline"],"picked":"SKIP","floor":13},{"not_picked":["Beam Cell","Steam","Ball Lightning"],"picked":"SKIP","floor":14},{"not_picked":["Echo Form","Thunder Strike"],"picked":"Creative AI","floor":16},{"not_picked":["Conserve Battery","Compile Driver+1"],"picked":"BootSequence","floor":18},{"not_picked":["Go for the Eyes","Streamline"],"picked":"Steam","floor":21},{"not_picked":["Reinforced Body","Go for the Eyes"],"picked":"Storm","floor":24},{"not_picked":["Consume","Barrage+1"],"picked":"Electrodynamics","floor":25},{"not_picked":["Sweeping Beam","Melter"],"picked":"Skim","floor":29},{"not_picked":["Fusion","Rebound"],"picked":"Storm+1","floor":31},{"not_picked":["Meteor Strike","Seek"],"picked":"Buffer","floor":33},{"not_picked":["Barrage+1","Steam+1","Stack"],"picked":"SKIP","floor":35},{"not_picked":["Melter+1","Hologram+1"],"picked":"Storm","floor":38},{"not_picked":["Beam Cell+1","Conserve Battery","Turbo+1"],"picked":"SKIP","floor":39},{"not_picked":["Turbo","Beam Cell+1"],"picked":"Static Discharge+1","floor":40},{"not_picked":["Hologram","Rebound+1"],"picked":"Static Discharge+1","floor":44},{"not_picked":["Melter+1","Ball Lightning+1"],"picked":"FTL+1","floor":48}],"player_experience":121303,"potions_floor_usage":[16,16,18,24,24,25,29,40,40,40,50],"damage_taken":[{"damage":3,"enemies":"2 Louse","floor":1,"turns":2},{"damage":3,"enemies":"Jaw Worm","floor":5,"turns":3},{"damage":21,"enemies":"Lagavulin","floor":10,"turns":4},{"damage":0,"enemies":"Small Slimes","floor":13,"turns":2},{"damage":7,"enemies":"Blue Slaver","floor":14,"turns":2},{"damage":0,"enemies":"Slime Boss","floor":16,"turns":6},{"damage":32,"enemies":"2 Thieves","floor":18,"turns":4},{"damage":37,"enemies":"Chosen","floor":21,"turns":6},{"damage":3,"enemies":"Sentry and Sphere","floor":24,"turns":5},{"damage":1,"enemies":"Centurion and Healer","floor":25,"turns":5},{"damage":0,"enemies":"Snake Plant","floor":29,"turns":2},{"damage":24,"enemies":"Slaver and Parasite","floor":31,"turns":4},{"damage":2,"enemies":"Collector","floor":33,"turns":6},{"damage":0,"enemies":"Orb Walker","floor":35,"turns":2},{"damage":8,"enemies":"3 Darklings","floor":38,"turns":4},{"damage":11,"enemies":"4 Shapes","floor":39,"turns":4},{"damage":2,"enemies":"Giant Head","floor":40,"turns":6},{"damage":11,"enemies":"Maw","floor":44,"turns":5},{"damage":9,"enemies":"3 Darklings","floor":48,"turns":3},{"damage":73,"enemies":"Awakened One","floor":50,"turns":4}],"relics_obtained":[{"floor":9,"key":"Dodecahedron"},{"floor":10,"key":"Bronze Scales"},{"floor":26,"key":"Centennial Puzzle"},{"floor":28,"key":"Enchiridion"},{"floor":40,"key":"Girya"},{"floor":43,"key":"Molten Egg 2"}],"event_choices":[{"event_name":"Golden Wing","player_choice":"Card Removal","floor":2,"damage_taken":0},{"event_name":"The Woman in Blue","player_choice":"Bought 0 Potions","floor":3,"damage_taken":0},{"event_name":"Bonfire Elementals","player_choice":"BASIC","floor":11,"damage_taken":0},{"event_name":"The Mausoleum","player_choice":"Yes","floor":19,"damage_taken":0},{"event_name":"Addict","player_choice":"Obtained Relic","floor":20,"damage_taken":0},{"event_name":"The Lab","player_choice":"Got Potions","floor":22,"damage_taken":0},{"event_name":"Cursed Tome","player_choice":"Obtained Book","floor":28,"damage_taken":0},{"event_name":"Wheel of Change","player_choice":"Curse","floor":36,"damage_taken":0},{"event_name":"Tomb of Lord Red Mask","player_choice":"Paid","floor":46,"damage_taken":0}],"boss_relics":[{"not_picked":["Runic Dome","Inserter"],"picked":"Runic Pyramid"},{"not_picked":["Philosopher\u0027s Stone","Snecko Eye"],"picked":"Nuclear Battery"}],"items_purged_floors":[30,37],"potions_floor_spawned":[1,13,14,18,24,31,33,38,39,48],"seed_played":"-5056696301912179789","killed_by":"Awakened One","ascension_level":0,"potions_obtained":[{"floor":1,"key":"Dexterity Potion"},{"floor":13,"key":"Explosive Potion"},{"floor":14,"key":"Poison Potion"},{"floor":18,"key":"Dexterity Potion"},{"floor":22,"key":"PowerPotion"},{"floor":22,"key":"Energy Potion"},{"floor":22,"key":"EssenceOfSteel"},{"floor":24,"key":"Energy Potion"},{"floor":31,"key":"FearPotion"},{"floor":33,"key":"SteroidPotion"},{"floor":38,"key":"Energy Potion"},{"floor":39,"key":"PowerPotion"},{"floor":48,"key":"Weak Potion"}],"is_trial":false}