{"gold_per_floor":[110,110,126,226,250,289,302,317,317,342,292,292,292,316,316,316],"floor_reached":16,"playtime":768,"items_purged":[],"score":104,"play_id":"bedeb70a-4d0e-41f9-9193-d7637433d218","local_time":"20190216223904","is_ascension_mode":false,"campfire_choices":[{"data":"Fire Breathing","floor":13,"key":"SMITH"},{"floor":15,"key":"REST"}],"neow_cost":"NONE","seed_source_timestamp":40601769564583,"circlet_count":0,"master_deck":["Strike_R","Strike_R","Strike_R","Strike_R","Defend_R","Defend_R","Defend_R","Defend_R","Bash","Immolate","Infernal Blade","Carnage","Fire Breathing+1","Uppercut","Perfected Strike","Headbutt","Flex","Heavy Blade"],"relics":["Burning Blood","Golden Idol","Meat on the Bone","Bottled Tornado","Shuriken"],"potions_floor_usage":[6,16,16],"damage_taken":[{"damage":7,"enemies":"Small Slimes","floor":1,"turns":2},{"damage":0,"enemies":"Cultist","floor":3,"turns":2},{"damage":3,"enemies":"2 Louse","floor":5,"turns":1},{"damage":40,"enemies":"Gremlin Nob","floor":6,"turns":5},{"damage":14,"enemies":"Blue Slaver","floor":7,"turns":4},{"damage":0,"enemies":"Gremlin Gang","floor":8,"turns":1},{"damage":17,"enemies":"Looter","floor":10,"turns":3},{"damage":12,"enemies":"Exordium Wildlife","floor":14,"turns":3},{"damage":75,"enemies":"The Guardian","floor":16,"turns":13}],"seed_played":"-1358126771471929782","potions_obtained":[{"floor":3,"key":"SteroidPotion"},{"floor":8,"key":"EssenceOfSteel"},{"floor":14,"key":"GamblersBrew"}],"is_trial":false,"path_per_floor":["M","?","M","?","M","E","M","M","T","M","?","T","R","M","R","B"],"character_chosen":"IRONCLAD","items_purchased":[],"campfire_rested":1,"item_purchase_floors":[],"current_hp_per_floor":[79,59,65,65,68,34,38,56,56,57,57,57,57,51,75,0],"gold":316,"neow_bonus":"ONE_RANDOM_RARE_CARD","is_prod":false,"is_daily":false,"chose_seed":false,"campfire_upgraded":1,"win_rate":0,"timestamp":1550374744,"path_taken":["M","?","M","?","M","E","M","?","T","?","?","?","R","M","R","BOSS"],"build_version":"2019-01-23","purchased_purges":0,"victory":false,"max_hp_per_floor":[80,80,80,80,80,80,80,80,80,80,80,80,80,80,80,80],"card_choices":[{"not_picked":["Twin Strike","Heavy Blade"],"picked":"Infernal Blade","floor":1},{"not_picked":["Rupture","True Grit"],"picked":"Carnage","floor":3},{"not_picked":["Seeing Red","Searing Blow"],"picked":"Fire Breathing","floor":5},{"not_picked":["Combust","Wild Strike"],"picked":"Uppercut","floor":6},{"not_picked":["Power Through","Sword Boomerang"],"picked":"Perfected Strike","floor":7},{"not_picked":["True Grit","Twin Strike"],"picked":"Headbutt","floor":8},{"not_picked":["Twin Strike","Pummel"],"picked":"Flex","floor":10},{"not_picked":["Pummel","Sever Soul"],"picked":"Heavy Blade","floor":14}],"player_experience":81824,"relics_obtained":[{"floor":6,"key":"Meat on the Bone"},{"floor":9,"key":"Bottled Tornado"},{"floor":12,"key":"Shuriken"}],"event_choices":[{"damage_healed":0,"gold_gain":0,"player_choice":"Take Damage","damage_taken":20,"relics_obtained":["Golden Idol"],"max_hp_gain":0,"max_hp_loss":0,"event_name":"Golden Idol","floor":2,"gold_loss":0},{"damage_healed":0,"gold_gain":100,"player_choice":"Pray","damage_taken":0,"max_hp_gain":0,"max_hp_loss":0,"event_name":"Golden Shrine","floor":4,"gold_loss":0},{"cards_removed":["Strike_R"],"damage_healed":0,"gold_gain":0,"player_choice":"Card Removal","damage_taken":0,"max_hp_gain":0,"max_hp_loss":0,"event_name":"The Cleric","floor":11,"gold_loss":50}],"is_beta":false,"boss_relics":[],"items_purged_floors":[],"is_endless":false,"potions_floor_spawned":[3,8,14],"killed_by":"The Guardian","ascension_level":0}