{"gold_per_floor":[118,129,129,204,50,50,66,85,85,85,103,103,103,32,32,32],"floor_reached":16,"playtime":1198,"items_purged":["Writhe"],"score":122,"play_id":"39f83624-e1e7-4160-8080-dadb321ce068","local_time":"20180827224047","is_ascension_mode":true,"campfire_choices":[{"floor":6,"key":"REST"},{"floor":15,"key":"REST"}],"neow_cost":"CURSE","seed_source_timestamp":1015575845848949,"circlet_count":0,"master_deck":["Defend_G","Defend_G+1","Defend_G","Defend_G","Defend_G","Strike_G","Strike_G","Strike_G","Strike_G","Strike_G","Survivor","Neutralize+1","Night Terror","Crippling Poison","Dagger Spray","Die Die Die","Setup","Deadly Poison","Burst"],"relics":["Ring of the Snake","Pen Nib","Golden Idol","Frozen Egg 2","Paper Crane"],"potions_floor_usage":[16,16],"damage_taken":[{"damage":1,"enemies":"Cultist","floor":1,"turns":5},{"damage":1,"enemies":"Small Slimes","floor":2,"turns":6},{"damage":0,"enemies":"Jaw Worm","floor":7,"turns":4},{"damage":2,"enemies":"Blue Slaver","floor":8,"turns":5},{"damage":0,"enemies":"3 Louse","floor":11,"turns":1},{"damage":68,"enemies":"Slime Boss","floor":16,"turns":15}],"seed_played":"-4917905701180754079","potions_obtained":[{"floor":1,"key":"SmokeBomb"},{"floor":7,"key":"Weak Potion"},{"floor":11,"key":"GamblersBrew"}],"is_trial":false,"path_per_floor":["M","M","?","?","$","R","M","M","T","?","M","T","?","$","R"],"character_chosen":"THE_SILENT","items_purchased":["Die Die Die","Burst"],"campfire_rested":2,"item_purchase_floors":[5,14],"current_hp_per_floor":[62,61,47,36,36,57,57,55,55,55,55,55,48,48,65,0],"gold":32,"neow_bonus":"THREE_RARE_CARDS","is_prod":false,"is_daily":false,"chose_seed":false,"campfire_upgraded":0,"win_rate":0,"timestamp":1535427647,"path_taken":["M","?","?","?","?","R","M","M","T","?","M","?","?","$","R","BOSS"],"build_version":"2018-08-23v2","purchased_purges":1,"victory":false,"max_hp_per_floor":[70,70,70,70,70,70,70,70,70,65,65,65,65,65,65,65],"card_choices":[{"not_picked":["Glass Knife","After Image"],"picked":"Night Terror","floor":0},{"not_picked":["Reflex","Blade Dance"],"picked":"Crippling Poison","floor":1},{"not_picked":["PiercingWail","Flying Knee"],"picked":"Dagger Spray","floor":2},{"not_picked":["Outmaneuver","Cloak And Dagger"],"picked":"Setup","floor":7},{"not_picked":["Crippling Poison","Poisoned Stab","PiercingWail"],"picked":"SKIP","floor":8},{"not_picked":["Quick Slash","Infinite Blades"],"picked":"Deadly Poison","floor":11}],"player_experience":354607,"relics_obtained":[{"floor":9,"key":"Pen Nib"},{"floor":12,"key":"Frozen Egg 2"}],"event_choices":[{"event_name":"Shining Light","player_choice":"Entered Light","floor":3,"damage_taken":0},{"event_name":"World of Goop","player_choice":"Gather Gold","floor":4,"damage_taken":0},{"event_name":"Golden Idol","player_choice":"Lose Max HP","floor":10,"damage_taken":0},{"event_name":"Scrap Ooze","player_choice":"success","floor":13,"damage_taken":7}],"is_beta":false,"boss_relics":[],"items_purged_floors":[5],"is_endless":false,"potions_floor_spawned":[1,7,11],"killed_by":"Slime Boss","ascension_level":7}