{"gold_per_floor":[113,113,113,132,155,155,176,176,176,33,58,96,109,36,36,164,164,185,209,239,239,28,28,68,68,92,92,111,147,147,47,47,166,166,182,307,334,92,113,113,133,133,159,173,207,234,248,71,71,71],"floor_reached":51,"playtime":1941,"items_purged":["Strike_R","Defend_R","Defend_R"],"score":1213,"play_id":"2e4b5af3-1bf3-464b-8dca-bfe3f6754c4d","local_time":"20190206142205","is_ascension_mode":true,"campfire_choices":[{"data":"Bash","floor":6.0,"key":"SMITH"},{"data":"Rampage","floor":8.0,"key":"SMITH"},{"data":"Limit Break","floor":15,"key":"SMITH"},{"data":"Spot Weakness","floor":23,"key":"SMITH"},{"data":"Metallicize","floor":25,"key":"SMITH"},{"data":"Metallicize","floor":27,"key":"SMITH"},{"data":"Shrug It Off","floor":30,"key":"SMITH"},{"data":"Shrug It Off","floor":32,"key":"SMITH"},{"data":"Ghostly Armor","floor":40,"key":"SMITH"},{"data":"Battle Trance","floor":42,"key":"SMITH"},{"data":"Battle Trance","floor":49,"key":"SMITH"}],"neow_cost":"NONE","seed_source_timestamp":352524258366160,"circlet_count":0,"master_deck":["AscendersBane","Strike_R","Defend_R+1","Defend_R+1","Bash+1","Battle Trance+1","Dropkick","Spot Weakness+1","Rampage+1","Limit Break+1","Battle Trance+1","Metallicize+1","Intimidate+1","Uppercut+1","Reaper+1","Shrug It Off+1","Metallicize+1","Dropkick+1","Ghostly Armor+1","Shrug It Off+1","Heavy Blade+1"],"special_seed":0,"relics":["Burning Blood","Gremlin Horn","Golden Idol","Anchor","Odd Mushroom","War Paint","Astrolabe","Tiny Chest","Molten Egg 2","Lantern","Happy Flower","Magic Flower","Velvet Choker","Charon\u0027s Ashes","Pen Nib","Dodecahedron","Ancient Tea Set","Pear","Dream Catcher"],"potions_floor_usage":[16,19,29,29,44,50,50],"damage_taken":[{"damage":5.0,"enemies":"Small Slimes","floor":1.0,"turns":3.0},{"damage":9.0,"enemies":"2 Louse","floor":4.0,"turns":3.0},{"damage":4.0,"enemies":"Jaw Worm","floor":5.0,"turns":3.0},{"damage":11.0,"enemies":"3 Louse","floor":7.0,"turns":4.0},{"damage":0.0,"enemies":"The Mushroom Lair","floor":11.0,"turns":5.0},{"damage":25.0,"enemies":"Lagavulin","floor":12.0,"turns":7.0},{"damage":3.0,"enemies":"Blue Slaver","floor":13.0,"turns":4.0},{"damage":27,"enemies":"Hexaghost","floor":16,"turns":7},{"damage":12,"enemies":"Shell Parasite","floor":18,"turns":6},{"damage":13,"enemies":"Spheric Guardian","floor":19,"turns":6},{"damage":21,"enemies":"Gremlin Leader","floor":24,"turns":7},{"damage":17,"enemies":"Snake Plant","floor":28,"turns":5},{"damage":60,"enemies":"Slavers","floor":29,"turns":10},{"damage":35,"enemies":"Collector","floor":33,"turns":10},{"damage":1,"enemies":"Orb Walker","floor":35,"turns":4},{"damage":8,"enemies":"Mind Bloom Boss Battle","floor":36,"turns":6},{"damage":7,"enemies":"3 Darklings","floor":39,"turns":4},{"damage":19,"enemies":"Writhing Mass","floor":41,"turns":5},{"damage":0,"enemies":"Spire Growth","floor":44,"turns":6},{"damage":0,"enemies":"Nemesis","floor":45,"turns":5},{"damage":4,"enemies":"4 Shapes","floor":47,"turns":4},{"damage":9,"enemies":"Time Eater","floor":50,"turns":7}],"seed_played":"-3459599920910387611","potions_obtained":[{"floor":5.0,"key":"Block Potion"},{"floor":7.0,"key":"Ancient Potion"},{"floor":18,"key":"Block Potion"},{"floor":28,"key":"BloodPotion"},{"floor":36,"key":"SkillPotion"},{"floor":44,"key":"Regen Potion"}],"is_trial":false,"path_per_floor":["M","?","?","M","M","R","M","R","T","$","?","E","M","$","R","B",null,"M","M","?","T","$","R","E","R","T","R","M","E","R","$","R","B",null,"M","?","T","$","M","R","M","R","T","M","E","T","M","$","R","B",null],"character_chosen":"IRONCLAD","items_purchased":["Limit Break","Metallicize","Metallicize","Dropkick+1","Dodecahedron","Block Potion"],"campfire_rested":0,"item_purchase_floors":[10,14,22,22,38,48],"current_hp_per_floor":[81,78,56,53,55,55,50,50,50,50,56,37,40,40,40,19,71,78,76,76,76,76,76,70,70,70,70,59,88,88,88,88,88,88,88,88,88,88,88,88,88,88,88,88,98,98,98,98,98,98],"gold":71,"neow_bonus":"TEN_PERCENT_HP_BONUS","is_prod":false,"is_daily":false,"chose_seed":false,"campfire_upgraded":11,"win_rate":0,"timestamp":1549473725,"path_taken":["M","?","?","M","M","R","?","R","T","$","?","E","M","$","R","BOSS","M","M","?","?","$","R","E","R","T","R","M","E","R","?","R","BOSS","M","?","?","$","?","R","M","R","T","?","E","?","M","$","R","BOSS"],"build_version":"2018-11-15","purchased_purges":3,"victory":true,"max_hp_per_floor":[88,88,88,88,88,88,88,88,88,88,88,88,88,88,88,88,88,88,88,88,88,88,88,88,88,88,88,88,88,88,88,88,88,88,88,88,88,88,88,88,88,88,88,88,98,98,98,98,98,98],"card_choices":[{"not_picked":["Anger","Hemokinesis"],"picked":"Battle Trance","floor":1.0},{"not_picked":["Twin Strike","Clothesline"],"picked":"Dropkick","floor":4.0},{"not_picked":["Entrench","Reckless Charge"],"picked":"Spot Weakness","floor":5.0},{"not_picked":["Headbutt","Combust"],"picked":"Rampage","floor":7.0},{"not_picked":["Twin Strike","Rupture"],"picked":"Battle Trance","floor":12.0},{"not_picked":["Pummel","Sword Boomerang","Body Slam"],"picked":"SKIP","floor":13.0},{"not_picked":["Pommel Strike","Thunderclap+1","Sword Boomerang"],"picked":"SKIP","floor":18},{"not_picked":["Wild Strike","Shockwave"],"picked":"Shrug It Off","floor":19},{"not_picked":["Wild Strike+1","Combust"],"picked":"Ghostly Armor","floor":24},{"not_picked":["Rupture","Body Slam+1"],"picked":"Shrug It Off","floor":28},{"not_picked":["Warcry","Barricade","Battle Trance"],"picked":"SKIP","floor":29},{"not_picked":["Havoc","Sword Boomerang+1","Spot Weakness"],"picked":"SKIP","floor":35},{"not_picked":["Flame Barrier","Warcry"],"picked":"Heavy Blade+1","floor":36},{"not_picked":["Hemokinesis+1","Rupture","Sword Boomerang+1"],"picked":"SKIP","floor":39},{"not_picked":["Heavy Blade+1","Sword Boomerang+1","Warcry+1"],"picked":"SKIP","floor":41},{"not_picked":["Infernal Blade","Wild Strike+1","Brutality"],"picked":"SKIP","floor":44},{"not_picked":["Burning Pact","Cleave+1","True Grit"],"picked":"SKIP","floor":45},{"not_picked":["Clash+1","Pommel Strike+1","Armaments"],"picked":"SKIP","floor":47}],"player_experience":91993,"relics_obtained":[{"floor":9.0,"key":"Anchor"},{"floor":11.0,"key":"Odd Mushroom"},{"floor":12.0,"key":"War Paint"},{"floor":21,"key":"Molten Egg 2"},{"floor":24,"key":"Lantern"},{"floor":26,"key":"Happy Flower"},{"floor":29,"key":"Magic Flower"},{"floor":36,"key":"Charon\u0027s Ashes"},{"floor":37,"key":"Pen Nib"},{"floor":43,"key":"Ancient Tea Set"},{"floor":45,"key":"Pear"},{"floor":46,"key":"Dream Catcher"}],"event_choices":[{"damage_healed":0.0,"max_hp_gain":0.0,"max_hp_loss":0.0,"gold_gain":0.0,"event_name":"Scrap Ooze","player_choice":"Success","floor":2.0,"gold_loss":0.0,"damage_taken":3.0,"relics_obtained":["Gremlin Horn"]},{"damage_healed":0.0,"max_hp_gain":0.0,"max_hp_loss":0.0,"gold_gain":0.0,"event_name":"Golden Idol","player_choice":"Take Damage","floor":3.0,"gold_loss":0.0,"damage_taken":22.0,"relics_obtained":["Golden Idol"]},{"damage_healed":0.0,"max_hp_gain":0.0,"max_hp_loss":0.0,"gold_gain":0.0,"event_name":"Mushrooms","player_choice":"Fought Mushrooms","floor":11.0,"gold_loss":0.0,"damage_taken":0.0},{"damage_healed":0,"gold_gain":0,"player_choice":"Opened","damage_taken":0,"relics_obtained":["Tiny Chest"],"max_hp_gain":0,"max_hp_loss":0,"event_name":"The Mausoleum","floor":20,"gold_loss":0},{"damage_healed":0,"gold_gain":0,"player_choice":"Fight","damage_taken":0,"max_hp_gain":0,"max_hp_loss":0,"event_name":"MindBloom","floor":36,"gold_loss":0}],"is_beta":false,"boss_relics":[{"not_picked":["Calling Bell","Runic Cube"],"picked":"Astrolabe"},{"not_picked":["Snecko Eye","White Beast Statue"],"picked":"Velvet Choker"}],"items_purged_floors":[22,31,48],"is_endless":false,"potions_floor_spawned":[5,7,11,13,18,28,36,44],"ascension_level":12}