{"gold_per_floor":[218,218,21,21,21,21,31,31,57,69,69,103,121,137,137,242,242,256,266,277,277,289,289,319,319,319,335,335,34,34,34,34,34],"floor_reached":33,"playtime":2350,"items_purged":[],"score":330,"play_id":"d4f91ac2-96f0-46b1-8ad3-02817c5198fb","local_time":"20180706184633","is_ascension_mode":true,"campfire_choices":[{"data":"Bash","floor":6.0,"key":"SMITH"},{"data":"Body Slam","floor":8.0,"key":"SMITH"},{"data":"Iron Wave","floor":11.0,"key":"SMITH"},{"data":"Searing Blow","floor":15.0,"key":"SMITH"},{"data":"Offering","floor":23,"key":"SMITH"},{"data":"Feel No Pain","floor":25,"key":"SMITH"},{"data":"Body Slam","floor":28,"key":"SMITH"},{"data":"Searing Blow+1","floor":30,"key":"SMITH"},{"data":"Searing Blow+2","floor":32,"key":"SMITH"}],"neow_cost":"NONE","seed_source_timestamp":0,"circlet_count":0,"master_deck":["Strike_R","Strike_R","Strike_R","Defend_R+1","Defend_R","Defend_R","Defend_R+1","Bash+1","Iron Wave+1","Body Slam+1","Twin Strike","Searing Blow+3","Headbutt","Offering+1","Feel No Pain+1","Shrug It Off","Ghostly","Ghostly","Ghostly","Ghostly","Ghostly","Body Slam+1","Body Slam+1"],"special_seed":0,"relics":["Burning Blood","Medical Kit","War Paint","Oddly Smooth Stone","Sozu","Darkstone Periapt","Sundial"],"potions_floor_usage":[33],"damage_taken":[{"damage":0.0,"enemies":"Small Slimes","floor":1.0,"turns":4.0},{"damage":3.0,"enemies":"2 Louse","floor":7.0,"turns":3.0},{"damage":2.0,"enemies":"Cultist","floor":10.0,"turns":4.0},{"damage":8.0,"enemies":"Lagavulin","floor":12.0,"turns":4.0},{"damage":8.0,"enemies":"Red Slaver","floor":13.0,"turns":2.0},{"damage":8.0,"enemies":"Looter","floor":14.0,"turns":3.0},{"damage":45.0,"enemies":"The Guardian","floor":16.0,"turns":12.0},{"damage":14,"enemies":"2 Thieves","floor":18,"turns":4},{"damage":16,"enemies":"Shell Parasite","floor":19,"turns":3},{"damage":18,"enemies":"Centurion and Healer","floor":20,"turns":4},{"damage":7,"enemies":"Snake Plant","floor":22,"turns":6},{"damage":5,"enemies":"Book of Stabbing","floor":24,"turns":6},{"damage":5,"enemies":"Snecko","floor":27,"turns":5},{"damage":41,"enemies":"Champ","floor":33,"turns":9}],"seed_played":"-240923351446363804","potions_obtained":[{"floor":10.0,"key":"AttackPotion"},{"floor":16.0,"key":"Explosive Potion"}],"is_trial":false,"path_per_floor":["M","?","$","?","?","R","M","R","T","M","R","E","M","M","R","B",null,"M","M","M","?","M","R","E","R","T","M","R","$","R","?","R"],"character_chosen":"IRONCLAD","items_purchased":["Medical Kit","Sundial"],"campfire_rested":0,"item_purchase_floors":[3,29],"current_hp_per_floor":[80,73,73,73,73,73,76,76,76,80,80,78,76,74,74,35,80,72,62,50,40,39,39,40,40,40,40,40,40,40,40,40,0],"gold":34,"neow_bonus":"HUNDRED_GOLD","is_prod":false,"is_daily":false,"chose_seed":false,"campfire_upgraded":9,"win_rate":0,"timestamp":1530920793,"path_taken":["M","?","$","?","?","R","?","R","T","M","R","E","M","M","R","BOSS","M","M","M","?","M","R","E","R","T","M","R","?","R","?","R","BOSS"],"build_version":"2018-07-05","purchased_purges":0,"victory":false,"max_hp_per_floor":[80,80,80,80,80,80,80,80,80,80,80,80,80,80,80,80,80,80,80,80,40,40,40,40,40,40,40,40,40,40,40,40,40],"card_choices":[{"not_picked":["Blood for Blood","Heavy Blade"],"picked":"Iron Wave","floor":1.0},{"not_picked":["Rage","Havoc"],"picked":"Body Slam","floor":7.0},{"not_picked":["Seeing Red","Perfected Strike"],"picked":"Twin Strike","floor":10.0},{"not_picked":["Perfected Strike","Anger"],"picked":"Searing Blow","floor":12.0},{"not_picked":["Perfected Strike","Flex"],"picked":"Headbutt","floor":13.0},{"not_picked":["Flex","Perfected Strike","Thunderclap"],"picked":"SKIP","floor":14.0},{"not_picked":["Fiend Fire","Berserk"],"picked":"Offering","floor":16.0},{"not_picked":["Perfected Strike","Body Slam","Clash"],"picked":"SKIP","floor":18},{"not_picked":["Flex","Perfected Strike+1"],"picked":"Feel No Pain","floor":19},{"not_picked":["Wild Strike","Clash"],"picked":"Shrug It Off","floor":20},{"not_picked":["Twin Strike","Cleave"],"picked":"Body Slam","floor":22},{"not_picked":["Cleave+1","Heavy Blade","Sword Boomerang+1"],"picked":"SKIP","floor":24},{"not_picked":["Twin Strike","Iron Wave"],"picked":"Body Slam+1","floor":27}],"player_experience":254606,"relics_obtained":[{"floor":9.0,"key":"War Paint"},{"floor":12.0,"key":"Oddly Smooth Stone"},{"floor":26,"key":"Darkstone Periapt"}],"event_choices":[{"event_name":"Golden Wing","player_choice":"Card Removal","floor":2.0,"damage_taken":0.0},{"event_name":"Wheel of Change","player_choice":"Card Removal","floor":4.0,"damage_taken":0.0},{"event_name":"Accursed Blacksmith","player_choice":"Ignore","floor":5.0,"damage_taken":0.0},{"event_name":"Ghosts","player_choice":"Became a Ghost","floor":21,"damage_taken":0},{"event_name":"Vampires","player_choice":"Ignored","floor":31,"damage_taken":0}],"boss_relics":[{"not_picked":["Orrery","Calling Bell"],"picked":"Sozu"}],"items_purged_floors":[],"is_endless":false,"potions_floor_spawned":[10,16,18,24],"killed_by":"Champ","ascension_level":3}