{"gold_per_floor":[11,21,21,21,33,33,65,85,85,85,85,101,67,67,67,67],"floor_reached":16,"playtime":502,"items_purged":[],"score":100,"play_id":"3d4b3bc4-ea5b-4238-a9f2-27024b8dafa9","local_time":"20181114065557","is_ascension_mode":false,"campfire_choices":[{"data":"Dramatic Entrance","floor":6,"key":"SMITH"},{"floor":10,"key":"REST"},{"floor":15,"key":"REST"}],"neow_cost":"NO_GOLD","seed_source_timestamp":19943898657467,"circlet_count":0,"master_deck":["Strike_R","Strike_R","Strike_R","Strike_R","Defend_R","Defend_R","Defend_R","Defend_R","Bash","Purity","Dramatic Entrance+1","Thunderclap","Pommel Strike","Flex","Shockwave","Flame Barrier","Rupture"],"relics":["Burning Blood","Bag of Preparation","Sundial"],"potions_floor_usage":[],"damage_taken":[{"damage":2,"enemies":"2 Louse","floor":1,"turns":2},{"damage":1,"enemies":"Cultist","floor":2,"turns":3},{"damage":11,"enemies":"Jaw Worm","floor":5,"turns":3},{"damage":40,"enemies":"Gremlin Nob","floor":7,"turns":5},{"damage":11,"enemies":"Exordium Thugs","floor":8,"turns":4},{"damage":7,"enemies":"Red Slaver","floor":12,"turns":4},{"damage":0,"enemies":"Hexaghost","floor":16,"turns":1}],"seed_played":"6001433852192400109","potions_obtained":[{"floor":5,"key":"FearPotion"},{"floor":8,"key":"Block Potion"},{"floor":12,"key":"AttackPotion"}],"is_trial":false,"path_per_floor":["M","M","?","$","M","R","E","M","T","R","?","M","$","?","R","B"],"character_chosen":"IRONCLAD","items_purchased":["Rupture"],"campfire_rested":2,"item_purchase_floors":[13],"current_hp_per_floor":[80,80,80,80,75,75,41,36,36,60,60,59,59,59,80,80],"gold":67,"neow_bonus":"RANDOM_COLORLESS_2","is_prod":false,"is_daily":false,"chose_seed":false,"campfire_upgraded":1,"win_rate":0.0,"timestamp":1542167757,"path_taken":["M","M","?","?","M","R","E","M","T","R","?","?","?","?","R","BOSS"],"build_version":"2018-11-08","purchased_purges":0,"victory":false,"max_hp_per_floor":[80,80,80,80,80,80,80,80,80,80,80,80,80,80,80,80],"card_choices":[{"not_picked":["Clash","Headbutt"],"picked":"Thunderclap","floor":1},{"not_picked":["Sentinel","Wild Strike"],"picked":"Pommel Strike","floor":2},{"not_picked":["Sever Soul","Heavy Blade"],"picked":"Shockwave","floor":5},{"not_picked":["Uppercut","Thunderclap","Heavy Blade"],"picked":"SKIP","floor":7},{"not_picked":["Bloodletting","Offering","Cleave"],"picked":"SKIP","floor":8},{"not_picked":["Iron Wave","Anger"],"picked":"Flame Barrier","floor":12}],"player_experience":145059,"relics_obtained":[{"floor":7,"key":"Bag of Preparation"},{"floor":9,"key":"Sundial"}],"event_choices":[{"damage_healed":0,"gold_gain":0,"cards_transformed":["Strike_R"],"player_choice":"Transformed","damage_taken":0,"max_hp_gain":0,"max_hp_loss":0,"event_name":"Transmorgrifier","floor":3,"gold_loss":0,"cards_obtained":["Flex"]},{"damage_healed":0,"gold_gain":0,"player_choice":"Bought 0 Potions","damage_taken":0,"max_hp_gain":0,"max_hp_loss":0,"event_name":"The Woman in Blue","floor":11,"gold_loss":0},{"damage_healed":0,"gold_gain":0,"player_choice":"Ignored","damage_taken":0,"max_hp_gain":0,"max_hp_loss":0,"event_name":"Liars Game","floor":14,"gold_loss":0}],"is_beta":false,"boss_relics":[],"items_purged_floors":[],"is_endless":false,"potions_floor_spawned":[5,8,12],"killed_by":"Hexaghost","ascension_level":0}