{"gold_per_floor":[19,36,111,128,128,128,155,181,274,286,316,328,340,53,53,53],"floor_reached":16,"playtime":1416,"items_purged":["Defend_G"],"score":98,"play_id":"39c72d70-c1f1-4f5b-8259-74379b1ef379","local_time":"20190126182458","is_ascension_mode":false,"campfire_choices":[{"floor":6,"key":"REST"},{"data":"Purity","floor":10,"key":"SMITH"},{"data":"Doppelganger","floor":13,"key":"SMITH"},{"data":"Well Laid Plans","floor":15,"key":"SMITH"}],"neow_cost":"NO_GOLD","seed_source_timestamp":1111635116370659,"circlet_count":0,"master_deck":["Defend_G","Defend_G","Defend_G","Defend_G","Strike_G","Strike_G","Strike_G","Strike_G","Survivor","Neutralize","Purity+1","Dramatic Entrance","Catalyst","All Out Attack","Prepared","Doppelganger+1","Escape Plan","Well Laid Plans+1"],"relics":["Ring of the Snake","Potion Belt","MawBank","Singing Bowl","Juzu Bracelet"],"potions_floor_usage":[7,7,16],"damage_taken":[{"damage":0,"enemies":"Jaw Worm","floor":1,"turns":3},{"damage":0,"enemies":"2 Louse","floor":2,"turns":2},{"damage":0,"enemies":"Cultist","floor":4,"turns":4},{"damage":29,"enemies":"Gremlin Nob","floor":7,"turns":4},{"damage":5,"enemies":"2 Fungi Beasts","floor":11,"turns":3},{"damage":59,"enemies":"The Guardian","floor":16,"turns":21}],"seed_played":"-2672658410409006990","potions_obtained":[{"floor":1,"key":"Swift Potion"},{"floor":4,"key":"SteroidPotion"},{"floor":11,"key":"Energy Potion"}],"is_trial":false,"path_per_floor":["M","M","?","M","?","R","E","T","T","R","M","?","R","$","R","B"],"character_chosen":"THE_SILENT","items_purchased":["Juzu Bracelet","Well Laid Plans"],"campfire_rested":1,"item_purchase_floors":[14,14],"current_hp_per_floor":[70,70,59,59,59,70,41,41,41,41,36,59,59,59,59,0],"gold":53,"neow_bonus":"RANDOM_COLORLESS_2","is_prod":false,"is_daily":false,"chose_seed":false,"campfire_upgraded":3,"win_rate":0,"timestamp":1548548698,"path_taken":["M","M","?","M","?","R","E","?","T","R","M","?","R","?","R","BOSS"],"build_version":"2019-01-23","purchased_purges":1,"victory":false,"max_hp_per_floor":[70,70,70,70,70,70,70,70,70,70,70,70,70,70,70,70],"card_choices":[{"not_picked":["Crippling Poison","Infinite Blades"],"picked":"Catalyst","floor":1},{"not_picked":["All Out Attack","Outmaneuver","Bane"],"picked":"SKIP","floor":2},{"not_picked":["Outmaneuver","Bane"],"picked":"All Out Attack","floor":2},{"not_picked":["Distraction","Backflip"],"picked":"Prepared","floor":4},{"not_picked":["Finisher","Endless Agony"],"picked":"Doppelganger","floor":7},{"not_picked":["Flying Knee","Dagger Spray"],"picked":"Escape Plan","floor":11}],"player_experience":469744,"relics_obtained":[{"floor":7,"key":"Potion Belt"},{"floor":8,"key":"MawBank"},{"floor":9,"key":"Singing Bowl"}],"event_choices":[{"damage_healed":0,"gold_gain":75,"player_choice":"Gather Gold","damage_taken":11,"max_hp_gain":0,"max_hp_loss":0,"event_name":"World of Goop","floor":3,"gold_loss":0},{"cards_removed":["Strike_G"],"damage_healed":0,"gold_gain":0,"player_choice":"Forget","damage_taken":0,"max_hp_gain":0,"max_hp_loss":0,"event_name":"Living Wall","floor":5,"gold_loss":0},{"damage_healed":23,"gold_gain":0,"player_choice":"Banana","damage_taken":0,"max_hp_gain":0,"max_hp_loss":0,"event_name":"Big Fish","floor":12,"gold_loss":0}],"is_beta":false,"boss_relics":[],"items_purged_floors":[14],"is_endless":false,"potions_floor_spawned":[1,4,11],"killed_by":"The Guardian","ascension_level":0}