{"gold_per_floor":[110,128,128,146,146,180,180,199,199,209,175,239,2,22,22,123,123,136,136,155,166,166,166,0,0,0,0,0,11,11,27,27,126,126,136,150,4,21,38,38,38,56,56,88,100,117,136,152,152,152],"floor_reached":51,"playtime":4961,"items_purged":["Pain"],"score":660,"play_id":"a29e8c4c-9bed-498d-a150-25380b514531","local_time":"20180715063435","is_ascension_mode":false,"campfire_choices":[{"floor":7.0,"key":"REST"},{"data":"Thunderclap","floor":15.0,"key":"SMITH"},{"floor":23.0,"key":"REST"},{"floor":25.0,"key":"REST"},{"floor":27.0,"key":"DIG"},{"floor":30.0,"key":"DIG"},{"floor":32.0,"key":"DIG"},{"floor":40.0,"key":"DIG"},{"floor":49.0,"key":"DIG"}],"neow_cost":"NONE","seed_source_timestamp":648908920538364,"circlet_count":0,"master_deck":["Strike_R","Strike_R","Strike_R","Strike_R","Strike_R","Defend_R","Defend_R","Defend_R","Defend_R","Bash+1","Pommel Strike","Clash","Body Slam+1","Limit Break+1","Clothesline","Clash","Inflame","Thunderclap+1","Sentinel+1","Flame Barrier+1","Bludgeon","Writhe","Clumsy","Shrug It Off+1","Shrug It Off+1","True Grit+1","Armaments+1","Uppercut","Heavy Blade+1","Blood for Blood+1","Reaper","Flex+1","Infernal Blade+1","Spot Weakness+1","Disarm+1","Bandage Up+1","Iron Wave+1","Entrench+1","Anger+1","Whirlwind+1","Power Through+1","Burning Pact+1"],"special_seed":0,"relics":["Burning Blood","Happy Flower","Toxic Egg 2","Vajra","Ornamental Fan","Calipers","Bronze Scales","Calling Bell","Bag of Preparation","Question Card","Ginger","Shovel","Torii","Mercury Hourglass","Kunai","Velvet Choker","Lantern","Omamori","Shuriken","Darkstone Periapt","Thread and Needle"],"potions_floor_usage":[50,50,50],"damage_taken":[{"damage":5.0,"enemies":"Cultist","floor":1.0,"turns":4.0},{"damage":7.0,"enemies":"Small Slimes","floor":2.0,"turns":4.0},{"damage":6.0,"enemies":"Jaw Worm","floor":4.0,"turns":3.0},{"damage":30.0,"enemies":"3 Sentries","floor":6.0,"turns":8.0},{"damage":0.0,"enemies":"Exordium Wildlife","floor":8.0,"turns":2.0},{"damage":10.0,"enemies":"3 Louse","floor":10.0,"turns":3.0},{"damage":18.0,"enemies":"3 Sentries","floor":12.0,"turns":5.0},{"damage":1.0,"enemies":"Large Slime","floor":14.0,"turns":6.0},{"damage":36.0,"enemies":"The Guardian","floor":16.0,"turns":10.0},{"damage":20.0,"enemies":"Shell Parasite","floor":18.0,"turns":5.0},{"damage":22.0,"enemies":"3 Byrds","floor":20.0,"turns":4.0},{"damage":40.0,"enemies":"Snecko","floor":21.0,"turns":7.0},{"damage":4.0,"enemies":"Snake Plant","floor":29.0,"turns":3.0},{"damage":6.0,"enemies":"Sentry and Sphere","floor":31.0,"turns":3.0},{"damage":33.0,"enemies":"Champ","floor":33.0,"turns":9.0},{"damage":6.0,"enemies":"3 Shapes","floor":35.0,"turns":5.0},{"damage":1.0,"enemies":"3 Darklings","floor":36.0,"turns":5.0},{"damage":1.0,"enemies":"Transient","floor":38.0,"turns":5.0},{"damage":8.0,"enemies":"Sphere and 2 Shapes","floor":39.0,"turns":3.0},{"damage":0.0,"enemies":"Flame Bruiser 2 Orb","floor":42.0,"turns":4.0},{"damage":19.0,"enemies":"Nemesis","floor":44.0,"turns":7.0},{"damage":1.0,"enemies":"4 Shapes","floor":45.0,"turns":5.0},{"damage":18.0,"enemies":"3 Darklings","floor":46.0,"turns":5.0},{"damage":9.0,"enemies":"Transient","floor":47.0,"turns":5.0},{"damage":0.0,"enemies":"Flame Bruiser 2 Orb","floor":48.0,"turns":5.0},{"damage":78,"enemies":"Donu and Deca","floor":50,"turns":10}],"seed_played":"4192606907291235126","potions_obtained":[{"floor":2.0,"key":"Ancient Potion"},{"floor":8.0,"key":"Regen Potion"},{"floor":12.0,"key":"EssenceOfSteel"},{"floor":16.0,"key":"Swift Potion"},{"floor":18.0,"key":"GamblersBrew"},{"floor":36.0,"key":"PowerPotion"},{"floor":39.0,"key":"SpeedPotion"},{"floor":45.0,"key":"GamblersBrew"},{"floor":46.0,"key":"Poison Potion"}],"is_trial":false,"path_per_floor":["M","M","?","M","?","E","R","M","T","M","$","?","$","M","R","B",null,"M","?","M","M","?","R","$","R","T","R","?","M","R","M","R","B",null,"M","M","$","M","M","R","?","M","T","E","M","M","M","M","R","B"],"character_chosen":"IRONCLAD","items_purchased":["Inflame","Bronze Scales","Sentinel+1","Armaments+1","Uppercut","Lantern"],"campfire_rested":3,"item_purchase_floors":[11,13,13,24,24,37],"current_hp_per_floor":[80,79,72,72,72,48,72,78,78,74,74,62,62,67,67,37,80,66,66,50,16,16,40,40,64,64,64,64,66,66,66,66,39,80,80,80,80,80,78,78,78,80,80,74,80,68,77,80,80,14],"gold":152,"neow_bonus":"RANDOM_COMMON_RELIC","is_prod":false,"is_daily":false,"chose_seed":false,"campfire_upgraded":1,"win_rate":0,"timestamp":1531625675,"path_taken":["M","M","?","M","?","E","R","M","T","M","?","?","$","M","R","BOSS","M","?","M","M","?","R","$","R","T","R","?","M","R","M","R","BOSS","M","M","$","M","M","R","?","M","T","E","?","M","M","M","R","BOSS"],"build_version":"2018-07-12","purchased_purges":1,"victory":true,"max_hp_per_floor":[80,80,80,80,80,80,80,80,80,80,80,80,80,80,80,80,80,80,80,80,80,80,80,80,80,80,80,80,80,80,80,80,80,80,80,80,80,80,80,80,80,80,80,80,80,80,80,80,80,80],"card_choices":[{"not_picked":["Shrug It Off","Havoc"],"picked":"Pommel Strike","floor":1.0},{"not_picked":["Inflame","Havoc"],"picked":"Clash","floor":2.0},{"not_picked":["Havoc+1","Sword Boomerang"],"picked":"Body Slam","floor":4.0},{"not_picked":["Thunderclap","Sword Boomerang"],"picked":"Limit Break+1","floor":6.0},{"not_picked":["Body Slam","Heavy Blade"],"picked":"Clothesline","floor":8.0},{"not_picked":["Pummel","Body Slam"],"picked":"Clash","floor":10.0},{"not_picked":["Sword Boomerang","Dual Wield+1"],"picked":"Thunderclap","floor":12.0},{"not_picked":["Rage+1","Hemokinesis"],"picked":"Flame Barrier+1","floor":14.0},{"not_picked":["Fiend Fire","Exhume+1"],"picked":"Bludgeon","floor":16.0},{"not_picked":["Iron Wave","Pommel Strike+1","Clash"],"picked":"Shrug It Off+1","floor":18.0},{"not_picked":["Blood for Blood","Heavy Blade+1","Fiend Fire"],"picked":"Shrug It Off+1","floor":20.0},{"not_picked":["Twin Strike","Warcry+1","Headbutt"],"picked":"True Grit+1","floor":21.0},{"not_picked":["Headbutt","Pommel Strike","Thunderclap+1"],"picked":"Heavy Blade+1","floor":29.0},{"not_picked":["Corruption+1","Fire Breathing","Searing Blow"],"picked":"Blood for Blood+1","floor":31.0},{"not_picked":["Exhume+1","Feed","Bludgeon"],"picked":"Reaper","floor":33.0},{"not_picked":["Clothesline","Corruption+1","Havoc+1"],"picked":"Flex+1","floor":35.0},{"not_picked":["Hemokinesis+1","Reckless Charge","Thunderclap"],"picked":"Infernal Blade+1","floor":36.0},{"not_picked":["Clothesline","Thunderclap+1","Whirlwind"],"picked":"Spot Weakness+1","floor":38.0},{"not_picked":["Dual Wield+1","Flex+1","Clothesline"],"picked":"Disarm+1","floor":39.0},{"not_picked":["Dramatic Entrance","Finesse+1","Master of Strategy+1"],"picked":"Bandage Up+1","floor":41.0},{"not_picked":["Pommel Strike","Heavy Blade+1","Anger"],"picked":"Iron Wave+1","floor":42.0},{"not_picked":["Uppercut","Battle Trance+1","Pommel Strike"],"picked":"Entrench+1","floor":44.0},{"not_picked":["Havoc+1","Headbutt","Thunderclap+1"],"picked":"Anger+1","floor":45.0},{"not_picked":["Sword Boomerang","Twin Strike+1","Cleave"],"picked":"Whirlwind+1","floor":46.0},{"not_picked":["Rampage","Clash","Pommel Strike+1"],"picked":"Power Through+1","floor":47.0},{"not_picked":["Flame Barrier+1","Rampage","Sentinel+1"],"picked":"Burning Pact+1","floor":48.0}],"player_experience":33981,"relics_obtained":[{"floor":6.0,"key":"Vajra"},{"floor":9.0,"key":"Ornamental Fan"},{"floor":12.0,"key":"Calipers"},{"floor":17.0,"key":"Bag of Preparation"},{"floor":17.0,"key":"Question Card"},{"floor":17.0,"key":"Ginger"},{"floor":26.0,"key":"Shovel"},{"floor":27.0,"key":"Torii"},{"floor":30.0,"key":"Mercury Hourglass"},{"floor":32.0,"key":"Kunai"},{"floor":40.0,"key":"Omamori"},{"floor":43.0,"key":"Shuriken"},{"floor":44.0,"key":"Darkstone Periapt"},{"floor":49.0,"key":"Thread and Needle"}],"event_choices":[{"event_name":"Scrap Ooze","player_choice":"success","floor":3.0,"damage_taken":7.0},{"event_name":"Upgrade Shrine","player_choice":"Upgraded","floor":5.0,"damage_taken":0.0},{"event_name":"Dead Adventurer","player_choice":"Searched \u00271\u0027 times","floor":12.0,"damage_taken":0.0},{"event_name":"Upgrade Shrine","player_choice":"Upgraded","floor":19.0,"damage_taken":0.0},{"event_name":"Cursed Tome","player_choice":"Ignored","floor":22.0,"damage_taken":0.0},{"event_name":"Vampires","player_choice":"Ignored","floor":28.0,"damage_taken":0.0},{"event_name":"SensoryStone","player_choice":"Memory 1","floor":41.0,"damage_taken":0.0}],"boss_relics":[{"not_picked":["Black Star","Runic Pyramid"],"picked":"Calling Bell"},{"not_picked":["Busted Crown","Orrery"],"picked":"Velvet Choker"}],"items_purged_floors":[24],"is_endless":false,"potions_floor_spawned":[2,8,12,16,18,21,31,36,39,45,46,47],"ascension_level":0}