{"gold_per_floor":[111,111,127,127,138,170,170,170,195,241,267,49,49,49,49,174,174,197,22,22,47,67,67,85,105,105,105],"floor_reached":27,"playtime":1910,"items_purged":[],"score":223,"play_id":"50922f04-cfe4-44a9-8fc4-bbcef6a3249d","local_time":"20181113103911","is_ascension_mode":false,"campfire_choices":[{"floor":8.0,"key":"REST"},{"floor":13.0,"key":"REST"},{"floor":15.0,"key":"REST"},{"floor":23,"key":"REST"}],"neow_cost":"NONE","seed_source_timestamp":320371141790674,"circlet_count":0,"master_deck":["Strike_R","Strike_R","Strike_R","Strike_R","Defend_R","Defend_R","Defend_R","Defend_R","Bash","Combust+1","Shockwave","Shrug It Off","Seeing Red","Rampage","Injury","Body Slam","Armaments","Feel No Pain","Searing Blow","Good Instincts","Double Tap","Chrysalis","Corruption","Body Slam+1","Feed"],"special_seed":0,"relics":["Burning Blood","Smiling Mask","Golden Idol","MawBank","Calipers","Red Skull","Runic Cube","Ancient Tea Set"],"potions_floor_usage":[16,22,27,27,27,27],"damage_taken":[{"damage":8.0,"enemies":"Cultist","floor":1.0,"turns":3.0},{"damage":15.0,"enemies":"Jaw Worm","floor":3.0,"turns":5.0},{"damage":1.0,"enemies":"2 Louse","floor":5.0,"turns":3.0},{"damage":36.0,"enemies":"Gremlin Nob","floor":6.0,"turns":5.0},{"damage":35.0,"enemies":"Lagavulin","floor":10.0,"turns":7.0},{"damage":1.0,"enemies":"Exordium Wildlife","floor":11.0,"turns":4.0},{"damage":79,"enemies":"The Guardian","floor":16,"turns":12},{"damage":20,"enemies":"Chosen","floor":18,"turns":5},{"damage":26,"enemies":"Shell Parasite","floor":21,"turns":10},{"damage":22,"enemies":"Centurion and Healer","floor":22,"turns":7},{"damage":34,"enemies":"Snake Plant","floor":24,"turns":5},{"damage":4,"enemies":"Snecko","floor":25,"turns":6},{"damage":36,"enemies":"Book of Stabbing","floor":27,"turns":4}],"seed_played":"5923396496127642322","potions_obtained":[{"floor":5.0,"key":"EssenceOfSteel"},{"floor":10.0,"key":"Ancient Potion"},{"floor":16,"key":"Fire Potion"},{"floor":20,"key":"EntropicBrew"}],"is_trial":false,"path_per_floor":["M","?","M","?","M","E","?","R","T","E","M","$","R","?","R","B",null,"M","$","?","M","M","R","M","M","T","E"],"character_chosen":"IRONCLAD","items_purchased":["Feel No Pain","Searing Blow","Good Instincts","Chrysalis"],"campfire_rested":4,"item_purchase_floors":[12,12,12,19],"current_hp_per_floor":[78,78,69,69,74,44,44,68,68,39,44,44,68,61,80,7,80,66,66,66,46,30,54,26,28,28,0],"gold":105,"neow_bonus":"TRANSFORM_CARD","is_prod":false,"is_daily":false,"chose_seed":false,"campfire_upgraded":0,"win_rate":0.0,"timestamp":1542094751,"path_taken":["M","?","M","?","M","E","?","R","T","E","M","$","R","?","R","BOSS","M","$","?","M","M","R","M","M","T","E"],"build_version":"2018-11-08","purchased_purges":0,"victory":false,"max_hp_per_floor":[80,80,80,80,80,80,80,80,80,80,80,80,80,80,80,80,80,80,80,80,80,80,80,80,80,80,80],"card_choices":[{"not_picked":["Headbutt","Power Through"],"picked":"Shockwave","floor":1.0},{"not_picked":["Hemokinesis","Thunderclap"],"picked":"Shrug It Off","floor":3.0},{"not_picked":["Perfected Strike","Warcry"],"picked":"Seeing Red","floor":5.0},{"not_picked":["Thunderclap","Clash"],"picked":"Rampage","floor":6.0},{"not_picked":["Twin Strike","True Grit"],"picked":"Body Slam","floor":10.0},{"not_picked":["Blood for Blood","Heavy Blade"],"picked":"Armaments","floor":11.0},{"not_picked":["Fiend Fire","Bludgeon"],"picked":"Double Tap","floor":16},{"not_picked":["Wild Strike","Combust","Heavy Blade"],"picked":"SKIP","floor":18},{"not_picked":["Clash","Armaments"],"picked":"Corruption","floor":21},{"not_picked":["Flex","Headbutt","Second Wind"],"picked":"SKIP","floor":22},{"not_picked":["Burning Pact","Shrug It Off"],"picked":"Body Slam+1","floor":24},{"not_picked":["Hemokinesis","Anger"],"picked":"Feed","floor":25}],"player_experience":137356,"relics_obtained":[{"floor":6.0,"key":"Smiling Mask"},{"floor":9.0,"key":"MawBank"},{"floor":10.0,"key":"Calipers"},{"floor":26,"key":"Ancient Tea Set"}],"event_choices":[{"damage_healed":0.0,"max_hp_gain":0.0,"max_hp_loss":0.0,"gold_gain":0.0,"event_name":"The Cleric","player_choice":"Leave","floor":2.0,"gold_loss":0.0,"damage_taken":0.0},{"damage_healed":0.0,"max_hp_gain":0.0,"max_hp_loss":0.0,"gold_gain":0.0,"event_name":"Living Wall","player_choice":"Grow","floor":4.0,"gold_loss":0.0,"damage_taken":0.0,"cards_upgraded":["Combust"]},{"damage_healed":0.0,"max_hp_gain":0.0,"max_hp_loss":0.0,"gold_gain":0.0,"event_name":"Golden Idol","player_choice":"Take Wound","floor":7.0,"gold_loss":0.0,"damage_taken":0.0,"relics_obtained":["Golden Idol"],"cards_obtained":["Injury"]},{"damage_healed":0.0,"max_hp_gain":0.0,"max_hp_loss":0.0,"gold_gain":0.0,"event_name":"Scrap Ooze","player_choice":"Success","floor":14.0,"gold_loss":0.0,"damage_taken":7.0,"relics_obtained":["Red Skull"]},{"damage_healed":0,"gold_gain":0,"player_choice":"Got Potions","damage_taken":0,"max_hp_gain":0,"max_hp_loss":0,"event_name":"Lab","floor":20,"gold_loss":0}],"is_beta":false,"boss_relics":[{"not_picked":["Tiny House","Black Star"],"picked":"Runic Cube"}],"items_purged_floors":[],"is_endless":false,"potions_floor_spawned":[5,10,16,21],"killed_by":"Book of Stabbing","ascension_level":0}