{"gold_per_floor":[116,116,116,116,134,134,153,178,203,278,278,278,307,327,327,404,404,421,136,148,162,162,162,193,193,220,234,244,244,244,244,244,318,318,332,1331,1331,1348,948,948,948],"floor_reached":41,"playtime":1289,"items_purged":["Normality"],"score":859,"play_id":"df7e1f71-884f-4be0-95dc-a77918e2aa8e","local_time":"20190211211715","is_ascension_mode":true,"campfire_choices":[{"floor":6.0,"key":"REST"},{"data":"Uppercut","floor":11.0,"key":"SMITH"},{"floor":15.0,"key":"REST"},{"floor":23.0,"key":"REST"},{"floor":25.0,"key":"REST"},{"data":"Barricade","floor":29.0,"key":"SMITH"},{"floor":32.0,"key":"REST"},{"floor":40.0,"key":"REST"}],"neow_cost":"NONE","seed_source_timestamp":347819409196215,"circlet_count":0,"master_deck":["AscendersBane","Strike_R","Strike_R","Strike_R","Defend_R+1","Defend_R","Defend_R","Defend_R","Bash+1","Demon Form","Carnage","Shockwave+1","Anger+1","Uppercut+1","Flame Barrier","Evolve","Immolate","True Grit","Flame Barrier","Feel No Pain","Iron Wave+1","Barricade+1","Dark Embrace","Normality","True Grit","Metallicize"],"special_seed":0,"relics":["Burning Blood","Potion Belt","PreservedInsect","Darkstone Periapt","Sozu","Bottled Tornado","Centennial Puzzle","Whetstone","Pen Nib","Busted Crown","Gremlin Horn"],"potions_floor_usage":[],"damage_taken":[{"damage":14.0,"enemies":"Jaw Worm","floor":1.0,"turns":5.0},{"damage":4.0,"enemies":"Small Slimes","floor":5.0,"turns":4.0},{"damage":1.0,"enemies":"Cultist","floor":7.0,"turns":3.0},{"damage":15.0,"enemies":"Lagavulin","floor":8.0,"turns":7.0},{"damage":8.0,"enemies":"Gremlin Nob","floor":13.0,"turns":3.0},{"damage":2.0,"enemies":"Blue Slaver","floor":14.0,"turns":4.0},{"damage":36.0,"enemies":"Hexaghost","floor":16.0,"turns":9.0},{"damage":21.0,"enemies":"Spheric Guardian","floor":18.0,"turns":5.0},{"damage":12.0,"enemies":"3 Byrds","floor":20.0,"turns":5.0},{"damage":19.0,"enemies":"Snake Plant","floor":21.0,"turns":4.0},{"damage":28.0,"enemies":"Book of Stabbing","floor":24.0,"turns":4.0},{"damage":21.0,"enemies":"Centurion and Healer","floor":27.0,"turns":6.0},{"damage":15.0,"enemies":"Snecko","floor":28.0,"turns":5.0},{"damage":13.0,"enemies":"Champ","floor":33.0,"turns":11.0},{"damage":22.0,"enemies":"3 Shapes","floor":35.0,"turns":4.0},{"damage":20.0,"enemies":"Orb Walker","floor":38.0,"turns":4.0},{"damage":81,"enemies":"Giant Head","floor":41,"turns":6}],"seed_played":"-8788426252798895583","potions_obtained":[{"floor":1.0,"key":"Weak Potion"},{"floor":7.0,"key":"Swift Potion"},{"floor":14.0,"key":"Explosive Potion"},{"floor":16.0,"key":"Swift Potion"}],"is_trial":false,"path_per_floor":["M","?","?","?","M","R","M","E","T","?","R","?","E","M","R","B",null,"M","$","M","M","?","R","E","R","T","M","M","R","?","T","R","B",null,"M","?","?","M","$","R","E"],"character_chosen":"IRONCLAD","items_purchased":["Bottled Tornado","Metallicize","Gremlin Horn"],"campfire_rested":6,"item_purchase_floors":[19,39,39],"current_hp_per_floor":[60,60,37,37,39,61,66,57,57,46,46,46,44,48,70,40,66,51,51,45,32,32,54,32,54,54,39,30,30,30,30,52,45,68,52,64,64,50,50,76,0],"gold":948,"neow_bonus":"ONE_RANDOM_RARE_CARD","is_prod":false,"is_daily":false,"chose_seed":false,"campfire_upgraded":2,"win_rate":0,"timestamp":1549937835,"path_taken":["M","?","?","?","?","R","M","E","T","?","R","?","E","M","R","BOSS","M","$","M","M","?","R","E","R","T","M","M","R","?","?","R","BOSS","M","?","?","M","$","R","E"],"build_version":"2019-01-23","purchased_purges":1,"victory":false,"max_hp_per_floor":[75,75,75,75,75,75,75,75,75,75,75,75,75,75,75,75,75,75,75,75,75,75,75,75,75,75,75,75,75,75,75,75,75,75,75,87,87,87,87,87,87],"card_choices":[{"not_picked":["Combust","Twin Strike"],"picked":"Carnage","floor":1.0},{"not_picked":["Sentinel","Dual Wield"],"picked":"Anger","floor":5.0},{"not_picked":["Searing Blow","Anger"],"picked":"Uppercut","floor":7.0},{"not_picked":["Clothesline","Entrench"],"picked":"Flame Barrier","floor":8.0},{"not_picked":["Reckless Charge","Clothesline"],"picked":"Evolve","floor":13.0},{"not_picked":["Corruption","Flex","Sentinel"],"picked":"SKIP","floor":14.0},{"not_picked":["Exhume","Bludgeon"],"picked":"Immolate","floor":16.0},{"not_picked":["Body Slam","Havoc"],"picked":"True Grit","floor":18.0},{"not_picked":["Body Slam","Clothesline","Uppercut"],"picked":"SKIP","floor":20.0},{"not_picked":["Clash","Pommel Strike"],"picked":"Flame Barrier","floor":21.0},{"not_picked":["Body Slam","Clash"],"picked":"Feel No Pain","floor":24.0},{"not_picked":["Perfected Strike","Anger"],"picked":"Iron Wave+1","floor":27.0},{"not_picked":["Pommel Strike","Wild Strike"],"picked":"Barricade","floor":28.0},{"not_picked":["Feed","Brutality"],"picked":"Dark Embrace","floor":33.0},{"not_picked":["Cleave"],"picked":"SKIP","floor":35.0},{"not_picked":[],"picked":"True Grit","floor":38.0}],"player_experience":453586,"relics_obtained":[{"floor":8.0,"key":"Potion Belt"},{"floor":9.0,"key":"PreservedInsect"},{"floor":13.0,"key":"Darkstone Periapt"},{"floor":24.0,"key":"Centennial Puzzle"},{"floor":26.0,"key":"Whetstone"},{"floor":31.0,"key":"Pen Nib"}],"event_choices":[{"damage_healed":0.0,"max_hp_gain":0.0,"max_hp_loss":0.0,"gold_gain":0.0,"cards_transformed":["Strike_R"],"event_name":"Living Wall","player_choice":"Change","floor":2.0,"gold_loss":0.0,"damage_taken":0.0,"cards_obtained":["Shockwave"]},{"damage_healed":0.0,"max_hp_gain":0.0,"max_hp_loss":0.0,"gold_gain":0.0,"event_name":"Shining Light","player_choice":"Entered Light","floor":3.0,"gold_loss":0.0,"damage_taken":23.0,"cards_upgraded":["Strike_R","Defend_R"]},{"damage_healed":0.0,"max_hp_gain":0.0,"max_hp_loss":0.0,"gold_gain":0.0,"event_name":"Accursed Blacksmith","player_choice":"Forge","floor":4.0,"gold_loss":0.0,"damage_taken":0.0,"cards_upgraded":["Shockwave"]},{"damage_healed":0.0,"max_hp_gain":0.0,"max_hp_loss":0.0,"gold_gain":75.0,"event_name":"World of Goop","player_choice":"Gather Gold","floor":10.0,"gold_loss":0.0,"damage_taken":11.0},{"damage_healed":0.0,"max_hp_gain":0.0,"max_hp_loss":0.0,"gold_gain":0.0,"event_name":"Liars Game","player_choice":"Ignored","floor":12.0,"gold_loss":0.0,"damage_taken":0.0},{"damage_healed":0.0,"max_hp_gain":0.0,"max_hp_loss":0.0,"gold_gain":0.0,"event_name":"Ghosts","player_choice":"Ignored","floor":22.0,"gold_loss":0.0,"damage_taken":0.0},{"damage_healed":0.0,"max_hp_gain":0.0,"max_hp_loss":0.0,"gold_gain":0.0,"event_name":"Cursed Tome","player_choice":"Ignored","floor":30.0,"gold_loss":0.0,"damage_taken":0.0},{"damage_healed":0.0,"max_hp_gain":0.0,"max_hp_loss":0.0,"gold_gain":999.0,"event_name":"MindBloom","player_choice":"Gold","floor":36.0,"gold_loss":0.0,"damage_taken":0.0,"cards_obtained":["Normality","Normality"]},{"cards_removed":["Strike_R"],"damage_healed":0.0,"max_hp_gain":0.0,"max_hp_loss":0.0,"gold_gain":0.0,"event_name":"Falling","player_choice":"Removed Attack","floor":37.0,"gold_loss":0.0,"damage_taken":0.0}],"is_beta":false,"boss_relics":[{"not_picked":["Runic Pyramid","Coffee Dripper"],"picked":"Sozu"},{"not_picked":["Pandora\u0027s Box","Tiny House"],"picked":"Busted Crown"}],"items_purged_floors":[39],"is_endless":false,"potions_floor_spawned":[1,7,14,16,20,21,28,35],"killed_by":"Giant Head","ascension_level":20}