{"gold_per_floor":[116,130,130,148,158,158,178,178,178,198,227,227,227,240,240,341,341,359,359,180,199,216,216,226,226,226,226,226,99,113,123,123,218,218,235,235,235,235,250,250,266,266,266,266,281,64,79,93,93,93],"floor_reached":50,"playtime":2411,"items_purged":[],"score":473,"play_id":"81db63e7-1820-4563-8547-750afb05fe93","local_time":"20190216215817","is_ascension_mode":false,"campfire_choices":[{"data":"Zap","floor":6.0,"key":"SMITH"},{"data":"White Noise","floor":8.0,"key":"SMITH"},{"data":"Chill","floor":12.0,"key":"SMITH"},{"floor":15.0,"key":"REST"},{"data":"Echo Form","floor":25.0,"key":"SMITH"},{"data":"Defragment","floor":27.0,"key":"SMITH"},{"floor":32.0,"key":"REST"},{"data":"Echo Form","floor":40.0,"key":"SMITH"},{"data":"Loop","floor":42.0,"key":"SMITH"},{"data":"Capacitor","floor":44.0,"key":"SMITH"},{"floor":49.0,"key":"REST"}],"neow_cost":"NONE","seed_source_timestamp":0,"circlet_count":0,"master_deck":["Strike_B+1","Strike_B","Strike_B","Defend_B","Defend_B+1","Defend_B","Zap+1","Dualcast","Genetic Algorithm","Conserve Battery","Iron Wave","Cold Snap","White Noise+1","Leap","Go for the Eyes","Chill+1","Self Repair","Echo Form+1","Defragment+1","Capacitor+1","Conserve Battery","Hologram","Reinforced Body","Ball Lightning","Loop+1","Compile Driver","Fusion","Echo Form+1","Cold Snap","Reinforced Body+1","FTL","Glacier","Core Surge","Glacier","Coolheaded+1"],"special_seed":0,"relics":["Philosopher\u0027s Stone"],"potions_floor_usage":[50],"damage_taken":[{"damage":1.0,"enemies":"Small Slimes","floor":1.0,"turns":4.0},{"damage":1.0,"enemies":"Cultist","floor":2.0,"turns":4.0},{"damage":7.0,"enemies":"2 Louse","floor":4.0,"turns":3.0},{"damage":1.0,"enemies":"Looter","floor":5.0,"turns":4.0},{"damage":6.0,"enemies":"3 Louse","floor":7.0,"turns":2.0},{"damage":8.0,"enemies":"Blue Slaver","floor":10.0,"turns":3.0},{"damage":5.0,"enemies":"Lagavulin","floor":11.0,"turns":8.0},{"damage":0.0,"enemies":"Looter","floor":14.0,"turns":4.0},{"damage":19.0,"enemies":"Slime Boss","floor":16.0,"turns":11.0},{"damage":14.0,"enemies":"Chosen","floor":18.0,"turns":8.0},{"damage":11.0,"enemies":"Shell Parasite","floor":21.0,"turns":7.0},{"damage":14.0,"enemies":"Shelled Parasite and Fungi","floor":22.0,"turns":7.0},{"damage":12.0,"enemies":"Sentry and Sphere","floor":24.0,"turns":10.0},{"damage":24.0,"enemies":"3 Cultists","floor":30.0,"turns":6.0},{"damage":6.0,"enemies":"Shelled Parasite and Fungi","floor":31.0,"turns":8.0},{"damage":29.0,"enemies":"Collector","floor":33.0,"turns":11.0},{"damage":6.0,"enemies":"Orb Walker","floor":35.0,"turns":6.0},{"damage":0.0,"enemies":"3 Shapes","floor":39.0,"turns":6.0},{"damage":15.0,"enemies":"Sphere and 2 Shapes","floor":41.0,"turns":10.0},{"damage":6.0,"enemies":"3 Darklings","floor":45.0,"turns":10.0},{"damage":42.0,"enemies":"Writhing Mass","floor":47.0,"turns":9.0},{"damage":28.0,"enemies":"Transient","floor":48.0,"turns":5.0},{"damage":55,"enemies":"Awakened One","floor":50,"turns":5}],"seed_played":"-7822425336507107676","potions_obtained":[{"floor":1.0,"key":"Dexterity Potion"},{"floor":2.0,"key":"Dexterity Potion"},{"floor":11.0,"key":"Swift Potion"},{"floor":16.0,"key":"Fire Potion"},{"floor":24.0,"key":"PowerPotion"},{"floor":30.0,"key":"FocusPotion"},{"floor":35.0,"key":"Explosive Potion"},{"floor":39.0,"key":"SpeedPotion"},{"floor":48.0,"key":"SpeedPotion"}],"is_trial":false,"path_per_floor":["M","M","?","M","M","R","M","R","T","M","E","R","?","M","R","B",null,"M","?","$","M","M","?","M","R","T","R","?","$","M","M","R","B",null,"M","?","?","?","M","R","M","R","T","R","M","$","M","M","R","B"],"character_chosen":"DEFECT","items_purchased":["Capacitor","Conserve Battery","Hologram","Loop","Compile Driver","Glacier","Core Surge"],"campfire_rested":3,"item_purchase_floors":[20,20,20,29,29,46,46],"current_hp_per_floor":[74,73,73,66,65,65,59,59,59,51,46,46,31,31,53,41,75,68,68,68,64,57,57,52,52,52,52,52,52,28,29,51,29,75,69,69,69,69,75,75,67,67,67,67,68,68,40,12,34,0],"gold":93,"neow_bonus":"BOSS_RELIC","is_prod":false,"is_daily":false,"chose_seed":false,"campfire_upgraded":8,"win_rate":0,"timestamp":1550372297,"path_taken":["M","M","?","M","M","R","M","R","T","?","E","R","?","M","R","BOSS","M","?","$","M","M","?","M","R","T","R","?","$","M","M","R","BOSS","M","?","?","?","M","R","M","R","T","R","M","$","?","M","R","BOSS"],"build_version":"2019-01-23","purchased_purges":0,"victory":false,"max_hp_per_floor":[75,75,75,75,75,75,75,75,75,75,75,75,75,75,75,75,75,75,75,75,75,75,75,75,75,75,75,75,75,75,75,75,75,75,75,75,75,75,75,75,75,75,75,75,75,75,75,75,75,75],"card_choices":[{"not_picked":["Rip and Tear","Go for the Eyes"],"picked":"Genetic Algorithm","floor":1.0},{"not_picked":["Turbo","Rebound"],"picked":"Conserve Battery","floor":2.0},{"not_picked":["Hologram","Reprogram"],"picked":"Cold Snap","floor":4.0},{"not_picked":["Sweeping Beam","Beam Cell"],"picked":"White Noise","floor":5.0},{"not_picked":["Coolheaded","Thunder Strike"],"picked":"Leap","floor":7.0},{"not_picked":["Cold Snap","Redo"],"picked":"Go for the Eyes","floor":10.0},{"not_picked":["Consume","Doom and Gloom"],"picked":"Chill","floor":11.0},{"not_picked":["Redo","Hologram"],"picked":"Self Repair","floor":14.0},{"not_picked":["Thunder Strike","Reboot"],"picked":"Echo Form","floor":16.0},{"not_picked":["Force Field","Beam Cell+1","Rebound"],"picked":"SKIP","floor":18.0},{"not_picked":["Tempest","Rebound"],"picked":"Reinforced Body","floor":21.0},{"not_picked":["Steam","Darkness+1","Leap"],"picked":"SKIP","floor":22.0},{"not_picked":["Reprogram","Stack+1"],"picked":"Ball Lightning","floor":24.0},{"not_picked":["Rainbow","Tempest+1","Static Discharge"],"picked":"SKIP","floor":30.0},{"not_picked":["Compile Driver","Streamline"],"picked":"Fusion","floor":31.0},{"not_picked":["Machine Learning","Buffer"],"picked":"Echo Form","floor":33.0},{"not_picked":["Gash","Turbo+1"],"picked":"Cold Snap","floor":35.0},{"not_picked":["Go for the Eyes","Compile Driver"],"picked":"Reinforced Body+1","floor":39.0},{"not_picked":["Auto Shields","Stack+1","Turbo+1"],"picked":"SKIP","floor":41.0},{"not_picked":["BootSequence","Beam Cell+1"],"picked":"FTL","floor":45.0},{"not_picked":["Turbo","Aggregate+1"],"picked":"Glacier","floor":47.0},{"not_picked":["Go for the Eyes+1","Leap+1"],"picked":"Coolheaded+1","floor":48.0}],"player_experience":462257,"relics_obtained":[],"event_choices":[{"cards_removed":["Defend_B"],"damage_healed":0.0,"max_hp_gain":0.0,"max_hp_loss":0.0,"gold_gain":0.0,"event_name":"NoteForYourself","player_choice":"Took Card","floor":3.0,"gold_loss":0.0,"damage_taken":0.0,"cards_obtained":["Iron Wave"]},{"damage_healed":0.0,"max_hp_gain":0.0,"max_hp_loss":0.0,"gold_gain":0.0,"event_name":"Shining Light","player_choice":"Entered Light","floor":13.0,"gold_loss":0.0,"damage_taken":15.0,"cards_upgraded":["Strike_B","Defend_B"]},{"damage_healed":0.0,"max_hp_gain":0.0,"max_hp_loss":0.0,"gold_gain":0.0,"event_name":"The Library","player_choice":"Read","floor":19.0,"gold_loss":0.0,"damage_taken":0.0,"cards_obtained":["Defragment"]},{"damage_healed":0.0,"max_hp_gain":0.0,"max_hp_loss":0.0,"gold_gain":0.0,"event_name":"The Mausoleum","player_choice":"Ignored","floor":23.0,"gold_loss":0.0,"damage_taken":0.0},{"damage_healed":0.0,"max_hp_gain":0.0,"max_hp_loss":0.0,"gold_gain":0.0,"event_name":"Vampires","player_choice":"Ignored","floor":28.0,"gold_loss":0.0,"damage_taken":0.0},{"damage_healed":0.0,"max_hp_gain":0.0,"max_hp_loss":0.0,"gold_gain":0.0,"event_name":"SensoryStone","player_choice":"Memory 1","floor":36.0,"gold_loss":0.0,"damage_taken":0.0},{"damage_healed":0.0,"max_hp_gain":0.0,"max_hp_loss":0.0,"gold_gain":0.0,"event_name":"Mysterious Sphere","player_choice":"Ignored","floor":37.0,"gold_loss":0.0,"damage_taken":0.0},{"cards_removed":["Strike_B"],"damage_healed":0.0,"max_hp_gain":0.0,"max_hp_loss":0.0,"gold_gain":0.0,"event_name":"Falling","player_choice":"Removed Attack","floor":38.0,"gold_loss":0.0,"damage_taken":0.0}],"is_beta":false,"boss_relics":[{"not_picked":[]},{"not_picked":[]}],"items_purged_floors":[],"is_endless":false,"potions_floor_spawned":[1,2,11,16,24,30,31,35,39,48],"killed_by":"Awakened One","ascension_level":0}