{"path_per_floor":["M","M","M","?","$","E","M","M","T","E","M","$","?","M","R","B",null,"M","M","M","?","M","E","M","M","T","R","M","R","M","E","R","B",null,"M","$","M","?","$","E","R","M","T","R","?","R","M","M","R"],"character_chosen":"IRONCLAD","items_purchased":["Iron Wave","Ginger"],"gold_per_floor":[116,131,142,142,45,72,88,108,108,140,150,50,50,70,70,175,175,189,204,222,222,242,269,282,296,343,343,361,361,378,412,412,509,509,522,100,113,113,113,145,145,165,165,165,0,0,18,33,33,33],"floor_reached":50,"campfire_rested":4,"playtime":6421,"item_purchase_floors":[5,36],"current_hp_per_floor":[86,87,88,88,88,74,77,83,83,80,86,86,68,74,74,74,88,88,70,64,64,62,38,39,27,27,27,19,60,52,27,68,20,88,85,85,77,77,77,73,73,24,24,65,65,65,34,28,70,0],"items_purged":["Defend_R","Strike_R","Strike_R"],"gold":33,"score":530,"play_id":"a8d9662b-61b1-43b9-8ad1-05229f814895","local_time":"20180529210725","is_prod":false,"is_daily":false,"chose_seed":false,"is_ascension_mode":false,"campfire_upgraded":4,"win_rate":0,"timestamp":1527646045,"campfire_choices":[{"data":"Fiend Fire","floor":15,"key":"SMITH"},{"data":"Armaments","floor":27,"key":"SMITH"},{"floor":29,"key":"REST"},{"floor":32,"key":"REST"},{"data":"Demon Form","floor":41,"key":"SMITH"},{"floor":44,"key":"REST"},{"data":"Feel No Pain","floor":46,"key":"SMITH"},{"floor":49,"key":"REST"}],"path_taken":["M","M","M","?","$","E","M","M","T","E","M","$","?","M","R","BOSS","M","M","M","?","M","E","M","M","T","R","M","R","?","E","R","BOSS","M","$","M","?","$","E","R","M","T","R","?","R","M","M","R","BOSS"],"build_version":"2018-05-24","seed_source_timestamp":594475688459456,"purchased_purges":3,"victory":false,"master_deck":["Strike_R","Strike_R","Strike_R","Defend_R+1","Defend_R","Defend_R","Bash","Iron Wave","Armaments+1","Infernal Blade+1","Iron Wave+1","Entrench+1","Feel No Pain+1","Fiend Fire+1","Inflame","Offering","Dual Wield+1","Body Slam","Fire Breathing","Brutality","Offering","Demon Form+1","Inflame+1","Flame Barrier+1"],"max_hp_per_floor":[88,88,88,88,88,88,88,88,88,88,88,88,88,88,88,88,88,88,88,88,88,88,88,88,88,88,88,88,88,88,88,88,88,88,88,88,88,88,88,88,88,88,88,88,88,88,88,93,93,93],"relics":["Burning Blood","Gremlin Horn","Oddly Smooth Stone","Happy Flower","Bottled Tornado","Runic Cube","Bronze Scales","Regal Pillow","War Paint","White Beast Statue","Ginger","Potion Belt","Charon\u0027s Ashes","Red Mask"],"card_choices":[{"not_picked":["Intimidate","Sword Boomerang"],"picked":"Iron Wave","floor":1},{"not_picked":["Spot Weakness","Iron Wave"],"picked":"Armaments","floor":2},{"not_picked":["Heavy Blade","True Grit"],"picked":"Infernal Blade","floor":3},{"not_picked":["Pummel","Wild Strike","Burning Pact"],"picked":"SKIP","floor":6},{"not_picked":["Second Wind","Warcry"],"picked":"Entrench","floor":7},{"not_picked":["Headbutt","Burning Pact"],"picked":"Feel No Pain","floor":8},{"not_picked":["Second Wind","Whirlwind","Heavy Blade"],"picked":"SKIP","floor":10},{"not_picked":["Entrench","Twin Strike"],"picked":"Fiend Fire","floor":11},{"not_picked":["Reckless Charge","Pummel"],"picked":"Inflame","floor":14},{"not_picked":["Juggernaut","Fiend Fire"],"picked":"Offering","floor":16},{"not_picked":["Shrug It Off","Rupture"],"picked":"Dual Wield+1","floor":18},{"not_picked":["Warcry","Thunderclap"],"picked":"Body Slam","floor":19},{"not_picked":["Perfected Strike","Anger","Cleave"],"picked":"SKIP","floor":20},{"not_picked":["Sword Boomerang","Headbutt+1"],"picked":"Fire Breathing","floor":22},{"not_picked":["Havoc","Anger","Bloodletting"],"picked":"SKIP","floor":23},{"not_picked":["Clothesline","Shockwave+1","Evolve"],"picked":"SKIP","floor":24},{"not_picked":["Clothesline+1","Disarm+1","Thunderclap"],"picked":"SKIP","floor":25},{"not_picked":["Dual Wield","True Grit","Shrug It Off"],"picked":"SKIP","floor":28},{"not_picked":["Entrench","Warcry"],"picked":"Brutality","floor":30},{"not_picked":["Fire Breathing","Reaper"],"picked":"Offering","floor":31},{"not_picked":["Immolate","Feed"],"picked":"Demon Form","floor":33},{"not_picked":["Clothesline+1","Headbutt"],"picked":"Inflame+1","floor":35},{"not_picked":["Searing Blow+1","Battle Trance","Havoc"],"picked":"SKIP","floor":37},{"not_picked":["Pommel Strike","Burning Pact"],"picked":"Flame Barrier+1","floor":40},{"not_picked":["Warcry+1","Clothesline","Iron Wave+1"],"picked":"SKIP","floor":42},{"not_picked":["Body Slam","Havoc","Battle Trance"],"picked":"SKIP","floor":47},{"not_picked":["Hemokinesis+1","Sword Boomerang","True Grit"],"picked":"SKIP","floor":48}],"player_experience":52511,"potions_floor_usage":[10,16,16,18,22,23,24,31,33,47,47,48,50,50,50,50],"damage_taken":[{"damage":8,"enemies":"Jaw Worm","floor":1,"turns":3},{"damage":5,"enemies":"Cultist","floor":2,"turns":4},{"damage":5,"enemies":"Small Slimes","floor":3,"turns":3},{"damage":20,"enemies":"3 Sentries","floor":6,"turns":10},{"damage":7,"enemies":"Blue Slaver","floor":7,"turns":4},{"damage":0,"enemies":"3 Louse","floor":8,"turns":3},{"damage":9,"enemies":"Gremlin Nob","floor":10,"turns":4},{"damage":0,"enemies":"Large Slime","floor":11,"turns":3},{"damage":0,"enemies":"Blue Slaver","floor":14,"turns":3},{"damage":6,"enemies":"Hexaghost","floor":16,"turns":9},{"damage":5,"enemies":"3 Byrds","floor":18,"turns":5},{"damage":24,"enemies":"2 Thieves","floor":19,"turns":2},{"damage":12,"enemies":"Slaver and Parasite","floor":20,"turns":7},{"damage":8,"enemies":"Snecko","floor":22,"turns":4},{"damage":30,"enemies":"Gremlin Leader","floor":23,"turns":5},{"damage":5,"enemies":"Snake Plant","floor":24,"turns":3},{"damage":18,"enemies":"Slaver and Parasite","floor":25,"turns":5},{"damage":14,"enemies":"Cultist and Chosen","floor":28,"turns":7},{"damage":14,"enemies":"Snecko","floor":30,"turns":5},{"damage":31,"enemies":"Slavers","floor":31,"turns":5},{"damage":54,"enemies":"Collector","floor":33,"turns":11},{"damage":9,"enemies":"3 Shapes","floor":35,"turns":2},{"damage":14,"enemies":"Orb Walker","floor":37,"turns":3},{"damage":10,"enemies":"Giant Head","floor":40,"turns":4},{"damage":55,"enemies":"4 Shapes","floor":42,"turns":5},{"damage":37,"enemies":"3 Darklings","floor":47,"turns":3},{"damage":17,"enemies":"Sphere and 2 Shapes","floor":48,"turns":4},{"damage":79,"enemies":"Awakened One","floor":50,"turns":7}],"relics_obtained":[{"floor":6,"key":"Oddly Smooth Stone"},{"floor":9,"key":"Happy Flower"},{"floor":10,"key":"Bottled Tornado"},{"floor":23,"key":"Bronze Scales"},{"floor":26,"key":"Regal Pillow"},{"floor":31,"key":"War Paint"},{"floor":40,"key":"Potion Belt"},{"floor":43,"key":"Charon\u0027s Ashes"}],"event_choices":[{"event_name":"Accursed Blacksmith","player_choice":"Rummage","floor":4,"damage_taken":0},{"event_name":"Shining Light","player_choice":"Entered Light","floor":13,"damage_taken":0},{"event_name":"Ghosts","player_choice":"Ignored","floor":21,"damage_taken":0},{"event_name":"SensoryStone","player_choice":"Memory 1","floor":38,"damage_taken":0},{"event_name":"Tomb of Lord Red Mask","player_choice":"Paid","floor":45,"damage_taken":0}],"boss_relics":[{"not_picked":["Tiny House","Philosopher\u0027s Stone"],"picked":"Runic Cube"},{"not_picked":["Orrery","Runic Dome"],"picked":"White Beast Statue"}],"items_purged_floors":[5,12,36],"potions_floor_spawned":[1,2,7,8,11,19,22,23,28,31,33,35,37,40,42,47,48],"seed_played":"7816186329347560819","killed_by":"Awakened One","ascension_level":0,"potions_obtained":[{"floor":1,"key":"Strength Potion"},{"floor":2,"key":"Dexterity Potion"},{"floor":7,"key":"Block Potion"},{"floor":8,"key":"FearPotion"},{"floor":11,"key":"Swift Potion"},{"floor":19,"key":"PowerPotion"},{"floor":22,"key":"Fire Potion"},{"floor":23,"key":"Energy Potion"},{"floor":28,"key":"Explosive Potion"},{"floor":31,"key":"SpeedPotion"},{"floor":33,"key":"Energy Potion"},{"floor":35,"key":"FearPotion"},{"floor":37,"key":"SpeedPotion"},{"floor":40,"key":"EssenceOfSteel"},{"floor":42,"key":"SteroidPotion"},{"floor":47,"key":"Fruit Juice"},{"floor":48,"key":"Dexterity Potion"}],"is_trial":false}