{"gold_per_floor":[113,188,188,203,203,203,216,216,240,240,259,277,227,246,246,345,345,335,335,351,365,0,0],"floor_reached":23,"playtime":2120,"items_purged":[],"score":183,"play_id":"a06704a3-eb74-4f28-a016-ccbf8f957831","local_time":"20190206095513","is_ascension_mode":false,"campfire_choices":[{"data":"Accuracy","floor":6.0,"key":"SMITH"},{"data":"Survivor","floor":8.0,"key":"SMITH"},{"data":"Blade Dance","floor":15.0,"key":"SMITH"}],"neow_cost":"NONE","seed_source_timestamp":0,"circlet_count":0,"master_deck":["Defend_G","Defend_G","Defend_G","Defend_G","Defend_G","Strike_G","Strike_G","Strike_G","Survivor+1","Neutralize","Slice","Accuracy+1","Impatience","Storm of Steel","PiercingWail","Blade Dance+1","Poisoned Stab","Crippling Poison","Grand Finale","Heel Hook","Choke+1","Finisher","Enlightenment","Accuracy+1"],"special_seed":0,"relics":["Ring of the Serpent","Meat on the Bone","Nloth\u0027s Gift","DollysMirror"],"potions_floor_usage":[23],"damage_taken":[{"damage":0.0,"enemies":"2 Louse","floor":1.0,"turns":4.0},{"damage":1.0,"enemies":"Cultist","floor":4.0,"turns":4.0},{"damage":0.0,"enemies":"Jaw Worm","floor":7.0,"turns":4.0},{"damage":0.0,"enemies":"Lots of Slimes","floor":11.0,"turns":1.0},{"damage":3.0,"enemies":"Exordium Wildlife","floor":12.0,"turns":5.0},{"damage":1.0,"enemies":"Large Slime","floor":14.0,"turns":7.0},{"damage":37.0,"enemies":"The Guardian","floor":16.0,"turns":14.0},{"damage":7.0,"enemies":"2 Thieves","floor":18.0,"turns":4.0},{"damage":7.0,"enemies":"3 Byrds","floor":20.0,"turns":6.0},{"damage":16.0,"enemies":"Centurion and Healer","floor":21.0,"turns":7.0},{"damage":55,"enemies":"Slavers","floor":23,"turns":3}],"seed_played":"6659136896317850545","potions_obtained":[{"floor":4.0,"key":"GamblersBrew"},{"floor":7.0,"key":"Explosive Potion"},{"floor":12.0,"key":"Weak Potion"},{"floor":16.0,"key":"Ancient Potion"}],"is_trial":false,"path_per_floor":["M","?","?","M","?","R","M","R","T","T","M","M","?","M","R","B",null,"M","?","M","M","$","E"],"character_chosen":"THE_SILENT","items_purchased":["Finisher","Enlightenment","DollysMirror"],"campfire_rested":0,"item_purchase_floors":[22,22,22],"current_hp_per_floor":[77,66,66,65,65,65,65,65,65,65,65,62,62,61,61,36,77,70,70,63,47,47,0],"gold":0,"neow_bonus":"TEN_PERCENT_HP_BONUS","is_prod":false,"is_daily":false,"chose_seed":false,"campfire_upgraded":3,"win_rate":0.0,"timestamp":1549436113,"path_taken":["M","?","?","?","?","R","?","R","T","?","M","M","?","M","R","BOSS","M","?","?","M","$","E"],"build_version":"2019-01-23","purchased_purges":0,"victory":false,"max_hp_per_floor":[77,77,77,77,77,77,77,77,77,77,77,77,77,77,77,77,77,77,77,77,77,77,77],"card_choices":[{"not_picked":["Underhanded Strike","Caltrops"],"picked":"Slice","floor":1.0},{"not_picked":["Deadly Poison","Choke"],"picked":"Accuracy","floor":4.0},{"not_picked":["Sucker Punch","Dodge and Roll"],"picked":"PiercingWail","floor":7.0},{"not_picked":["PiercingWail","Terror"],"picked":"Blade Dance","floor":11.0},{"not_picked":["Outmaneuver","All Out Attack"],"picked":"Poisoned Stab","floor":12.0},{"not_picked":["Footwork","Terror"],"picked":"Crippling Poison","floor":14.0},{"not_picked":["Glass Knife","Phantasmal Killer"],"picked":"Grand Finale","floor":16.0},{"not_picked":["Expertise","Deflect","Sucker Punch"],"picked":"SKIP","floor":18.0},{"not_picked":["Masterful Stab","Setup"],"picked":"Heel Hook","floor":20.0},{"not_picked":["All Out Attack","Deadly Poison"],"picked":"Choke+1","floor":21.0}],"player_experience":201351,"relics_obtained":[{"floor":9.0,"key":"Juzu Bracelet"},{"floor":10.0,"key":"Meat on the Bone"}],"event_choices":[{"damage_healed":0.0,"max_hp_gain":0.0,"max_hp_loss":0.0,"gold_gain":75.0,"event_name":"World of Goop","player_choice":"Gather Gold","floor":2.0,"gold_loss":0.0,"damage_taken":11.0},{"cards_removed":["Strike_G"],"damage_healed":0.0,"max_hp_gain":0.0,"max_hp_loss":0.0,"gold_gain":0.0,"event_name":"Bonfire Elementals","player_choice":"Offered Basic","floor":3.0,"gold_loss":0.0,"damage_taken":0.0},{"damage_healed":0.0,"max_hp_gain":0.0,"max_hp_loss":0.0,"gold_gain":0.0,"event_name":"Match and Keep!","player_choice":"2 cards matched","floor":5.0,"gold_loss":0.0,"damage_taken":0.0,"cards_obtained":["Impatience","Storm of Steel"]},{"cards_removed":["Strike_G"],"damage_healed":0.0,"max_hp_gain":0.0,"max_hp_loss":0.0,"gold_gain":0.0,"event_name":"The Cleric","player_choice":"Card Removal","floor":13.0,"gold_loss":50.0,"damage_taken":0.0},{"damage_healed":0.0,"max_hp_gain":0.0,"max_hp_loss":0.0,"gold_gain":0.0,"event_name":"N\u0027loth","player_choice":"Traded Relic","floor":19.0,"relics_lost":["Juzu Bracelet"],"gold_loss":0.0,"damage_taken":0.0,"relics_obtained":["Nloth\u0027s Gift"]}],"is_beta":false,"boss_relics":[{"not_picked":["Velvet Choker","Philosopher\u0027s Stone"],"picked":"Ring of the Serpent"}],"items_purged_floors":[],"is_endless":false,"potions_floor_spawned":[4,7,12,16,18],"killed_by":"Slavers","ascension_level":0}