{"gold_per_floor":[114,114,64,64,64,64,92,92,143,154,154,169,169,200,200,301,331,347,262,272,121,135,135,150,150,150,162,162,162,162,162],"floor_reached":31,"playtime":2120,"items_purged":["Decay"],"score":313,"play_id":"c6df6b07-6b6d-47d3-ae7d-36e9f0ceacd2","local_time":"20180708122138","is_ascension_mode":true,"campfire_choices":[{"data":"Neutralize","floor":6,"key":"SMITH"},{"floor":8,"key":"REST"},{"floor":11,"key":"REST"},{"data":"Caltrops","floor":13,"key":"SMITH"},{"data":"A Thousand Cuts","floor":15,"key":"SMITH"},{"floor":23,"key":"REST"},{"data":"Envenom","floor":25,"key":"SMITH"},{"data":"Burst","floor":28,"key":"SMITH"}],"neow_cost":"TEN_PERCENT_HP_LOSS","seed_source_timestamp":2204949789720639,"circlet_count":0,"master_deck":["Defend_G","Defend_G","Defend_G","Defend_G","Defend_G","Strike_G","Strike_G","Strike_G","Strike_G","Strike_G","Survivor","Neutralize+1","Quick Slash","Deadly Poison+1","Caltrops+1","Dash","A Thousand Cuts+1","Envenom+1","Deadly Poison","Footwork+1","Acrobatics+1","Bouncing Flask","Burst+1","Cloak And Dagger"],"relics":["Ring of the Snake","Bird Faced Urn","Pantograph","Anchor","Bag of Marbles","Tiny House","Snake Skull","Question Card"],"potions_floor_usage":[7,18,22,31,31,31],"damage_taken":[{"damage":3,"enemies":"Jaw Worm","floor":1,"turns":4},{"damage":40,"enemies":"Lagavulin","floor":7,"turns":8},{"damage":0,"enemies":"Cultist","floor":10,"turns":3},{"damage":0,"enemies":"2 Louse","floor":12,"turns":2},{"damage":21,"enemies":"3 Sentries","floor":14,"turns":9},{"damage":42,"enemies":"Slime Boss","floor":16,"turns":9},{"damage":18,"enemies":"Shell Parasite","floor":18,"turns":4},{"damage":13,"enemies":"3 Byrds","floor":20,"turns":5},{"damage":24,"enemies":"Centurion and Healer","floor":22,"turns":7},{"damage":11,"enemies":"Snake Plant","floor":24,"turns":4},{"damage":4,"enemies":"Snecko","floor":27,"turns":5},{"damage":70,"enemies":"3 Cultists","floor":31,"turns":6}],"seed_played":"-8990526844032981802","potions_obtained":[{"floor":1,"key":"Fruit Juice"},{"floor":14,"key":"Regen Potion"},{"floor":16,"key":"FearPotion"},{"floor":17,"key":"Energy Potion"},{"floor":24,"key":"SteroidPotion"},{"floor":27,"key":"Swift Potion"}],"is_trial":false,"path_per_floor":["M","?","$","?","$","R","E","R","T","M","R","M","R","E","R","B",null,"M","?","M","$","M","R","M","R","T","M","R","?","?"],"character_chosen":"THE_SILENT","items_purchased":["Deadly Poison","Bouncing Flask"],"campfire_rested":3,"item_purchase_floors":[3,21],"current_hp_per_floor":[60,60,60,65,65,65,30,51,51,53,73,73,73,52,52,31,68,63,63,56,56,40,63,56,56,56,60,60,60,45,0],"gold":162,"neow_bonus":"ONE_RARE_RELIC","is_prod":false,"is_daily":false,"chose_seed":false,"campfire_upgraded":5,"win_rate":0,"timestamp":1531070498,"path_taken":["M","?","$","?","$","R","E","R","T","?","R","M","R","E","R","BOSS","M","?","M","$","M","R","M","R","T","M","R","?","?","?"],"build_version":"2018-07-05","purchased_purges":1,"victory":false,"max_hp_per_floor":[63,63,63,68,68,68,73,73,73,73,73,73,73,73,73,73,78,78,78,78,78,78,78,78,78,78,78,78,78,83,83],"card_choices":[{"not_picked":["Endless Agony","Underhanded Strike"],"picked":"Quick Slash","floor":1},{"not_picked":["PiercingWail","Concentrate"],"picked":"Caltrops","floor":7},{"not_picked":["Acrobatics","Slice"],"picked":"Dash","floor":10},{"not_picked":["Skewer","Setup","Predator"],"picked":"SKIP","floor":12},{"not_picked":["Riddle With Holes","Deflect"],"picked":"A Thousand Cuts","floor":14},{"not_picked":["Phantasmal Killer","Wraith Form v2"],"picked":"Envenom","floor":16},{"not_picked":["Deflect","Endless Agony"],"picked":"Deadly Poison","floor":17},{"not_picked":["Calculated Gamble","Flying Knee"],"picked":"Footwork+1","floor":18},{"not_picked":["Dagger Spray","Underhanded Strike"],"picked":"Acrobatics+1","floor":20},{"not_picked":["Outmaneuver+1","Choke"],"picked":"Burst","floor":22},{"not_picked":["Slice","Accuracy","Sucker Punch+1"],"picked":"SKIP","floor":24},{"not_picked":["Expertise","Dodge and Roll","PiercingWail"],"picked":"Cloak And Dagger","floor":27}],"player_experience":270604,"relics_obtained":[{"floor":7,"key":"Pantograph"},{"floor":9,"key":"Anchor"},{"floor":14,"key":"Bag of Marbles"},{"floor":26,"key":"Question Card"}],"event_choices":[{"event_name":"Wheel of Change","player_choice":"Curse","floor":2,"damage_taken":0},{"event_name":"Big Fish","player_choice":"Donut","floor":4,"damage_taken":0},{"event_name":"Addict","player_choice":"Obtained Relic","floor":19,"damage_taken":0},{"event_name":"Drug Dealer","player_choice":"Ignored","floor":29,"damage_taken":0},{"event_name":"Forgotten Altar","player_choice":"Shed Blood","floor":30,"damage_taken":0}],"boss_relics":[{"not_picked":["Velvet Choker","Snecko Eye"],"picked":"Tiny House"}],"items_purged_floors":[21],"is_endless":false,"potions_floor_spawned":[1,14,16,24,27],"killed_by":"3 Cultists","ascension_level":6}