{"gold_per_floor":[113,63,26,26,36,36,63,63,63,73,73,73,107,125,125,248,248,266,9,30,30,30,73,73,87,87,105,105,119,119,133,133,133],"floor_reached":33,"playtime":4439,"items_purged":[],"score":371,"play_id":"a8223222-05fe-4efa-ab54-7f65e4fe3731","local_time":"20180909014407","is_ascension_mode":true,"campfire_choices":[{"floor":6.0,"key":"REST"},{"data":"A Thousand Cuts","floor":11.0,"key":"SMITH"},{"floor":15.0,"key":"REST"},{"floor":24,"key":"REST"},{"floor":32,"key":"REST"}],"neow_cost":"TEN_PERCENT_HP_LOSS","seed_source_timestamp":0,"circlet_count":0,"master_deck":["Defend_G+1","Defend_G+1","Survivor+1","Neutralize","A Thousand Cuts+1","Prepared+1","Dagger Spray","Well Laid Plans","Footwork","Well Laid Plans+1","Deadly Poison","Bullet Time","Venomology+1","Setup+1","Masterful Stab+1","Corpse Explosion","Noxious Fumes+1","Prepared+1","Acrobatics+1"],"special_seed":0,"relics":["Ring of the Snake","Lantern","War Paint","Golden Idol","Odd Mushroom","Astrolabe","Kunai","Omamori","Question Card","Snake Skull"],"potions_floor_usage":[18,18,18,20,20,20,23,23,25,27,29,31,31,33,33],"damage_taken":[{"damage":0.0,"enemies":"2 Louse","floor":1.0,"turns":4.0},{"damage":1.0,"enemies":"Jaw Worm","floor":5.0,"turns":5.0},{"damage":11.0,"enemies":"Lagavulin","floor":7.0,"turns":20.0},{"damage":4.0,"enemies":"Cultist","floor":10.0,"turns":4.0},{"damage":16.0,"enemies":"The Mushroom Lair","floor":13.0,"turns":5.0},{"damage":0.0,"enemies":"Looter","floor":14.0,"turns":4.0},{"damage":23.0,"enemies":"The Guardian","floor":16.0,"turns":11.0},{"damage":0,"enemies":"3 Byrds","floor":18,"turns":3},{"damage":6,"enemies":"Spheric Guardian","floor":20,"turns":5},{"damage":36,"enemies":"Slavers","floor":23,"turns":7},{"damage":13,"enemies":"Snecko","floor":25,"turns":6},{"damage":0,"enemies":"Cultist and Chosen","floor":27,"turns":4},{"damage":12,"enemies":"Shelled Parasite and Fungi","floor":29,"turns":5},{"damage":23,"enemies":"Snake Plant","floor":31,"turns":3},{"damage":31,"enemies":"Collector","floor":33,"turns":6}],"seed_played":"-3205519687554543062","potions_obtained":[{"floor":7.0,"key":"AttackPotion"},{"floor":10.0,"key":"SpeedPotion"},{"floor":18,"key":"EssenceOfSteel"},{"floor":23,"key":"LiquidBronze"},{"floor":27,"key":"LiquidBronze"}],"is_trial":false,"path_per_floor":["M","?","$","?","M","R","E","?","T","M","R","?","?","M","R","B",null,"M","$","M","$","?","E","R","M","T","M","?","M","T","M","R"],"character_chosen":"THE_SILENT","items_purchased":["Well Laid Plans","Kunai"],"campfire_rested":4,"item_purchase_floors":[3,19],"current_hp_per_floor":[63,63,63,50,49,63,52,52,52,48,48,48,32,32,49,26,50,50,50,44,44,44,8,25,27,27,27,27,29,29,6,23,0],"gold":133,"neow_bonus":"TRANSFORM_TWO_CARDS","is_prod":false,"is_daily":false,"chose_seed":false,"campfire_upgraded":1,"win_rate":0,"timestamp":1536475447,"path_taken":["M","?","?","?","M","R","E","?","T","M","R","?","?","M","R","BOSS","M","$","M","$","?","E","R","M","T","?","?","M","?","M","R","BOSS"],"build_version":"2018-09-06","purchased_purges":0,"victory":false,"max_hp_per_floor":[63,63,63,63,63,63,63,63,63,63,63,58,58,58,58,58,58,58,58,58,58,58,58,58,58,58,58,58,58,58,58,58,58],"card_choices":[{"not_picked":["Quick Slash","Acrobatics"],"picked":"Dagger Spray","floor":1.0},{"not_picked":["Quick Slash","Infinite Blades"],"picked":"Footwork","floor":5.0},{"not_picked":["Bane","Dagger Throw","Eviscerate"],"picked":"SKIP","floor":7.0},{"not_picked":["Choke","Blade Dance"],"picked":"Well Laid Plans","floor":10.0},{"not_picked":["Storm of Steel","Bane"],"picked":"Deadly Poison","floor":13.0},{"not_picked":["Choke","Blade Dance","Skewer"],"picked":"SKIP","floor":14.0},{"not_picked":["Unload","Tools of the Trade"],"picked":"Bullet Time","floor":16.0},{"not_picked":["Dagger Throw+1","Underhanded Strike","Dagger Spray"],"picked":"SKIP","floor":18},{"not_picked":["Poisoned Stab","Blade Dance","Outmaneuver"],"picked":"SKIP","floor":20},{"not_picked":["Dagger Throw","Acrobatics"],"picked":"Corpse Explosion","floor":23},{"not_picked":["Dagger Throw","Flying Knee+1"],"picked":"Noxious Fumes+1","floor":25},{"not_picked":["Outmaneuver+1","All Out Attack","Sucker Punch"],"picked":"Prepared+1","floor":27},{"not_picked":["Prepared","Outmaneuver","Deflect","Dodge and Roll"],"picked":"SKIP","floor":29},{"not_picked":["Masterful Stab","Slice","Setup+1"],"picked":"Acrobatics+1","floor":31}],"player_experience":359821,"relics_obtained":[{"floor":7.0,"key":"Lantern"},{"floor":9.0,"key":"War Paint"},{"floor":13.0,"key":"Odd Mushroom"},{"floor":23,"key":"Omamori"},{"floor":26,"key":"Question Card"},{"floor":30,"key":"Snake Skull"}],"event_choices":[{"event_name":"The Cleric","player_choice":"Card Removal","floor":2.0,"damage_taken":0.0},{"event_name":"Shining Light","player_choice":"Entered Light","floor":4.0,"damage_taken":0.0},{"event_name":"Living Wall","player_choice":"Forget","floor":8.0,"damage_taken":0.0},{"event_name":"Golden Idol","player_choice":"Lose Max HP","floor":12.0,"damage_taken":0.0},{"event_name":"Mushrooms","player_choice":"Fought Mushrooms","floor":13.0,"damage_taken":0.0},{"event_name":"Bonfire Elementals","player_choice":"BASIC","floor":22,"damage_taken":0},{"event_name":"Upgrade Shrine","player_choice":"Upgraded","floor":28,"damage_taken":0}],"is_beta":false,"boss_relics":[{"not_picked":["HoveringKite","Ectoplasm"],"picked":"Astrolabe"}],"items_purged_floors":[],"is_endless":false,"potions_floor_spawned":[7,10,18,23,27],"killed_by":"Collector","ascension_level":8}