{"gold_per_floor":[115,115,40,58,58,58,92,103,157,167,167,183,183,183,183,288,288,306,1,1,11,11,11,11,11,11,21,21,39,58,91,91,191,191,209,229,5,5,5,34,34,54,54,383,383,397,397,415,415,415,415,415,18,46,46],"floor_reached":55,"playtime":2195,"items_purged":["Strike_B","Strike_B"],"score":1116,"play_id":"a231e20e-9a96-4c61-93ba-ab9826c3e16e","local_time":"20190204004610","is_ascension_mode":true,"campfire_choices":[{"data":"Zap","floor":6,"key":"SMITH"},{"data":"Defragment","floor":11,"key":"SMITH"},{"data":"Thunder Strike","floor":15,"key":"SMITH"},{"data":"Redo","floor":23,"key":"SMITH"},{"data":"Conserve Battery","floor":24,"key":"SMITH"},{"data":"Panache","floor":25,"key":"SMITH"},{"floor":28,"key":"REST"},{"floor":32,"key":"REST"},{"data":"Defragment","floor":41,"key":"SMITH"},{"floor":45,"key":"REST"},{"data":"Echo Form","floor":47,"key":"SMITH"},{"floor":49,"key":"RECALL"},{"data":"Capacitor","floor":52,"key":"SMITH"}],"neow_cost":"NONE","seed_source_timestamp":132469276100518,"circlet_count":0,"master_deck":["AscendersBane","Strike_B","Defend_B+1","Defend_B","Defend_B","Defend_B","Zap+1","Thunder Strike+1","Conserve Battery+1","Capacitor+1","Self Repair","Defragment+1","Cold Snap","Leap","Ball Lightning","Panacea","Panache+1","Redo+1","Zap+1","Steam+1","Steam+1","Ball Lightning","Seek+1","Coolheaded+1","Hologram","Redo+1","Cold Snap","Echo Form+1","Conserve Battery+1","Defragment+1","Finesse","Scrape+1","Chill","Biased Cognition"],"relics":["Cracked Core","Bronze Scales","Girya","Tiny Chest","WingedGreaves","Runic Pyramid","Strawberry","Orrery","War Paint","Thread and Needle","Bottled Lightning","Old Coin","Du-Vu Doll"],"potions_floor_usage":[10,12,16,27,30,31,35,39,44,50,50,55,55],"damage_taken":[{"damage":12,"enemies":"Jaw Worm","floor":1,"turns":3},{"damage":2,"enemies":"Small Slimes","floor":4,"turns":3},{"damage":24,"enemies":"Gremlin Nob","floor":7,"turns":4},{"damage":0,"enemies":"Cultist","floor":8,"turns":3},{"damage":0,"enemies":"Gremlin Gang","floor":10,"turns":3},{"damage":1,"enemies":"Blue Slaver","floor":12,"turns":3},{"damage":24,"enemies":"Slime Boss","floor":16,"turns":10},{"damage":34,"enemies":"2 Thieves","floor":18,"turns":5},{"damage":6,"enemies":"Spheric Guardian","floor":21,"turns":4},{"damage":20,"enemies":"Centurion and Healer","floor":27,"turns":6},{"damage":20,"enemies":"3 Cultists","floor":29,"turns":5},{"damage":14,"enemies":"Shelled Parasite and Fungi","floor":30,"turns":5},{"damage":39,"enemies":"Book of Stabbing","floor":31,"turns":6},{"damage":28,"enemies":"Champ","floor":33,"turns":8},{"damage":15,"enemies":"3 Darklings","floor":35,"turns":5},{"damage":10,"enemies":"3 Shapes","floor":36,"turns":3},{"damage":0,"enemies":"Writhing Mass","floor":39,"turns":2},{"damage":28,"enemies":"Giant Head","floor":40,"turns":11},{"damage":0,"enemies":"Spire Growth","floor":42,"turns":5},{"damage":26,"enemies":"Reptomancer","floor":44,"turns":6},{"damage":0,"enemies":"4 Shapes","floor":46,"turns":6},{"damage":8,"enemies":"3 Darklings","floor":48,"turns":5},{"damage":10,"enemies":"Donu and Deca","floor":50,"turns":10},{"damage":46,"enemies":"Shield and Spear","floor":54,"turns":9},{"damage":63,"enemies":"The Heart","floor":55,"turns":3}],"seed_played":"1879826977955324812","potions_obtained":[{"floor":4,"key":"Explosive Potion"},{"floor":7,"key":"Weak Potion"},{"floor":8,"key":"SkillPotion"},{"floor":12,"key":"Regen Potion"},{"floor":27,"key":"Regen Potion"},{"floor":30,"key":"Weak Potion"},{"floor":31,"key":"Poison Potion"},{"floor":35,"key":"SmokeBomb"},{"floor":40,"key":"Explosive Potion"},{"floor":44,"key":"Dexterity Potion"},{"floor":48,"key":"LiquidBronze"},{"floor":54,"key":"Energy Potion"}],"is_trial":false,"path_per_floor":["M","?","$","M","?","R","E","M","T","M","R","M","T","?","R","B",null,"M","$","?","M","?","R","R","R","T","M","R","M","M","E","R","B",null,"M","M","$","?","M","E","R","M","T","E","R","M","R","M","R","B",null,"R","$","E","B"],"character_chosen":"DEFECT","items_purchased":["Panacea","Panache","Redo","Defragment","War Paint","Biased Cognition","FairyPotion","Poison Potion"],"campfire_rested":3,"item_purchase_floors":[19,19,19,37,37,53,53,53],"current_hp_per_floor":[56,61,61,59,52,52,28,35,35,42,42,48,48,48,48,46,72,45,45,45,39,39,39,39,39,39,26,50,37,44,19,45,24,71,56,53,53,53,53,39,39,46,46,27,53,67,67,73,73,77,85,85,85,53,0],"gold":46,"neow_bonus":"ONE_RANDOM_RARE_CARD","is_prod":false,"is_daily":false,"chose_seed":false,"campfire_upgraded":9,"win_rate":0,"timestamp":1549251970,"path_taken":["M","?","$","M","?","R","E","M","T","M","R","M","?","?","R","BOSS","M","$","?","?","?","R","R","R","T","?","R","M","M","E","R","BOSS","M","?","$","?","M","E","R","M","T","E","R","M","R","M","R","BOSS","R","$","E","BOSS"],"build_version":"2018-11-15","purchased_purges":2,"victory":false,"max_hp_per_floor":[75,80,80,80,80,80,80,80,80,80,80,80,80,80,80,80,80,80,80,80,80,80,80,80,80,80,80,80,80,80,87,87,87,87,87,87,87,87,87,87,87,87,87,87,87,87,87,87,87,87,87,87,87,87,87],"card_choices":[{"not_picked":["Turbo","Melter"],"picked":"Conserve Battery","floor":1},{"not_picked":["Heatsinks","Compile Driver"],"picked":"Capacitor","floor":4},{"not_picked":["Rebound","Turbo"],"picked":"Self Repair","floor":7},{"not_picked":["Chaos","Redo"],"picked":"Defragment","floor":8},{"not_picked":["Leap","Hello World","Cold Snap"],"picked":"SKIP","floor":10},{"not_picked":["Leap","Hello World"],"picked":"Cold Snap","floor":10},{"not_picked":["Coolheaded","Consume"],"picked":"Leap","floor":12},{"not_picked":["Leap","Go for the Eyes"],"picked":"Ball Lightning","floor":18},{"not_picked":["Chaos","Streamline+1","Steam Power"],"picked":"SKIP","floor":21},{"not_picked":["Chaos","Go for the Eyes"],"picked":"Steam+1","floor":27},{"not_picked":["Sunder+1","Coolheaded"],"picked":"Steam+1","floor":29},{"not_picked":["Stack","Scrape","Compile Driver"],"picked":"SKIP","floor":30},{"not_picked":["Conserve Battery","Fusion"],"picked":"Ball Lightning","floor":31},{"not_picked":["Thunder Strike","Amplify"],"picked":"Seek","floor":33},{"not_picked":["Turbo","Ball Lightning"],"picked":"Coolheaded+1","floor":34},{"not_picked":["Redo","Leap"],"picked":"Hologram","floor":34},{"not_picked":["Capacitor+1","Rebound"],"picked":"Redo+1","floor":34},{"not_picked":["Beam Cell","Turbo"],"picked":"Cold Snap","floor":34},{"not_picked":["Scrape","Stack"],"picked":"Echo Form","floor":35},{"not_picked":["Force Field+1","Streamline+1"],"picked":"Conserve Battery+1","floor":36},{"not_picked":["Discovery","Panacea"],"picked":"Finesse","floor":38},{"not_picked":["Sweeping Beam+1","Compile Driver","Barrage+1"],"picked":"SKIP","floor":40},{"not_picked":["Stack","Compile Driver+1"],"picked":"Scrape+1","floor":42},{"not_picked":["Core Surge","Gash"],"picked":"Chill","floor":44},{"not_picked":["Redo","Barrage+1","Conserve Battery"],"picked":"SKIP","floor":46},{"not_picked":["Sweeping Beam","Stack","Go for the Eyes+1"],"picked":"SKIP","floor":48},{"not_picked":["FTL+1","Hello World+1","Creative AI"],"picked":"SKIP","floor":54}],"player_experience":81214,"relics_obtained":[{"floor":7,"key":"Girya"},{"floor":9,"key":"Tiny Chest"},{"floor":13,"key":"WingedGreaves"},{"floor":31,"key":"Strawberry"},{"floor":40,"key":"Thread and Needle"},{"floor":43,"key":"Bottled Lightning"},{"floor":44,"key":"Old Coin"},{"floor":54,"key":"Du-Vu Doll"}],"event_choices":[{"damage_healed":0,"gold_gain":0,"player_choice":"Donut","damage_taken":0,"max_hp_gain":5,"max_hp_loss":0,"event_name":"Big Fish","floor":2,"gold_loss":0},{"damage_healed":0,"gold_gain":0,"player_choice":"Success","damage_taken":7,"relics_obtained":["Bronze Scales"],"max_hp_gain":0,"max_hp_loss":0,"event_name":"Scrap Ooze","floor":5,"gold_loss":0},{"cards_removed":["Dualcast"],"damage_healed":0,"gold_gain":0,"player_choice":"Offered Basic","damage_taken":0,"max_hp_gain":0,"max_hp_loss":0,"event_name":"Bonfire Elementals","floor":14,"gold_loss":0},{"cards_removed":["Strike_B"],"damage_healed":0,"gold_gain":0,"player_choice":"Purged","damage_taken":0,"max_hp_gain":0,"max_hp_loss":0,"event_name":"Purifier","floor":20,"gold_loss":0},{"damage_healed":0,"gold_gain":0,"player_choice":"Copied","damage_taken":0,"max_hp_gain":0,"max_hp_loss":0,"event_name":"Duplicator","floor":22,"gold_loss":0,"cards_obtained":["Zap"]},{"damage_healed":0,"gold_gain":0,"player_choice":"Memory 1","damage_taken":0,"max_hp_gain":0,"max_hp_loss":0,"event_name":"SensoryStone","floor":38,"gold_loss":0}],"is_beta":false,"boss_relics":[{"not_picked":["Cursed Key","Eternal Feather"],"picked":"Runic Pyramid"},{"not_picked":["Lizard Tail","Black Star"],"picked":"Orrery"}],"items_purged_floors":[3,53],"is_endless":false,"potions_floor_spawned":[4,7,8,12,27,30,31,35,40,44,48,54],"killed_by":"The Heart","ascension_level":10}