{"gold_per_floor":[117,192,13,13,30,30,50,110,122,134,111,157,169,212,224,335,347,377,405,417,429,458,470,516,528],"floor_reached":25,"playtime":941,"items_purged":[],"score":284,"play_id":"9db081bf-4ca9-4b10-bca8-2583a394848a","local_time":"20180909142259","is_ascension_mode":true,"campfire_choices":[{"floor":6,"key":"REST"},{"floor":10,"key":"REST"},{"floor":13,"key":"REST"},{"data":"Sword Boomerang","floor":15,"key":"SMITH"},{"floor":23,"key":"REST"}],"neow_cost":"NONE","seed_source_timestamp":140975928525041,"circlet_count":0,"master_deck":["Strike_R","Strike_R","Strike_R","Strike_R","Strike_R","Defend_R","Defend_R","Defend_R","Defend_R","Bash","Cleave+1","Seeing Red","Sword Boomerang+1","Inflame","Flex","Dual Wield","Demon Form","Reaper","Intimidate","Headbutt"],"relics":["Burning Blood","Vajra","Red Skull","MawBank","Paper Frog","Pear","Pen Nib","Mark of Pain","Oddly Smooth Stone"],"potions_floor_usage":[14,22,24,25],"damage_taken":[{"damage":10,"enemies":"Small Slimes","floor":1,"turns":3},{"damage":7,"enemies":"Jaw Worm","floor":5,"turns":3},{"damage":6,"enemies":"Cultist","floor":7,"turns":3},{"damage":57,"enemies":"Lagavulin Event","floor":8,"turns":6},{"damage":35,"enemies":"Lagavulin","floor":12,"turns":4},{"damage":8,"enemies":"Gremlin Nob","floor":14,"turns":3},{"damage":48,"enemies":"The Guardian","floor":16,"turns":6},{"damage":12,"enemies":"Chosen","floor":18,"turns":3},{"damage":23,"enemies":"Shell Parasite","floor":19,"turns":4},{"damage":20,"enemies":"Snecko","floor":22,"turns":4},{"damage":96,"enemies":"Slavers","floor":24,"turns":5},{"damage":49,"enemies":"Cultist and Chosen","floor":25,"turns":6}],"seed_played":"-4971795377979977882","potions_obtained":[{"floor":7,"key":"Dexterity Potion"},{"floor":12,"key":"AttackPotion"},{"floor":16,"key":"BloodPotion"},{"floor":19,"key":"Swift Potion"},{"floor":24,"key":"SneckoOil"}],"is_trial":false,"path_per_floor":["M","?","$","?","M","R","M","?","T","R","?","E","R","E","R","B",null,"M","M","?","?","M","R","E"],"character_chosen":"IRONCLAD","items_purchased":["Red Skull","Seeing Red"],"campfire_rested":4,"item_purchase_floors":[3,3],"current_hp_per_floor":[76,65,65,65,64,80,80,29,29,53,73,54,81,79,79,37,77,71,54,54,84,76,90,27,0],"gold":528,"neow_bonus":"RANDOM_COMMON_RELIC","is_prod":false,"is_daily":false,"chose_seed":false,"campfire_upgraded":1,"win_rate":0,"timestamp":1536492179,"path_taken":["M","?","$","?","?","R","M","?","T","R","?","E","R","E","R","BOSS","M","M","?","?","?","R","E","M"],"build_version":"2018-09-06","purchased_purges":0,"victory":false,"max_hp_per_floor":[80,80,80,80,80,80,80,80,80,80,80,90,90,90,90,90,90,90,90,90,90,90,90,90,90],"card_choices":[{"not_picked":["True Grit","Body Slam"],"picked":"Cleave","floor":1},{"not_picked":["Wild Strike","Clash"],"picked":"Sword Boomerang","floor":5},{"not_picked":["Impervious","Intimidate"],"picked":"Inflame","floor":7},{"not_picked":["Battle Trance","Havoc"],"picked":"Flex","floor":8},{"not_picked":["Thunderclap","Body Slam"],"picked":"Dual Wield","floor":12},{"not_picked":["Seeing Red","Body Slam","Perfected Strike"],"picked":"SKIP","floor":14},{"not_picked":["Dark Embrace","Exhume"],"picked":"Demon Form","floor":16},{"not_picked":["Sword Boomerang","True Grit+1","Body Slam+1"],"picked":"SKIP","floor":18},{"not_picked":["Body Slam","Anger"],"picked":"Reaper","floor":19},{"not_picked":["Wild Strike","Shrug It Off"],"picked":"Intimidate","floor":22},{"not_picked":["Twin Strike","Bloodletting"],"picked":"Headbutt","floor":24}],"player_experience":158293,"relics_obtained":[{"floor":9,"key":"Paper Frog"},{"floor":12,"key":"Pear"},{"floor":14,"key":"Pen Nib"},{"floor":24,"key":"Oddly Smooth Stone"}],"event_choices":[{"event_name":"World of Goop","player_choice":"Gather Gold","floor":2,"damage_taken":0},{"event_name":"Living Wall","player_choice":"Grow","floor":4,"damage_taken":0},{"event_name":"Dead Adventurer","player_choice":"Searched \u00273\u0027 times","floor":8,"damage_taken":0},{"event_name":"The Cleric","player_choice":"Healed","floor":11,"damage_taken":0},{"event_name":"Vampires","player_choice":"Ignored","floor":20,"damage_taken":0},{"event_name":"The Library","player_choice":"Heal","floor":21,"damage_taken":0}],"is_beta":false,"boss_relics":[{"not_picked":["Pandora\u0027s Box","Empty Cage"],"picked":"Mark of Pain"}],"items_purged_floors":[],"is_endless":false,"potions_floor_spawned":[7,12,16,19,24],"killed_by":"Cultist and Chosen","ascension_level":5}