{"gold_per_floor":[115,115,23,23,198,228,278,278,327,103,103,119,37,47,47,143,143,158,186,196,196],"floor_reached":21,"playtime":766,"items_purged":[],"score":175,"play_id":"78224357-26ab-4d90-9675-08c6f0122d7a","local_time":"20190207080053","is_ascension_mode":false,"campfire_choices":[{"floor":11.0,"key":"REST"},{"data":"Loop","floor":15,"key":"SMITH"}],"neow_cost":"NONE","seed_source_timestamp":39142975696795,"circlet_count":0,"master_deck":["Strike_B","Strike_B","Strike_B","Strike_B","Defend_B","Defend_B","Defend_B","Defend_B","Zap","Dualcast","Static Discharge+1","Bandage Up","Go for the Eyes","Heatsinks","Leap","Loop+1","Gash","Go for the Eyes","Biased Cognition","Gash","Darkness","Go for the Eyes"],"special_seed":0,"relics":["Cracked Core","Bottled Flame","Centennial Puzzle","Potion Belt","Regal Pillow","Philosopher\u0027s Stone","Red Mask"],"potions_floor_usage":[19,21],"damage_taken":[{"damage":6.0,"enemies":"2 Louse","floor":1.0,"turns":3.0},{"damage":34.0,"enemies":"Gremlin Nob","floor":6.0,"turns":4.0},{"damage":9.0,"enemies":"Cultist","floor":12.0,"turns":4.0},{"damage":11,"enemies":"Jaw Worm","floor":14,"turns":4},{"damage":32,"enemies":"Hexaghost","floor":16,"turns":7},{"damage":13,"enemies":"Chosen","floor":18,"turns":5},{"damage":35,"enemies":"Masked Bandits","floor":19,"turns":4},{"damage":39,"enemies":"3 Byrds","floor":20,"turns":4},{"damage":3,"enemies":"Shelled Parasite and Fungi","floor":21,"turns":1}],"seed_played":"7166513083792990693","potions_obtained":[{"floor":1.0,"key":"Block Potion"},{"floor":6.0,"key":"Strength Potion"},{"floor":12.0,"key":"Swift Potion"},{"floor":18,"key":"SteroidPotion"},{"floor":19,"key":"SteroidPotion"}],"is_trial":false,"path_per_floor":["M","?","$","?","?","E","T","?","T","$","R","M","$","M","R","B",null,"M","?","M","M"],"character_chosen":"DEFECT","items_purchased":["Bandage Up","Heatsinks","Regal Pillow","Loop","Gash"],"campfire_rested":1,"item_purchase_floors":[3,10,10,13,13],"current_hp_per_floor":[76,76,76,76,76,42,42,42,42,42,81,73,73,66,66,38,82,69,38,3,0],"gold":196,"neow_bonus":"TEN_PERCENT_HP_BONUS","is_prod":false,"is_daily":false,"chose_seed":false,"campfire_upgraded":1,"win_rate":0.0,"timestamp":1549515653,"path_taken":["M","?","?","?","?","E","?","?","T","$","R","M","?","M","R","BOSS","M","?","M","M"],"build_version":"2019-01-23","purchased_purges":0,"victory":false,"max_hp_per_floor":[82,82,82,82,82,82,82,82,82,82,82,82,82,82,82,82,82,82,82,82,82],"card_choices":[{"not_picked":["Stack","Steam"],"picked":"Static Discharge","floor":1.0},{"not_picked":["Machine Learning","Darkness"],"picked":"Go for the Eyes","floor":6.0},{"not_picked":["Cold Snap","Aggregate"],"picked":"Leap","floor":12.0},{"not_picked":["Tempest","Redo"],"picked":"Go for the Eyes","floor":14},{"not_picked":["Rainbow","Amplify"],"picked":"Biased Cognition","floor":16},{"not_picked":["Blizzard","Storm"],"picked":"Gash","floor":18},{"not_picked":["Leap+1","Compile Driver"],"picked":"Darkness","floor":19},{"not_picked":["Conserve Battery","Hologram"],"picked":"Go for the Eyes","floor":20}],"player_experience":221300,"relics_obtained":[{"floor":6.0,"key":"Bottled Flame"},{"floor":7.0,"key":"Centennial Puzzle"},{"floor":9.0,"key":"Potion Belt"},{"floor":19,"key":"Red Mask"}],"event_choices":[{"damage_healed":0.0,"max_hp_gain":0.0,"max_hp_loss":0.0,"gold_gain":0.0,"event_name":"Upgrade Shrine","player_choice":"Upgraded","floor":2.0,"gold_loss":0.0,"damage_taken":0.0,"cards_upgraded":["Static Discharge"]},{"damage_healed":0.0,"max_hp_gain":0.0,"max_hp_loss":0.0,"gold_gain":0.0,"event_name":"The Cleric","player_choice":"Leave","floor":4.0,"gold_loss":0.0,"damage_taken":0.0},{"damage_healed":0.0,"max_hp_gain":0.0,"max_hp_loss":0.0,"gold_gain":175.0,"event_name":"Liars Game","player_choice":"AGREE","floor":5.0,"gold_loss":0.0,"damage_taken":0.0,"cards_obtained":["Doubt"]},{"cards_removed":["Doubt"],"damage_healed":0.0,"max_hp_gain":0.0,"max_hp_loss":0.0,"gold_gain":0.0,"event_name":"Living Wall","player_choice":"Forget","floor":8.0,"gold_loss":0.0,"damage_taken":0.0},{"damage_healed":0,"gold_gain":0,"player_choice":"Fought Bandits","damage_taken":0,"max_hp_gain":0,"max_hp_loss":0,"event_name":"Masked Bandits","floor":19,"gold_loss":0}],"is_beta":false,"boss_relics":[{"not_picked":["Astrolabe","Busted Crown"],"picked":"Philosopher\u0027s Stone"}],"items_purged_floors":[],"is_endless":false,"potions_floor_spawned":[1,6,12,18,19],"killed_by":"Shelled Parasite and Fungi","ascension_level":0}