{"gold_per_floor":[115,165,165,181,181,214,214,242,289,319,25,35,35,47,47,151,151,166,73,73,73,73,73,87,87,87,97,97,166,197,208,208,304,304,316,335,305,18,18,44,44,5,5,5,24,37,37,37,37,37],"floor_reached":51,"playtime":5337,"items_purged":["Normality"],"score":734,"play_id":"8da5050d-ec6c-4b1b-92bc-718ed483a19e","local_time":"20180715185131","is_ascension_mode":false,"campfire_choices":[{"floor":7.0,"key":"REST"},{"floor":13.0,"key":"REST"},{"floor":15.0,"key":"REST"},{"data":"After Image","floor":23.0,"key":"SMITH"},{"floor":28.0,"key":"REST"},{"data":"Distraction","floor":32.0,"key":"SMITH"},{"data":"Infinite Blades","floor":41,"key":"SMITH"},{"floor":47,"key":"REST"},{"data":"Backstab","floor":49,"key":"SMITH"}],"neow_cost":"","seed_source_timestamp":692689189603358,"circlet_count":0,"master_deck":["Defend_G","Defend_G","Defend_G","Defend_G","Defend_G","Strike_G","Strike_G","Strike_G","Strike_G","Strike_G","Survivor","Leg Sweep","Deadly Poison","Backflip","Backstab","Distraction+1","Backstab+1","Dagger Spray","Skewer","After Image+1","Outmaneuver","PiercingWail","Infinite Blades+1","Underhanded Strike+1","After Image+1","Malaise+1","PiercingWail+1","Dagger Throw","Die Die Die","Flying Knee","PiercingWail+1","Leg Sweep","Madness","Madness","Distraction","Dagger Throw","Backstab+1"],"special_seed":0,"relics":["Ring of the Serpent","Lantern","Orichalcum","Torii","Bottled Lightning","Ancient Tea Set","Vajra","Happy Flower","Snake Skull","Pantograph","Boot","Busted Crown","Gremlin Horn","Juzu Bracelet","Darkstone Periapt"],"potions_floor_usage":[40,45,50,50,50],"damage_taken":[{"damage":0.0,"enemies":"Cultist","floor":1.0,"turns":3.0},{"damage":2.0,"enemies":"Jaw Worm","floor":4.0,"turns":6.0},{"damage":16.0,"enemies":"Gremlin Nob","floor":6.0,"turns":6.0},{"damage":15.0,"enemies":"Lagavulin","floor":8.0,"turns":10.0},{"damage":26.0,"enemies":"Gremlin Nob","floor":10.0,"turns":7.0},{"damage":0.0,"enemies":"2 Louse","floor":12.0,"turns":2.0},{"damage":1.0,"enemies":"Looter","floor":14.0,"turns":3.0},{"damage":31.0,"enemies":"Slime Boss","floor":16.0,"turns":9.0},{"damage":1.0,"enemies":"Shell Parasite","floor":18.0,"turns":7.0},{"damage":5.0,"enemies":"3 Byrds","floor":24.0,"turns":4.0},{"damage":0.0,"enemies":"Centurion and Healer","floor":27.0,"turns":7.0},{"damage":7.0,"enemies":"Book of Stabbing","floor":30.0,"turns":8.0},{"damage":7.0,"enemies":"Slaver and Parasite","floor":31.0,"turns":8.0},{"damage":15.0,"enemies":"Collector","floor":33.0,"turns":11.0},{"damage":1.0,"enemies":"3 Darklings","floor":35.0,"turns":6.0},{"damage":0.0,"enemies":"Flame Bruiser 1 Orb","floor":36.0,"turns":6.0},{"damage":0,"enemies":"Nemesis","floor":40,"turns":7},{"damage":0,"enemies":"Sphere and 2 Shapes","floor":45,"turns":4},{"damage":1,"enemies":"4 Shapes","floor":46,"turns":6},{"damage":61,"enemies":"Donu and Deca","floor":50,"turns":14}],"seed_played":"-852757037539006253","potions_obtained":[{"floor":1.0,"key":"Strength Potion"},{"floor":8.0,"key":"LiquidBronze"},{"floor":12.0,"key":"Fire Potion"},{"floor":24.0,"key":"Regen Potion"},{"floor":31.0,"key":"EssenceOfSteel"},{"floor":33.0,"key":"Fire Potion"},{"floor":36.0,"key":"Ancient Potion"},{"floor":37.0,"key":"Explosive Potion"},{"floor":37.0,"key":"Ancient Potion"},{"floor":45,"key":"Strength Potion"},{"floor":46,"key":"SkillPotion"}],"is_trial":false,"path_per_floor":["M","T","?","M","?","E","R","E","T","E","$","M","R","M","R","B",null,"M","$","?","?","?","R","M","?","T","M","R","T","E","M","R","B",null,"M","M","?","$","?","E","R","$","T","$","M","M","R","?","R","B"],"character_chosen":"THE_SILENT","items_purchased":["Backstab","Happy Flower","PiercingWail","Infinite Blades","Gremlin Horn","Leg Sweep","Distraction"],"campfire_rested":5,"item_purchase_floors":[11,11,19,19,38,38,42],"current_hp_per_floor":[70,70,70,68,68,52,70,55,55,29,29,29,50,49,70,39,70,69,69,62,62,62,62,57,57,57,57,70,70,68,61,61,55,70,69,69,69,69,60,60,60,60,60,60,60,59,70,70,70,9],"gold":37,"neow_bonus":"","is_prod":false,"is_daily":false,"chose_seed":false,"campfire_upgraded":4,"win_rate":0.0,"timestamp":1531669891,"path_taken":["M","?","?","M","?","E","R","E","T","E","$","M","R","?","R","BOSS","M","$","?","?","?","R","?","?","T","M","R","?","E","M","R","BOSS","M","M","?","$","?","E","R","?","T","?","M","M","R","?","R","BOSS"],"build_version":"2018-07-12","purchased_purges":1,"victory":true,"max_hp_per_floor":[70,70,70,70,70,70,70,70,70,70,70,70,70,70,70,70,70,70,70,70,70,70,70,70,70,70,70,70,70,70,70,70,70,70,70,70,70,70,70,70,70,70,70,70,70,70,70,70,70,70],"card_choices":[{"not_picked":["Expertise","Underhanded Strike"],"picked":"Leg Sweep","floor":1.0},{"not_picked":["Expertise","Leg Sweep"],"picked":"Deadly Poison","floor":4.0},{"not_picked":["Quick Slash","Doppelganger"],"picked":"Backflip","floor":6.0},{"not_picked":["Deadly Poison","Quick Slash"],"picked":"Backstab","floor":8.0},{"not_picked":["Deadly Poison","Quick Slash"],"picked":"Distraction","floor":10.0},{"not_picked":["Acrobatics","Dagger Throw"],"picked":"Dagger Spray","floor":12.0},{"not_picked":["Calculated Gamble","Wraith Form v2"],"picked":"Skewer","floor":14.0},{"not_picked":["Phantasmal Killer","Doppelganger"],"picked":"After Image","floor":16.0},{"not_picked":["Flechettes+1","Distraction"],"picked":"Outmaneuver","floor":18.0},{"not_picked":["Distraction","Masterful Stab"],"picked":"Underhanded Strike+1","floor":24.0},{"not_picked":["Dagger Spray","Flechettes"],"picked":"Malaise+1","floor":27.0},{"not_picked":["Skewer+1","Outmaneuver"],"picked":"PiercingWail+1","floor":30.0},{"not_picked":["Acrobatics","Quick Slash+1"],"picked":"Dagger Throw","floor":31.0},{"not_picked":["Bullet Time","Night Terror"],"picked":"Die Die Die","floor":33.0},{"not_picked":[],"picked":"Flying Knee","floor":35.0},{"not_picked":[],"picked":"PiercingWail+1","floor":36.0},{"not_picked":["Malaise"],"picked":"SKIP","floor":40},{"not_picked":[],"picked":"Dagger Throw","floor":45},{"not_picked":[],"picked":"Backstab+1","floor":46}],"player_experience":46799,"relics_obtained":[{"floor":2.0,"key":"Lantern"},{"floor":6.0,"key":"Torii"},{"floor":8.0,"key":"Bottled Lightning"},{"floor":9.0,"key":"Ancient Tea Set"},{"floor":10.0,"key":"Vajra"},{"floor":26.0,"key":"Snake Skull"},{"floor":29.0,"key":"Pantograph"},{"floor":30.0,"key":"Boot"},{"floor":40,"key":"Juzu Bracelet"},{"floor":43,"key":"Darkstone Periapt"}],"event_choices":[{"event_name":"Accursed Blacksmith","player_choice":"Rummage","floor":3.0,"damage_taken":0.0},{"event_name":"Living Wall","player_choice":"Grow","floor":5.0,"damage_taken":0.0},{"event_name":"Knowing Skull","player_choice":"","floor":20.0,"damage_taken":0.0},{"event_name":"Drug Dealer","player_choice":"Ignored","floor":21.0,"damage_taken":0.0},{"event_name":"Ghosts","player_choice":"Ignored","floor":22.0,"damage_taken":0.0},{"event_name":"Duplicator","player_choice":"One dupe","floor":25.0,"damage_taken":0.0},{"event_name":"The Woman in Blue","player_choice":"Bought 2 Potions","floor":37.0,"damage_taken":0.0},{"event_name":"Winding Halls","player_choice":"Embrace Madness","floor":39,"damage_taken":0},{"event_name":"Falling","player_choice":"Removed Attack","floor":48,"damage_taken":0}],"boss_relics":[{"not_picked":["Velvet Choker","Fusion Hammer"],"picked":"Ring of the Serpent"},{"not_picked":["Runic Pyramid","Tiny House"],"picked":"Busted Crown"}],"items_purged_floors":[11],"is_endless":false,"potions_floor_spawned":[1,8,12,14,24,31,33,36,45,46],"ascension_level":0}