{"gold_per_floor":[117,117,82,82,101,133,133,23,49,49,67,81,101,101,101,203,203,213,213,186,216,216,216,235,235],"floor_reached":25,"playtime":1634,"items_purged":[],"score":201,"play_id":"43eebed1-3898-40dc-8f1b-9a17a0d40f78","local_time":"20190214220758","is_ascension_mode":false,"campfire_choices":[{"floor":7,"key":"REST"},{"floor":10,"key":"RECALL"},{"floor":15,"key":"REST"},{"floor":23,"key":"REST"}],"neow_cost":"PERCENT_DAMAGE","seed_source_timestamp":11248061807190,"circlet_count":0,"master_deck":["Defend_G","Defend_G","Defend_G+1","Strike_G","Strike_G+1","Strike_G","Survivor","Neutralize+1","Dagger Throw","After Image","Dodge and Roll","Infinite Blades+1","Heel Hook","Backflip","Flying Knee","Backflip","Glass Knife","PiercingWail","Heel Hook+1","Outmaneuver","Prepared"],"relics":["Ring of the Snake","Mummified Hand","Red Mask","Nloth\u0027s Gift"],"potions_floor_usage":[6,12,16,20,21,21,21,24],"damage_taken":[{"damage":0,"enemies":"Small Slimes","floor":1,"turns":3},{"damage":6,"enemies":"2 Louse","floor":5,"turns":2},{"damage":20,"enemies":"3 Sentries","floor":6,"turns":11},{"damage":0,"enemies":"Cultist","floor":11,"turns":4},{"damage":0,"enemies":"Exordium Wildlife","floor":12,"turns":2},{"damage":0,"enemies":"Large Slime","floor":13,"turns":5},{"damage":19,"enemies":"The Guardian","floor":16,"turns":15},{"damage":11,"enemies":"Spheric Guardian","floor":18,"turns":5},{"damage":14,"enemies":"2 Thieves","floor":20,"turns":5},{"damage":31,"enemies":"Masked Bandits","floor":21,"turns":8},{"damage":29,"enemies":"Cultist and Chosen","floor":24,"turns":9},{"damage":6,"enemies":"Centurion and Healer","floor":25,"turns":1}],"seed_played":"6536803967134760080","potions_obtained":[{"floor":5,"key":"PowerPotion"},{"floor":6,"key":"AttackPotion"},{"floor":12,"key":"Weak Potion"},{"floor":19,"key":"Weak Potion"},{"floor":19,"key":"Swift Potion"},{"floor":19,"key":"Dexterity Potion"},{"floor":20,"key":"AttackPotion"},{"floor":21,"key":"FearPotion"}],"is_trial":false,"path_per_floor":["M","?","?","?","M","E","R","$","T","R","M","M","M","?","R","B",null,"M","?","M","?","?","R","M","M"],"character_chosen":"THE_SILENT","items_purchased":["Infinite Blades","Heel Hook"],"campfire_rested":3,"item_purchase_floors":[8,8],"current_hp_per_floor":[49,35,52,52,46,26,47,47,47,47,47,47,47,47,68,49,70,59,59,45,14,14,35,6,0],"gold":235,"neow_bonus":"REMOVE_TWO","is_prod":false,"is_daily":false,"chose_seed":false,"campfire_upgraded":0,"win_rate":0,"timestamp":1550200078,"path_taken":["M","?","?","?","M","E","R","$","T","R","M","?","M","?","R","BOSS","M","?","?","?","?","R","M","?"],"build_version":"2019-01-23","purchased_purges":0,"victory":false,"max_hp_per_floor":[70,70,70,70,70,70,70,70,70,70,70,70,70,70,70,70,70,70,70,70,70,70,70,70,70],"card_choices":[{"not_picked":["PiercingWail","Tactician"],"picked":"Dagger Throw","floor":1},{"not_picked":["Deflect","Dagger Spray"],"picked":"After Image","floor":5},{"not_picked":["Skewer","PiercingWail"],"picked":"Dodge and Roll","floor":6},{"not_picked":["Sucker Punch","Distraction"],"picked":"Backflip","floor":11},{"not_picked":["Sucker Punch","Acrobatics"],"picked":"Flying Knee","floor":12},{"not_picked":["Footwork","Skewer"],"picked":"Backflip","floor":13},{"not_picked":["Wraith Form v2","Tools of the Trade"],"picked":"Glass Knife","floor":16},{"not_picked":["Footwork","Choke+1"],"picked":"PiercingWail","floor":18},{"not_picked":["Dagger Spray+1","Deadly Poison"],"picked":"Heel Hook+1","floor":20},{"not_picked":["Heel Hook","Dodge and Roll"],"picked":"Outmaneuver","floor":21},{"not_picked":["Sucker Punch","Endless Agony"],"picked":"Prepared","floor":24}],"player_experience":41103,"relics_obtained":[{"floor":6,"key":"Mummified Hand"},{"floor":21,"key":"Red Mask"}],"event_choices":[{"damage_healed":0,"gold_gain":0,"player_choice":"Entered Light","damage_taken":14,"max_hp_gain":0,"max_hp_loss":0,"event_name":"Shining Light","floor":2,"gold_loss":0,"cards_upgraded":["Strike_G","Defend_G"]},{"damage_healed":17,"gold_gain":0,"player_choice":"Healed","damage_taken":0,"max_hp_gain":0,"max_hp_loss":0,"event_name":"The Cleric","floor":3,"gold_loss":35},{"damage_healed":0,"gold_gain":0,"player_choice":"Upgraded","damage_taken":0,"max_hp_gain":0,"max_hp_loss":0,"event_name":"Upgrade Shrine","floor":4,"gold_loss":0,"cards_upgraded":["Neutralize"]},{"damage_healed":0,"gold_gain":0,"player_choice":"Grow","damage_taken":0,"max_hp_gain":0,"max_hp_loss":0,"event_name":"Living Wall","floor":14,"gold_loss":0,"cards_upgraded":["Infinite Blades"]},{"damage_healed":0,"gold_gain":0,"player_choice":"Got Potions","damage_taken":0,"max_hp_gain":0,"max_hp_loss":0,"event_name":"Lab","floor":19,"gold_loss":0},{"damage_healed":0,"gold_gain":0,"player_choice":"Fought Bandits","damage_taken":0,"max_hp_gain":0,"max_hp_loss":0,"event_name":"Masked Bandits","floor":21,"gold_loss":0},{"damage_healed":0,"gold_gain":0,"player_choice":"Traded Relic","damage_taken":0,"relics_obtained":["Nloth\u0027s Gift"],"max_hp_gain":0,"max_hp_loss":0,"event_name":"N\u0027loth","floor":22,"relics_lost":["Empty Cage"],"gold_loss":0}],"is_beta":false,"boss_relics":[{"not_picked":["Coffee Dripper","Runic Dome"],"picked":"Empty Cage"}],"items_purged_floors":[],"is_endless":false,"potions_floor_spawned":[5,6,12,20,21],"killed_by":"Centurion and Healer","ascension_level":0}