{"gold_per_floor":[109,119,44,59,59,84,84,102,125,139,139,139,155,174,174,278,278,294,324,224,243,243,243,261,287,287,312,322,341,341,358,358,358],"floor_reached":33,"playtime":1244,"items_purged":["Defend_R","Power Through"],"score":291,"play_id":"813d6397-20cd-4a04-a511-71cb6b15f464","local_time":"20190211195933","is_ascension_mode":false,"campfire_choices":[{"data":"Bash","floor":7.0,"key":"SMITH"},{"floor":11.0,"key":"REST"},{"data":"Dropkick","floor":15.0,"key":"SMITH"},{"data":"Shrug It Off","floor":23.0,"key":"SMITH"},{"floor":30.0,"key":"REST"},{"data":"Clash","floor":32,"key":"SMITH"}],"neow_cost":"NONE","seed_source_timestamp":0,"circlet_count":0,"master_deck":["Bash+1","Shrug It Off+1","Dropkick+1","Shrug It Off","Clash+1","Offering","Anger","Reaper","Clash","Fiend Fire","Thunderclap"],"special_seed":0,"relics":["Burning Blood","Ancient Tea Set","Dream Catcher","Pandora\u0027s Box","Tiny Chest","Lantern","Letter Opener","Incense Burner"],"potions_floor_usage":[],"damage_taken":[{"damage":0.0,"enemies":"Cultist","floor":1.0,"turns":3.0},{"damage":8.0,"enemies":"2 Louse","floor":2.0,"turns":3.0},{"damage":10.0,"enemies":"Jaw Worm","floor":4.0,"turns":3.0},{"damage":60.0,"enemies":"Lagavulin","floor":6.0,"turns":7.0},{"damage":0.0,"enemies":"Looter","floor":8.0,"turns":2.0},{"damage":16.0,"enemies":"Exordium Thugs","floor":10.0,"turns":7.0},{"damage":4.0,"enemies":"Red Slaver","floor":13.0,"turns":4.0},{"damage":0.0,"enemies":"2 Fungi Beasts","floor":14.0,"turns":3.0},{"damage":46.0,"enemies":"The Guardian","floor":16.0,"turns":10.0},{"damage":6.0,"enemies":"Spheric Guardian","floor":18.0,"turns":3.0},{"damage":8.0,"enemies":"Shell Parasite","floor":21.0,"turns":2.0},{"damage":6.0,"enemies":"Snake Plant","floor":24.0,"turns":2.0},{"damage":12.0,"enemies":"Book of Stabbing","floor":25.0,"turns":4.0},{"damage":38.0,"enemies":"Gremlin Leader","floor":27.0,"turns":3.0},{"damage":22.0,"enemies":"Shelled Parasite and Fungi","floor":28.0,"turns":3.0},{"damage":6.0,"enemies":"Cultist and Chosen","floor":29.0,"turns":3.0},{"damage":6,"enemies":"Centurion and Healer","floor":31,"turns":2},{"damage":83,"enemies":"Automaton","floor":33,"turns":6}],"seed_played":"-7936379383918568598","potions_obtained":[{"floor":1.0,"key":"EssenceOfSteel"},{"floor":6.0,"key":"SteroidPotion"},{"floor":13.0,"key":"SmokeBomb"},{"floor":14.0,"key":"FearPotion"}],"is_trial":false,"path_per_floor":["M","M","$","M","$","E","R","M","T","M","R","?","M","M","R","B",null,"M","T","$","M","?","R","M","E","T","E","M","M","R","M","R","B"],"character_chosen":"IRONCLAD","items_purchased":[],"campfire_rested":2,"item_purchase_floors":[],"current_hp_per_floor":[80,78,78,74,74,20,20,26,26,16,40,40,42,48,48,8,80,80,80,80,78,78,78,80,74,74,48,36,44,68,76,76,0],"gold":358,"neow_bonus":"THREE_CARDS","is_prod":false,"is_daily":false,"chose_seed":false,"campfire_upgraded":4,"win_rate":0,"timestamp":1549904373,"path_taken":["M","M","$","M","$","E","R","M","T","M","R","?","?","M","R","BOSS","M","?","$","M","?","R","M","E","T","E","M","M","R","M","R","BOSS"],"build_version":"2019-01-23","purchased_purges":2,"victory":false,"max_hp_per_floor":[80,80,80,80,80,80,80,80,80,80,80,80,80,80,80,80,80,80,80,80,80,80,80,80,80,80,80,80,80,80,80,80,80],"card_choices":[{"not_picked":["Sword Boomerang","Dual Wield"],"picked":"Shrug It Off","floor":0.0},{"not_picked":["Sever Soul","Clothesline","Warcry"],"picked":"SKIP","floor":1.0},{"not_picked":["Shrug It Off","Sentinel","Warcry"],"picked":"SKIP","floor":2.0},{"not_picked":["Warcry","Headbutt"],"picked":"Dropkick","floor":4.0},{"not_picked":["Bloodletting","Armaments","Sentinel"],"picked":"SKIP","floor":6.0},{"not_picked":["Searing Blow","Wild Strike","Intimidate"],"picked":"SKIP","floor":8.0},{"not_picked":["Reckless Charge","Perfected Strike","Sentinel"],"picked":"SKIP","floor":10.0},{"not_picked":["Anger","Pommel Strike"],"picked":"Clash","floor":13.0},{"not_picked":["Warcry","Infernal Blade","Second Wind"],"picked":"SKIP","floor":14.0},{"not_picked":["Uppercut","Sever Soul","Clash+1"],"picked":"SKIP","floor":18.0},{"not_picked":["Havoc","Metallicize+1","Pommel Strike"],"picked":"SKIP","floor":21.0},{"not_picked":["Shrug It Off","Battle Trance","Whirlwind+1"],"picked":"SKIP","floor":24.0},{"not_picked":["Blood for Blood","Rampage","Pommel Strike"],"picked":"SKIP","floor":25.0},{"not_picked":["Thunderclap","Reckless Charge","Brutality"],"picked":"SKIP","floor":27.0},{"not_picked":["Sword Boomerang","Whirlwind","Reckless Charge"],"picked":"SKIP","floor":28.0},{"not_picked":["True Grit","Armaments+1","Perfected Strike+1"],"picked":"SKIP","floor":29.0},{"not_picked":["Pommel Strike","Armaments","Inflame+1"],"picked":"SKIP","floor":31}],"player_experience":323888,"relics_obtained":[{"floor":6.0,"key":"Ancient Tea Set"},{"floor":9.0,"key":"Dream Catcher"},{"floor":19.0,"key":"Tiny Chest"},{"floor":25.0,"key":"Lantern"},{"floor":26.0,"key":"Letter Opener"},{"floor":27.0,"key":"Incense Burner"}],"event_choices":[{"damage_healed":0.0,"max_hp_gain":0.0,"max_hp_loss":0.0,"gold_gain":0.0,"cards_transformed":["Strike_R"],"event_name":"Transmorgrifier","player_choice":"Transformed","floor":12.0,"gold_loss":0.0,"damage_taken":0.0,"cards_obtained":["Shrug It Off"]},{"damage_healed":0.0,"max_hp_gain":0.0,"max_hp_loss":0.0,"gold_gain":0.0,"event_name":"Ghosts","player_choice":"Ignored","floor":22.0,"gold_loss":0.0,"damage_taken":0.0}],"is_beta":false,"boss_relics":[{"not_picked":["Snecko Eye","Calling Bell"],"picked":"Pandora\u0027s Box"}],"items_purged_floors":[3,20],"is_endless":false,"potions_floor_spawned":[1,6,13,14,24,27,28,31],"killed_by":"Automaton","ascension_level":0}