{"gold_per_floor":[214,230,230,230,230,230,247,247,272,272,282,295,11,22,22,126,126,107,207,221,237,257,257,283,106,106,119,119],"floor_reached":28,"playtime":784,"items_purged":["Strike_B","Strike_B"],"score":292,"play_id":"7d7adda1-e520-43d7-99eb-a916471047a0","local_time":"20190117113307","is_ascension_mode":true,"campfire_choices":[{"data":"Zap","floor":6,"key":"SMITH"},{"data":"Auto Shields","floor":8,"key":"SMITH"},{"data":"Dualcast","floor":10,"key":"SMITH"},{"data":"Hologram","floor":15,"key":"SMITH"},{"floor":23,"key":"REST"}],"neow_cost":"NONE","seed_source_timestamp":148524899834217,"circlet_count":0,"master_deck":["Strike_B","Strike_B","Defend_B","Defend_B","Defend_B","Defend_B+1","Zap+1","Dualcast+1","Conserve Battery+1","Gash","Auto Shields+1","White Noise","Hologram+1","Gash","Glacier","All For One","White Noise+1","Gash","Gash","Loop+1","Defragment"],"relics":["Cracked Core","Dodecahedron","War Paint","DollysMirror","Sozu","PreservedInsect","Centennial Puzzle"],"potions_floor_usage":[24,24],"damage_taken":[{"damage":0,"enemies":"Small Slimes","floor":1,"turns":2},{"damage":0,"enemies":"Jaw Worm","floor":2,"turns":3},{"damage":2,"enemies":"2 Louse","floor":7,"turns":2},{"damage":6,"enemies":"Red Slaver","floor":11,"turns":4},{"damage":6,"enemies":"Looter","floor":12,"turns":3},{"damage":0,"enemies":"2 Fungi Beasts","floor":14,"turns":3},{"damage":26,"enemies":"The Guardian","floor":16,"turns":11},{"damage":12,"enemies":"2 Thieves","floor":18,"turns":5},{"damage":0,"enemies":"Spheric Guardian","floor":20,"turns":3},{"damage":14,"enemies":"Snake Plant","floor":21,"turns":6},{"damage":21,"enemies":"Snecko","floor":22,"turns":5},{"damage":15,"enemies":"Slavers","floor":24,"turns":3},{"damage":0,"enemies":"Centurion and Healer","floor":27,"turns":6},{"damage":35,"enemies":"Gremlin Leader","floor":28,"turns":4}],"seed_played":"5602241774475362386","potions_obtained":[{"floor":7,"key":"Poison Potion"},{"floor":11,"key":"EssenceOfSteel"}],"is_trial":false,"path_per_floor":["M","M","?","?","?","R","M","R","T","R","M","M","$","M","R","B",null,"M","?","M","M","M","R","E","$","T","M","E"],"character_chosen":"DEFECT","items_purchased":["DollysMirror","Defragment"],"campfire_rested":1,"item_purchase_floors":[13,25],"current_hp_per_floor":[75,75,75,63,63,63,61,61,61,61,55,49,49,49,49,23,75,63,63,63,49,28,50,35,35,35,35,0],"gold":119,"neow_bonus":"HUNDRED_GOLD","is_prod":false,"is_daily":false,"chose_seed":false,"campfire_upgraded":4,"win_rate":1,"timestamp":1547735587,"path_taken":["M","M","?","?","?","R","M","R","T","R","M","M","$","M","R","BOSS","M","?","?","M","M","R","E","$","T","M","E"],"build_version":"2018-11-15","purchased_purges":2,"victory":false,"max_hp_per_floor":[75,75,75,75,75,75,75,75,75,75,75,75,75,75,75,75,75,75,75,75,75,75,75,75,75,75,75,75],"card_choices":[{"not_picked":["Cold Snap","Compile Driver"],"picked":"Conserve Battery","floor":1},{"not_picked":["Blizzard","Stack"],"picked":"Gash","floor":2},{"not_picked":["Storm","Rebound"],"picked":"Auto Shields","floor":7},{"not_picked":["Storm","Static Discharge"],"picked":"White Noise","floor":11},{"not_picked":["Beam Cell","Coolheaded"],"picked":"Hologram","floor":12},{"not_picked":["Sunder","Stack"],"picked":"Glacier","floor":14},{"not_picked":["Multi-Cast","Core Surge"],"picked":"All For One","floor":16},{"not_picked":["Turbo","Lockon","Fusion"],"picked":"SKIP","floor":18},{"not_picked":["Chaos","Coolheaded"],"picked":"White Noise+1","floor":20},{"not_picked":["Blizzard","Skim"],"picked":"Gash","floor":21},{"not_picked":["Leap","Cold Snap+1"],"picked":"Gash","floor":22},{"not_picked":["Rainbow","Redo+1"],"picked":"Loop+1","floor":24},{"not_picked":["Loop","Hologram","Auto Shields"],"picked":"SKIP","floor":27}],"player_experience":24478,"relics_obtained":[{"floor":9,"key":"War Paint"},{"floor":24,"key":"PreservedInsect"},{"floor":26,"key":"Centennial Puzzle"}],"event_choices":[{"damage_healed":0,"gold_gain":0,"player_choice":"Ignored","damage_taken":0,"max_hp_gain":0,"max_hp_loss":0,"event_name":"Liars Game","floor":3,"gold_loss":0},{"damage_healed":0,"gold_gain":0,"player_choice":"Success","damage_taken":12,"relics_obtained":["Dodecahedron"],"max_hp_gain":0,"max_hp_loss":0,"event_name":"Scrap Ooze","floor":4,"gold_loss":0},{"damage_healed":0,"gold_gain":0,"player_choice":"Bought 0 Potions","damage_taken":0,"max_hp_gain":0,"max_hp_loss":0,"event_name":"The Woman in Blue","floor":5,"gold_loss":0},{"damage_healed":0,"gold_gain":100,"player_choice":"Pray","damage_taken":0,"max_hp_gain":0,"max_hp_loss":0,"event_name":"Golden Shrine","floor":19,"gold_loss":0}],"is_beta":false,"boss_relics":[{"not_picked":["Snecko Eye","Philosopher\u0027s Stone"],"picked":"Sozu"}],"items_purged_floors":[13,25],"is_endless":false,"potions_floor_spawned":[7,11,21,22,24],"killed_by":"Gremlin Leader","ascension_level":3}