{"gold_per_floor":[118,131,143,68,68,68,100,100,100,100,136,136,58,87,87,87],"floor_reached":16,"playtime":391,"items_purged":["Regret"],"score":133,"play_id":"746b7e85-09af-4684-a7b0-8dd7717460c3","local_time":"20190121191810","is_ascension_mode":true,"campfire_choices":[{"data":"Cloak And Dagger","floor":6,"key":"SMITH"},{"floor":10,"key":"REST"},{"data":"Neutralize","floor":12,"key":"SMITH"},{"data":"Leg Sweep","floor":15,"key":"SMITH"}],"neow_cost":"NONE","seed_source_timestamp":59723878116286,"circlet_count":0,"master_deck":["Defend_G","Defend_G","Defend_G","Defend_G","Defend_G","Strike_G","Strike_G","Strike_G","Strike_G","Strike_G","Survivor","Neutralize+1","Clumsy","Normality","Cloak And Dagger+1","Leg Sweep+1","Flying Knee+1","Infinite Blades+1","Noxious Fumes+1"],"relics":["Calling Bell","Centennial Puzzle","Singing Bowl","Mango","Molten Egg 2","PreservedInsect","Golden Idol","Frozen Egg 2","Bag of Preparation","Odd Mushroom"],"potions_floor_usage":[7,11,11],"damage_taken":[{"damage":4,"enemies":"Jaw Worm","floor":1,"turns":6},{"damage":3,"enemies":"2 Louse","floor":2,"turns":4},{"damage":4,"enemies":"Small Slimes","floor":3,"turns":4},{"damage":52,"enemies":"Gremlin Nob","floor":7,"turns":6},{"damage":13,"enemies":"Lagavulin","floor":11,"turns":6},{"damage":12,"enemies":"The Mushroom Lair","floor":14,"turns":6},{"damage":22,"enemies":"Slime Boss","floor":16,"turns":3}],"seed_played":"-1288908035123488324","potions_obtained":[{"floor":2,"key":"Swift Potion"},{"floor":3,"key":"SkillPotion"},{"floor":7,"key":"FearPotion"}],"is_trial":false,"path_per_floor":["M","M","M","$","?","R","E","?","T","R","E","R","$","?","R","B"],"character_chosen":"THE_SILENT","items_purchased":["Infinite Blades+1"],"campfire_rested":1,"item_purchase_floors":[13],"current_hp_per_floor":[80,79,75,75,68,68,16,16,16,40,29,29,29,17,17,0],"gold":87,"neow_bonus":"BOSS_RELIC","is_prod":false,"is_daily":false,"chose_seed":false,"campfire_upgraded":3,"win_rate":0,"timestamp":1548109090,"path_taken":["M","M","M","$","?","R","E","?","T","R","E","R","$","?","R","BOSS"],"build_version":"2018-11-15","purchased_purges":1,"victory":false,"max_hp_per_floor":[84,86,86,86,86,86,86,80,80,80,82,82,82,82,82,82],"card_choices":[{"not_picked":["Choke","Acrobatics"],"picked":"Cloak And Dagger","floor":1},{"not_picked":["Backflip","Dodge and Roll","Dagger Throw"],"picked":"Singing Bowl","floor":2},{"not_picked":["Flechettes","PiercingWail"],"picked":"Leg Sweep","floor":3},{"not_picked":["Flechettes+1","Deadly Poison"],"picked":"Flying Knee+1","floor":7},{"not_picked":["Flying Knee+1","Bane+1","Cloak And Dagger"],"picked":"Singing Bowl","floor":11},{"not_picked":["Acrobatics","Blade Dance"],"picked":"Noxious Fumes+1","floor":14}],"player_experience":35152,"relics_obtained":[{"floor":0,"key":"Centennial Puzzle"},{"floor":0,"key":"Singing Bowl"},{"floor":0,"key":"Mango"},{"floor":7,"key":"PreservedInsect"},{"floor":9,"key":"Frozen Egg 2"},{"floor":11,"key":"Bag of Preparation"},{"floor":14,"key":"Odd Mushroom"}],"event_choices":[{"damage_healed":0,"gold_gain":0,"player_choice":"Success","damage_taken":7,"relics_obtained":["Molten Egg 2"],"max_hp_gain":0,"max_hp_loss":0,"event_name":"Scrap Ooze","floor":5,"gold_loss":0},{"damage_healed":0,"gold_gain":0,"player_choice":"Lose Max HP","damage_taken":0,"relics_obtained":["Golden Idol"],"max_hp_gain":0,"max_hp_loss":6,"event_name":"Golden Idol","floor":8,"gold_loss":0},{"damage_healed":0,"gold_gain":0,"player_choice":"Fought Mushrooms","damage_taken":0,"max_hp_gain":0,"max_hp_loss":0,"event_name":"Mushrooms","floor":14,"gold_loss":0}],"is_beta":false,"boss_relics":[],"items_purged_floors":[4],"is_endless":false,"potions_floor_spawned":[2,3,7],"killed_by":"Slime Boss","ascension_level":5}