{"gold_per_floor":[116,135,150,225,225,225,254,254,254,254,270,156,156,175,175,272,272,238,238,251,0,100,100,199,199,199,199,234,246,246,264,264,264],"floor_reached":33,"playtime":2754,"items_purged":["Pain"],"score":263,"play_id":"4ec4165f-6bfc-46b7-aa5d-f3d01c1bde59","local_time":"20180716010209","is_ascension_mode":false,"campfire_choices":[{"floor":6.0,"key":"REST"},{"floor":8.0,"key":"REST"},{"floor":15.0,"key":"REST"},{"floor":23.0,"key":"REST"},{"floor":25.0,"key":"REST"},{"data":"Envenom","floor":27.0,"key":"SMITH"},{"floor":32.0,"key":"REST"}],"neow_cost":"CURSE","seed_source_timestamp":718763377918405,"circlet_count":0,"master_deck":["Defend_G","Defend_G","Defend_G","Defend_G","Defend_G","Strike_G","Strike_G","Strike_G","Strike_G","Strike_G","Survivor","Neutralize","Leg Sweep","Poisoned Stab","Outmaneuver","Finisher","Deflect","Heel Hook","Envenom+1","PiercingWail+1","Deadly Poison+1","Dagger Spray","Deadly Poison","Bane"],"special_seed":0,"relics":["Ring of the Snake","Gremlin Horn","Omamori","Ornamental Fan","Sozu","Mercury Hourglass","Letter Opener","Ancient Tea Set","Shuriken"],"potions_floor_usage":[],"damage_taken":[{"damage":5.0,"enemies":"Small Slimes","floor":1.0,"turns":3.0},{"damage":11.0,"enemies":"Jaw Worm","floor":2.0,"turns":7.0},{"damage":4.0,"enemies":"2 Louse","floor":3.0,"turns":3.0},{"damage":43.0,"enemies":"3 Sentries","floor":7.0,"turns":12.0},{"damage":11.0,"enemies":"Blue Slaver","floor":11.0,"turns":5.0},{"damage":7.0,"enemies":"Exordium Thugs","floor":14.0,"turns":4.0},{"damage":56.0,"enemies":"The Guardian","floor":16.0,"turns":20.0},{"damage":24.0,"enemies":"2 Thieves","floor":18.0,"turns":5.0},{"damage":20.0,"enemies":"Spheric Guardian","floor":20.0,"turns":8.0},{"damage":32.0,"enemies":"Slavers","floor":28.0,"turns":7.0},{"damage":8.0,"enemies":"Centurion and Healer","floor":29.0,"turns":7.0},{"damage":26.0,"enemies":"Snecko","floor":31.0,"turns":7.0},{"damage":62,"enemies":"Collector","floor":33,"turns":6}],"seed_played":"-9155535721574840106","potions_obtained":[{"floor":3.0,"key":"EntropicBrew"},{"floor":11.0,"key":"Poison Potion"},{"floor":16.0,"key":"SteroidPotion"}],"is_trial":false,"path_per_floor":["M","M","M","?","?","R","E","R","T","T","M","$","?","M","R","B",null,"M","?","M","$","?","R","?","R","T","R","E","M","?","M","R"],"character_chosen":"THE_SILENT","items_purchased":["Heel Hook","Mercury Hourglass"],"campfire_rested":6,"item_purchase_floors":[12,21],"current_hp_per_floor":[79,68,64,53,53,78,35,60,60,60,49,49,49,42,67,11,84,60,60,40,40,40,65,65,84,84,84,52,44,44,18,43,0],"gold":264,"neow_bonus":"TWENTY_PERCENT_HP_BONUS","is_prod":false,"is_daily":false,"chose_seed":false,"campfire_upgraded":1,"win_rate":0,"timestamp":1531692129,"path_taken":["M","M","M","?","?","R","E","R","T","?","?","?","?","M","R","BOSS","M","?","M","$","?","R","?","R","T","R","E","?","?","M","R","BOSS"],"build_version":"2018-07-12","purchased_purges":1,"victory":false,"max_hp_per_floor":[84,84,84,84,84,84,84,84,84,84,84,84,84,84,84,84,84,84,84,84,84,84,84,84,84,84,84,84,84,84,84,84,84],"card_choices":[{"not_picked":["Deflect","Riddle With Holes"],"picked":"Leg Sweep","floor":1.0},{"not_picked":["Masterful Stab","Deflect"],"picked":"Poisoned Stab","floor":2.0},{"not_picked":["Blade Dance","Dodge and Roll"],"picked":"Outmaneuver","floor":3.0},{"not_picked":["Dagger Throw","Bane"],"picked":"Finisher","floor":7.0},{"not_picked":["Bane","Prepared"],"picked":"Deflect","floor":11.0},{"not_picked":["Masterful Stab","Quick Slash","Predator"],"picked":"SKIP","floor":14.0},{"not_picked":["Venomology","Doppelganger"],"picked":"Envenom","floor":16.0},{"not_picked":["Slice","Deflect"],"picked":"PiercingWail+1","floor":18.0},{"not_picked":["Prepared","Deflect+1"],"picked":"Deadly Poison+1","floor":20.0},{"not_picked":["Expertise","Choke+1"],"picked":"Dagger Spray","floor":28.0},{"not_picked":["Deflect","Underhanded Strike"],"picked":"Deadly Poison","floor":29.0},{"not_picked":["Dagger Spray","Unload"],"picked":"Bane","floor":31.0}],"player_experience":65462,"relics_obtained":[{"floor":7.0,"key":"Gremlin Horn"},{"floor":9.0,"key":"Omamori"},{"floor":10.0,"key":"Ornamental Fan"},{"floor":26.0,"key":"Letter Opener"},{"floor":28.0,"key":"Ancient Tea Set"}],"event_choices":[{"event_name":"World of Goop","player_choice":"Gather Gold","floor":4.0,"damage_taken":0.0},{"event_name":"Shining Light","player_choice":"Ignored","floor":5.0,"damage_taken":0.0},{"event_name":"Scrap Ooze","player_choice":"unsuccessful","floor":13.0,"damage_taken":0.0},{"event_name":"Vampires","player_choice":"Ignored","floor":19.0,"damage_taken":0.0},{"event_name":"Golden Shrine","player_choice":"Pray","floor":22.0,"damage_taken":0.0},{"event_name":"Nest","player_choice":"Stole From Cult","floor":24.0,"damage_taken":0.0},{"event_name":"The Mausoleum","player_choice":"Yes","floor":30.0,"damage_taken":0.0}],"boss_relics":[{"not_picked":["Runic Pyramid","Cursed Key"],"picked":"Sozu"}],"items_purged_floors":[12],"is_endless":false,"potions_floor_spawned":[3,11,16,20],"killed_by":"Collector","ascension_level":0}