{"gold_per_floor":[115,131,143,143,163,206,206,206,206,206],"floor_reached":10,"playtime":530,"items_purged":[],"score":68,"play_id":"5a0ff9a0-e7c5-4b91-bb57-e273d179fa54","local_time":"20190216160949","is_ascension_mode":false,"campfire_choices":[{"floor":7,"key":"REST"}],"neow_cost":"NONE","seed_source_timestamp":17483743632666,"circlet_count":0,"master_deck":["Defend_G","Defend_G","Defend_G","Strike_G","Strike_G","Strike_G","Strike_G","Survivor","Neutralize","Flechettes+1","Grand Finale+1","Reflex+1","Heel Hook","Setup","Well Laid Plans","Concentrate","Infinite Blades","Pain"],"relics":["Astrolabe","Golden Idol","Bottled Tornado","WarpedTongs","The Courier"],"potions_floor_usage":[10],"damage_taken":[{"damage":0,"enemies":"Cultist","floor":1,"turns":4},{"damage":0,"enemies":"2 Louse","floor":2,"turns":2},{"damage":5,"enemies":"Small Slimes","floor":3,"turns":3},{"damage":0,"enemies":"Exordium Thugs","floor":5,"turns":3},{"damage":43,"enemies":"Gremlin Nob","floor":6,"turns":6},{"damage":27,"enemies":"Large Slime","floor":10,"turns":5}],"seed_played":"1139808852603732317","potions_obtained":[{"floor":3,"key":"GamblersBrew"}],"is_trial":false,"path_per_floor":["M","M","M","?","M","E","R","?","T","M"],"character_chosen":"THE_SILENT","items_purchased":[],"campfire_rested":1,"item_purchase_floors":[],"current_hp_per_floor":[70,70,65,48,48,5,26,26,26,0],"gold":206,"neow_bonus":"BOSS_RELIC","is_prod":false,"is_daily":false,"chose_seed":false,"campfire_upgraded":0,"win_rate":0,"timestamp":1550351389,"path_taken":["M","?","M","?","M","E","R","?","T","M"],"build_version":"2019-01-23","purchased_purges":0,"victory":false,"max_hp_per_floor":[70,70,70,70,70,70,70,70,70,70],"card_choices":[{"not_picked":["Flying Knee","Finisher"],"picked":"Heel Hook","floor":1},{"not_picked":["Deflect","PiercingWail"],"picked":"Setup","floor":2},{"not_picked":["Blade Dance","Prepared"],"picked":"Well Laid Plans","floor":3},{"not_picked":["Sucker Punch","PiercingWail"],"picked":"Concentrate","floor":5},{"not_picked":["Phantasmal Killer","Underhanded Strike"],"picked":"Infinite Blades","floor":6}],"player_experience":71298,"relics_obtained":[{"floor":6,"key":"Bottled Tornado"},{"floor":9,"key":"The Courier"}],"event_choices":[{"damage_healed":0,"gold_gain":0,"player_choice":"Take Damage","damage_taken":17,"relics_obtained":["Golden Idol"],"max_hp_gain":0,"max_hp_loss":0,"event_name":"Golden Idol","floor":4,"gold_loss":0},{"damage_healed":0,"gold_gain":0,"player_choice":"Rummage","damage_taken":0,"relics_obtained":["WarpedTongs"],"max_hp_gain":0,"max_hp_loss":0,"event_name":"Accursed Blacksmith","floor":8,"gold_loss":0,"cards_obtained":["Pain"]}],"is_beta":false,"boss_relics":[],"items_purged_floors":[],"is_endless":false,"potions_floor_spawned":[3],"killed_by":"Large Slime","ascension_level":0}