{"path_per_floor":["M","M","$","M","$","E","R","?","T","M","R","M","E","?","R","B",null,"M","$","M","M","$"],"character_chosen":"IRONCLAD","items_purchased":["Flame Barrier"],"gold_per_floor":[118,138,63,74,2,33,33,33,33,50,50,68,96,96,96,201,201,190,90,110,122,122,122],"floor_reached":23,"campfire_rested":1,"playtime":1941,"item_purchase_floors":[5],"current_hp_per_floor":[80,80,80,80,80,46,46,46,46,48,48,36,21,14,38,18,80,69,69,66,49,49,0],"items_purged":["Defend_R","Defend_R"],"gold":122,"score":201,"play_id":"6f099f76-119a-4118-bceb-dc46a7a0d380","local_time":"20180528130741","is_prod":false,"is_daily":false,"chose_seed":false,"is_ascension_mode":false,"campfire_upgraded":2,"win_rate":0,"timestamp":1527530861,"campfire_choices":[{"data":"Metallicize","floor":7,"key":"SMITH"},{"data":"Flame Barrier","floor":11,"key":"SMITH"},{"floor":15,"key":"REST"}],"path_taken":["M","M","$","M","$","E","R","?","T","M","R","M","E","?","R","BOSS","M","$","M","M","$","E"],"build_version":"2018-05-24","seed_source_timestamp":483772232295111,"purchased_purges":2,"victory":false,"master_deck":["Strike_R","Strike_R","Strike_R","Strike_R","Strike_R","Defend_R","Defend_R","Bash","Double Tap+1","Metallicize+1","Flame Barrier+1","Flame Barrier","Metallicize","Offering","Seeing Red"],"max_hp_per_floor":[80,80,80,80,80,80,80,80,80,80,80,80,80,80,80,80,80,80,80,80,80,80,80],"relics":["Burning Blood","Ornamental Fan","Centennial Puzzle","Pen Nib","Omamori","Mark of Pain"],"card_choices":[{"not_picked":["Bloodletting","Infernal Blade"],"picked":"Metallicize","floor":1},{"not_picked":["Fire Breathing","Shockwave","Power Through"],"picked":"SKIP","floor":2},{"not_picked":["Twin Strike","Rupture","Second Wind"],"picked":"SKIP","floor":4},{"not_picked":["Clash","Sever Soul","Cleave"],"picked":"SKIP","floor":6},{"not_picked":["Evolve","Twin Strike"],"picked":"Flame Barrier","floor":10},{"not_picked":["Flame Barrier","Blood for Blood","Power Through"],"picked":"SKIP","floor":12},{"not_picked":["Sword Boomerang","Perfected Strike"],"picked":"Metallicize","floor":13},{"not_picked":["Impervious","Feed"],"picked":"Offering","floor":16},{"not_picked":["Clothesline+1","Warcry"],"picked":"Seeing Red","floor":18},{"not_picked":["Twin Strike","Pummel","Clothesline"],"picked":"SKIP","floor":20},{"not_picked":["Dropkick+1","Anger","Pommel Strike"],"picked":"SKIP","floor":21}],"player_experience":37441,"potions_floor_usage":[13,16],"damage_taken":[{"damage":0,"enemies":"Small Slimes","floor":1,"turns":4},{"damage":3,"enemies":"Cultist","floor":2,"turns":3},{"damage":5,"enemies":"2 Louse","floor":4,"turns":3},{"damage":40,"enemies":"Lagavulin","floor":6,"turns":8},{"damage":4,"enemies":"2 Fungi Beasts","floor":10,"turns":5},{"damage":18,"enemies":"Gremlin Gang","floor":12,"turns":5},{"damage":21,"enemies":"Gremlin Nob","floor":13,"turns":6},{"damage":26,"enemies":"Hexaghost","floor":16,"turns":12},{"damage":17,"enemies":"2 Thieves","floor":18,"turns":4},{"damage":9,"enemies":"Shell Parasite","floor":20,"turns":8},{"damage":23,"enemies":"Sentry and Sphere","floor":21,"turns":12},{"damage":52,"enemies":"Gremlin Leader","floor":23,"turns":6}],"relics_obtained":[{"floor":6,"key":"Ornamental Fan"},{"floor":9,"key":"Centennial Puzzle"},{"floor":13,"key":"Pen Nib"}],"event_choices":[{"event_name":"Upgrade Shrine","player_choice":"Upgraded","floor":8,"damage_taken":0},{"event_name":"Scrap Ooze","player_choice":"success","floor":14,"damage_taken":7}],"boss_relics":[{"not_picked":["Snecko Eye","Astrolabe"],"picked":"Mark of Pain"}],"items_purged_floors":[3,19],"potions_floor_spawned":[1,2,18],"seed_played":"9002606751191800528","killed_by":"Gremlin Leader","ascension_level":0,"potions_obtained":[{"floor":1,"key":"SpeedPotion"},{"floor":2,"key":"EssenceOfSteel"},{"floor":18,"key":"GamblersBrew"}],"is_trial":false}