{"gold_per_floor":[110,40,40,54,64,95,95,20,20,46,46,46,46,59,59,154,154,173,158,178,189,208,240,240,252,252,252],"floor_reached":27,"playtime":1026,"items_purged":["Strike_B"],"score":311,"play_id":"ea23a1c2-ea64-4703-8a77-26e1302e2ad9","local_time":"20190117115125","is_ascension_mode":true,"campfire_choices":[{"data":"Zap","floor":7.0,"key":"SMITH"},{"data":"Zap","floor":11.0,"key":"SMITH"},{"data":"Coolheaded","floor":13.0,"key":"SMITH"},{"data":"Capacitor","floor":15.0,"key":"SMITH"},{"floor":24,"key":"REST"}],"neow_cost":"NONE","seed_source_timestamp":149320230194294,"circlet_count":0,"master_deck":["Strike_B","Strike_B","Defend_B","Defend_B","Defend_B","Defend_B","Zap+1","Dualcast","Sunder","Capacitor+1","Zap+1","Coolheaded+1","White Noise","Ball Lightning","FTL","Auto Shields","Echo Form","Defragment+1","Leap+1","Reinforced Body","Storm","Go for the Eyes+1","Hologram","Storm+1","Auto Shields+1","Seek"],"special_seed":0,"relics":["Cracked Core","Torii","Prayer Wheel","Mango","Fusion Hammer","Ancient Tea Set","Meat on the Bone"],"potions_floor_usage":[23,27,27,27],"damage_taken":[{"damage":0.0,"enemies":"Jaw Worm","floor":1.0,"turns":3.0},{"damage":0.0,"enemies":"Cultist","floor":4.0,"turns":4.0},{"damage":18.0,"enemies":"Small Slimes","floor":5.0,"turns":2.0},{"damage":14.0,"enemies":"Gremlin Nob","floor":6.0,"turns":3.0},{"damage":22.0,"enemies":"3 Sentries","floor":10.0,"turns":11.0},{"damage":2.0,"enemies":"3 Louse","floor":14.0,"turns":3.0},{"damage":20.0,"enemies":"The Guardian","floor":16.0,"turns":11.0},{"damage":22,"enemies":"3 Byrds","floor":18,"turns":4},{"damage":24,"enemies":"2 Thieves","floor":19,"turns":5},{"damage":18,"enemies":"3 Cultists","floor":20,"turns":5},{"damage":0,"enemies":"Cultist and Chosen","floor":21,"turns":6},{"damage":23,"enemies":"Snake Plant","floor":22,"turns":4},{"damage":0,"enemies":"Book of Stabbing","floor":23,"turns":5},{"damage":1,"enemies":"Snecko","floor":25,"turns":4},{"damage":30,"enemies":"Slavers","floor":27,"turns":2}],"seed_played":"-5793632912632199126","potions_obtained":[{"floor":1.0,"key":"AttackPotion"},{"floor":4.0,"key":"EssenceOfSteel"},{"floor":14.0,"key":"EssenceOfSteel"},{"floor":21,"key":"Strength Potion"},{"floor":25,"key":"FocusPotion"}],"is_trial":false,"path_per_floor":["M","$","?","M","M","E","R","$","T","E","R","$","R","M","R","B",null,"M","M","M","M","M","E","R","M","T","E"],"character_chosen":"DEFECT","items_purchased":["Capacitor"],"campfire_rested":1,"item_purchase_floors":[2],"current_hp_per_floor":[75,75,75,75,57,43,43,43,43,35,35,35,35,33,33,13,89,67,43,25,25,2,2,28,27,27,0],"gold":252,"neow_bonus":"REMOVE_CARD","is_prod":false,"is_daily":false,"chose_seed":false,"campfire_upgraded":4,"win_rate":0,"timestamp":1547736685,"path_taken":["M","$","?","M","M","E","R","?","T","E","R","?","R","M","R","BOSS","M","M","M","M","M","E","R","M","T","E"],"build_version":"2018-11-15","purchased_purges":1,"victory":false,"max_hp_per_floor":[75,75,75,75,75,75,75,75,75,89,89,89,89,89,89,89,89,89,89,89,89,89,89,89,89,89,89],"card_choices":[{"not_picked":["Reinforced Body","Turbo"],"picked":"Sunder","floor":1.0},{"not_picked":["Melter","Static Discharge"],"picked":"Coolheaded","floor":4.0},{"not_picked":["Conserve Battery","Compile Driver","Chaos"],"picked":"SKIP","floor":5.0},{"not_picked":["Ball Lightning","Barrage"],"picked":"White Noise","floor":6.0},{"not_picked":["BootSequence","Steam"],"picked":"Ball Lightning","floor":10.0},{"not_picked":["Scrape","Beam Cell"],"picked":"FTL","floor":14.0},{"not_picked":["Streamline","Recycle"],"picked":"Auto Shields","floor":14.0},{"not_picked":["Creative AI","Core Surge"],"picked":"Echo Form","floor":16.0},{"not_picked":["Coolheaded","Heatsinks"],"picked":"Defragment+1","floor":18},{"not_picked":["Consume","Streamline"],"picked":"Leap+1","floor":18},{"not_picked":["Heatsinks","Go for the Eyes"],"picked":"Reinforced Body","floor":19},{"not_picked":["Loop","Gash","Reprogram+1"],"picked":"SKIP","floor":19},{"not_picked":["Beam Cell","Consume+1"],"picked":"Storm","floor":20},{"not_picked":["Streamline","Consume"],"picked":"Go for the Eyes+1","floor":20},{"not_picked":["Gash+1","Chaos"],"picked":"Hologram","floor":21},{"not_picked":["Undo+1","Sunder","Rip and Tear"],"picked":"SKIP","floor":21},{"not_picked":["Coolheaded","Go for the Eyes"],"picked":"Storm+1","floor":22},{"not_picked":["Stack","Fusion"],"picked":"Auto Shields+1","floor":22},{"not_picked":["Cold Snap","Skim+1"],"picked":"Seek","floor":23},{"not_picked":["Sunder","Ball Lightning","Reinforced Body"],"picked":"SKIP","floor":25},{"not_picked":["Redo","Sunder+1","Sweeping Beam"],"picked":"SKIP","floor":25}],"player_experience":25262,"relics_obtained":[{"floor":6.0,"key":"Torii"},{"floor":9.0,"key":"Prayer Wheel"},{"floor":10.0,"key":"Mango"},{"floor":23,"key":"Ancient Tea Set"},{"floor":26,"key":"Meat on the Bone"}],"event_choices":[{"damage_healed":0.0,"max_hp_gain":0.0,"max_hp_loss":0.0,"gold_gain":0.0,"event_name":"Match and Keep!","player_choice":"1 cards matched","floor":3.0,"gold_loss":0.0,"damage_taken":0.0,"cards_obtained":["Zap"]}],"is_beta":false,"boss_relics":[{"not_picked":["Black Star","Lizard Tail"],"picked":"Fusion Hammer"}],"items_purged_floors":[8],"is_endless":false,"potions_floor_spawned":[1,4,14,21,25],"killed_by":"Slavers","ascension_level":3}