{"gold_per_floor":[111,111,121,140,65,96,96,96,96,111,137,137,148,160,160,257,257,277,294,194,194,212,212],"floor_reached":23,"playtime":1264,"items_purged":["Brutality","Defend_R"],"score":303,"play_id":"4e4af661-bc7d-4b87-989e-2692e0c52fcf","local_time":"20190211102351","is_ascension_mode":false,"campfire_choices":[{"floor":12.0,"key":"REST"},{"data":"Bash","floor":15.0,"key":"SMITH"}],"neow_cost":"NONE","seed_source_timestamp":50444626855732,"circlet_count":0,"master_deck":["Strike_R","Strike_R","Strike_R","Strike_R","Strike_R","Defend_R+1","Bash+1","Clash+1","Dropkick"],"special_seed":0,"relics":["Burning Blood","Paper Frog","Matryoshka","Shuriken","Orrery"],"potions_floor_usage":[23],"damage_taken":[{"damage":4.0,"enemies":"2 Louse","floor":1.0,"turns":3.0},{"damage":5.0,"enemies":"Cultist","floor":3.0,"turns":4.0},{"damage":6.0,"enemies":"Jaw Worm","floor":4.0,"turns":2.0},{"damage":29.0,"enemies":"Lagavulin","floor":6.0,"turns":6.0},{"damage":0.0,"enemies":"2 Fungi Beasts","floor":10.0,"turns":2.0},{"damage":14.0,"enemies":"Gremlin Nob","floor":11.0,"turns":3.0},{"damage":3.0,"enemies":"Exordium Wildlife","floor":13.0,"turns":3.0},{"damage":0.0,"enemies":"Exordium Thugs","floor":14.0,"turns":3.0},{"damage":50.0,"enemies":"The Guardian","floor":16.0,"turns":6.0},{"damage":28.0,"enemies":"2 Thieves","floor":18.0,"turns":4.0},{"damage":24.0,"enemies":"Spheric Guardian","floor":19.0,"turns":4.0},{"damage":21.0,"enemies":"Shelled Parasite and Fungi","floor":22.0,"turns":4.0},{"damage":13,"enemies":"Slavers","floor":23,"turns":2}],"seed_played":"8017939098542917474","potions_obtained":[{"floor":6.0,"key":"Poison Potion"},{"floor":10.0,"key":"FearPotion"},{"floor":11.0,"key":"Poison Potion"},{"floor":22.0,"key":"SpeedPotion"}],"is_trial":false,"path_per_floor":["M","?","M","M","$","E","?","?","T","M","E","R","M","M","R","B",null,"M","M","$","?","M","E"],"character_chosen":"IRONCLAD","items_purchased":[],"campfire_rested":1,"item_purchase_floors":[],"current_hp_per_floor":[80,80,80,80,80,57,50,34,34,40,32,56,59,65,65,21,80,58,40,40,25,10,0],"gold":212,"neow_bonus":"TRANSFORM_CARD","is_prod":false,"is_daily":false,"chose_seed":false,"campfire_upgraded":1,"win_rate":0,"timestamp":1549869831,"path_taken":["M","?","?","M","$","E","?","?","T","M","E","R","M","M","R","BOSS","M","M","$","?","M","E"],"build_version":"2019-01-23","purchased_purges":2,"victory":false,"max_hp_per_floor":[80,80,80,80,80,80,80,80,80,80,80,80,80,80,80,80,80,80,80,80,85,85,85],"card_choices":[{"not_picked":["Headbutt","Thunderclap","Sword Boomerang"],"picked":"SKIP","floor":1.0},{"not_picked":["Headbutt","Havoc"],"picked":"Clash","floor":3.0},{"not_picked":["Iron Wave","Clash","Headbutt"],"picked":"SKIP","floor":4.0},{"not_picked":["Fiend Fire","Iron Wave","Clash"],"picked":"SKIP","floor":6.0},{"not_picked":["Burning Pact","Fire Breathing","Infernal Blade"],"picked":"SKIP","floor":10.0},{"not_picked":["Flex","Twin Strike","Havoc"],"picked":"SKIP","floor":11.0},{"not_picked":["Carnage","Perfected Strike","Anger"],"picked":"SKIP","floor":13.0},{"not_picked":["Pommel Strike","Corruption","Flex"],"picked":"SKIP","floor":14.0},{"not_picked":["Hemokinesis","Havoc"],"picked":"Dropkick","floor":17.0},{"not_picked":["Searing Blow+1","Juggernaut","Entrench"],"picked":"SKIP","floor":18.0},{"not_picked":["Clothesline+1","Pommel Strike","True Grit+1"],"picked":"SKIP","floor":19.0},{"not_picked":["Spot Weakness","Clothesline+1","Ghostly Armor"],"picked":"SKIP","floor":22.0}],"player_experience":300010,"relics_obtained":[{"floor":6.0,"key":"Paper Frog"},{"floor":9.0,"key":"Matryoshka"},{"floor":11.0,"key":"Shuriken"}],"event_choices":[{"damage_healed":0.0,"max_hp_gain":0.0,"max_hp_loss":0.0,"gold_gain":0.0,"event_name":"Match and Keep!","player_choice":"0 cards matched","floor":2.0,"gold_loss":0.0,"damage_taken":0.0,"cards_obtained":[]},{"cards_removed":["Defend_R"],"damage_healed":0.0,"max_hp_gain":0.0,"max_hp_loss":0.0,"gold_gain":0.0,"event_name":"Golden Wing","player_choice":"Card Removal","floor":7.0,"gold_loss":0.0,"damage_taken":7.0},{"damage_healed":0.0,"max_hp_gain":0.0,"max_hp_loss":0.0,"gold_gain":0.0,"event_name":"Shining Light","player_choice":"Entered Light","floor":8.0,"gold_loss":0.0,"damage_taken":16.0,"cards_upgraded":["Clash","Defend_R"]},{"damage_healed":0.0,"max_hp_gain":5.0,"max_hp_loss":0.0,"gold_gain":0.0,"event_name":"Forgotten Altar","player_choice":"Shed Blood","floor":21.0,"gold_loss":0.0,"damage_taken":20.0}],"is_beta":false,"boss_relics":[{"not_picked":["Black Blood","Lizard Tail"],"picked":"Orrery"}],"items_purged_floors":[5,20],"is_endless":false,"potions_floor_spawned":[6,10,11,14,22],"killed_by":"Slavers","ascension_level":0}