{"gold_per_floor":[115,128,128,128,178,178,189,204,229,247,247,4,79,91,91,193,193,208,70,70,95,95,95,123,135,135,153,165,165,165,177,177,281,281,292,1291,1291,1291,433,433,444,444,444,544,560,30,40,40,40,40],"floor_reached":51,"playtime":4369,"items_purged":["Regret","Doubt","Normality","Normality"],"score":704,"play_id":"726548cf-407c-4e84-bd54-be9318f7f6fa","local_time":"20180716215421","is_ascension_mode":false,"campfire_choices":[{"data":"Dualcast","floor":6.0,"key":"SMITH"},{"floor":11.0,"key":"REST"},{"floor":15.0,"key":"REST"},{"floor":23.0,"key":"REST"},{"floor":29.0,"key":"REST"},{"floor":32.0,"key":"REST"},{"data":"1","floor":40,"key":"LIFT"},{"floor":42,"key":"REST"},{"data":"2","floor":49,"key":"LIFT"}],"neow_cost":"NONE","seed_source_timestamp":790982064034042,"circlet_count":0,"master_deck":["Strike_B","Strike_B","Strike_B","Strike_B","Defend_B","Defend_B+1","Defend_B","Defend_B","Zap+1","Dualcast+1","Streamline","Darkness+1","Tempest","Sweeping Beam","Coolheaded","Rip and Tear","Echo Form","Parasite","Sunder","Double Energy","Undo+1","Buffer","Defragment","Glacier","Reinforced Body","Multi-Cast","Turbo","Steam","Loop","Blind","Steam","Sunder","Double Energy","Reprogram","Steam+1","Madness","Madness"],"special_seed":0,"relics":["Sozu","Oddly Smooth Stone","Bag of Marbles","War Paint","Calling Bell","Lantern","Mummified Hand","Girya","Red Mask","Darkstone Periapt","Gambling Chip","Spirit Poop","Fusion Hammer","Juzu Bracelet","Happy Flower","Medical Kit","Boot","Blood Vial"],"potions_floor_usage":[],"damage_taken":[{"damage":0.0,"enemies":"Small Slimes","floor":1.0,"turns":3.0},{"damage":1.0,"enemies":"2 Louse","floor":2.0,"turns":3.0},{"damage":12.0,"enemies":"Jaw Worm","floor":7.0,"turns":3.0},{"damage":11.0,"enemies":"3 Louse","floor":8.0,"turns":3.0},{"damage":9.0,"enemies":"Blue Slaver","floor":10.0,"turns":3.0},{"damage":0.0,"enemies":"2 Fungi Beasts","floor":14.0,"turns":3.0},{"damage":38.0,"enemies":"The Guardian","floor":16.0,"turns":8.0},{"damage":24.0,"enemies":"2 Thieves","floor":18.0,"turns":3.0},{"damage":10.0,"floor":21.0,"turns":4.0},{"damage":40.0,"enemies":"Slavers","floor":24.0,"turns":6.0},{"damage":10.0,"enemies":"Spheric Guardian","floor":25.0,"turns":3.0},{"damage":4.0,"enemies":"Cultist and Chosen","floor":27.0,"turns":6.0},{"damage":3.0,"enemies":"Snecko","floor":28.0,"turns":4.0},{"damage":14.0,"enemies":"Snake Plant","floor":31.0,"turns":4.0},{"damage":30,"enemies":"Champ","floor":33,"turns":11},{"damage":13,"enemies":"Flame Bruiser 1 Orb","floor":35,"turns":5},{"damage":8,"enemies":"Orb Walker","floor":41,"turns":4},{"damage":2,"enemies":"Maw","floor":45,"turns":5},{"damage":0,"enemies":"Flame Bruiser 2 Orb","floor":47,"turns":2},{"damage":72,"enemies":"Time Eater","floor":50,"turns":12}],"seed_played":"6585729771531340088","potions_obtained":[],"is_trial":false,"path_per_floor":["M","M","?","?","?","R","M","M","T","M","R","$","?","M","R","B",null,"M","$","?","?","$","R","E","M","T","M","M","R","?","M","R","B",null,"M","?","?","?","$","R","M","R","T","?","M","$","M","?","R","B"],"character_chosen":"DEFECT","items_purchased":["Coolheaded","War Paint","Sunder","Juzu Bracelet","Happy Flower","Medical Kit","Steam","Loop","Blind","Blood Vial","Sunder","Double Energy","Reprogram"],"campfire_rested":6,"item_purchase_floors":[12,12,19,39,39,39,39,39,39,46,46,46,46],"current_hp_per_floor":[75,74,74,74,74,74,62,51,51,42,64,64,53,53,75,37,75,51,51,51,41,41,63,23,13,13,9,6,28,28,14,36,6,75,62,74,74,74,74,74,66,87,87,87,85,85,87,76,76,6],"gold":40,"neow_bonus":"BOSS_RELIC","is_prod":false,"is_daily":false,"chose_seed":false,"campfire_upgraded":1,"win_rate":0,"timestamp":1531767261,"path_taken":["M","M","?","?","?","R","M","?","T","?","R","$","?","?","R","BOSS","M","$","?","?","?","R","E","M","T","M","?","R","?","M","R","BOSS","M","?","?","?","$","R","M","R","T","?","M","$","M","?","R","BOSS"],"build_version":"2018-07-12","purchased_purges":4,"victory":true,"max_hp_per_floor":[75,75,75,75,75,75,75,75,75,75,75,75,75,75,75,75,75,75,75,75,75,75,75,75,75,75,75,75,75,75,75,75,75,75,75,87,87,87,87,87,87,87,87,87,87,87,87,87,87,87],"card_choices":[{"not_picked":["Compile Driver","Stack"],"picked":"Streamline","floor":1.0},{"not_picked":["Steam","Cold Snap"],"picked":"Darkness","floor":2.0},{"not_picked":["Go for the Eyes","Barrage"],"picked":"Tempest","floor":7.0},{"not_picked":["Go for the Eyes","Rebound","Steam"],"picked":"SKIP","floor":8.0},{"not_picked":["Barrage","Undo"],"picked":"Sweeping Beam","floor":10.0},{"not_picked":["Go for the Eyes","Rebound"],"picked":"Rip and Tear","floor":14.0},{"not_picked":["Reboot","Creative AI"],"picked":"Echo Form","floor":16.0},{"not_picked":["Leap+1","Beam Cell","Go for the Eyes"],"picked":"SKIP","floor":18.0},{"not_picked":["Consume","Rebound+1"],"picked":"Double Energy","floor":21.0},{"not_picked":["Storm+1","Cold Snap"],"picked":"Undo+1","floor":24.0},{"not_picked":["FTL","Go for the Eyes"],"picked":"Buffer","floor":25.0},{"not_picked":["Barrage","Streamline"],"picked":"Defragment","floor":27.0},{"not_picked":["Loop","Barrage"],"picked":"Glacier","floor":28.0},{"not_picked":["Go for the Eyes","Steam Power+1"],"picked":"Reinforced Body","floor":31.0},{"not_picked":["Amplify","Seek"],"picked":"Multi-Cast","floor":33},{"not_picked":["Beam Cell","Barrage+1"],"picked":"Turbo","floor":35},{"not_picked":["Cold Snap+1","Redo"],"picked":"Steam","floor":41},{"not_picked":["Compile Driver+1","Beam Cell+1","Static Discharge+1"],"picked":"SKIP","floor":45},{"not_picked":["Ball Lightning","Compile Driver"],"picked":"Steam+1","floor":47}],"player_experience":93609,"relics_obtained":[{"floor":9.0,"key":"Bag of Marbles"},{"floor":17.0,"key":"Lantern"},{"floor":17.0,"key":"Mummified Hand"},{"floor":17.0,"key":"Girya"},{"floor":21.0,"key":"Red Mask"},{"floor":24.0,"key":"Darkstone Periapt"},{"floor":26.0,"key":"Gambling Chip"},{"floor":43,"key":"Boot"}],"event_choices":[{"event_name":"Living Wall","player_choice":"Grow","floor":3.0,"damage_taken":0.0},{"event_name":"Big Fish","player_choice":"Box","floor":4.0,"damage_taken":0.0},{"event_name":"Golden Wing","player_choice":"Gained Gold","floor":5.0,"damage_taken":0.0},{"event_name":"World of Goop","player_choice":"Gather Gold","floor":13.0,"damage_taken":0.0},{"event_name":"Ghosts","player_choice":"Ignored","floor":20.0,"damage_taken":0.0},{"event_name":"Masked Bandits","player_choice":"Fought over 70 gold","floor":21.0,"damage_taken":0.0},{"event_name":"Bonfire Elementals","player_choice":"CURSE","floor":30.0,"damage_taken":0.0},{"event_name":"MindBloom","player_choice":"Gold","floor":36,"damage_taken":0},{"event_name":"Mysterious Sphere","player_choice":"Ignore","floor":37,"damage_taken":0},{"event_name":"SecretPortal","player_choice":"Rejected Portal.","floor":38,"damage_taken":0},{"event_name":"Golden Shrine","player_choice":"Pray","floor":44,"damage_taken":0},{"event_name":"Winding Halls","player_choice":"Embrace Madness","floor":48,"damage_taken":0}],"boss_relics":[{"not_picked":["Astrolabe","Busted Crown"],"picked":"Calling Bell"},{"not_picked":["Tiny House","Orrery"],"picked":"Fusion Hammer"}],"items_purged_floors":[12,19,39,46],"is_endless":false,"potions_floor_spawned":[8,10,25,27,31,35,41,45],"ascension_level":0}