{"gold_per_floor":[113,113,113,38,57,83,83,103,175,208,227,227,247,274,274,379,379,395,395,413,413,20,20,38,38,38,38,53,53,53,53,53,152,152,163,163,213,213,213],"floor_reached":39,"playtime":1621,"items_purged":["Strike_B"],"score":454,"play_id":"321f9382-76c3-430d-8a74-a30013c91570","local_time":"20181003005634","is_ascension_mode":true,"campfire_choices":[{"data":"Electrodynamics","floor":7,"key":"SMITH"},{"floor":15,"key":"REST"},{"data":"Creative AI","floor":23,"key":"SMITH"},{"data":"Biased Cognition","floor":25,"key":"SMITH"},{"data":"Zap","floor":27,"key":"SMITH"},{"floor":32,"key":"REST"}],"neow_cost":"TEN_PERCENT_HP_LOSS","seed_source_timestamp":181284124983308,"circlet_count":0,"master_deck":["Strike_B","Strike_B","Defend_B","Defend_B","Defend_B","Defend_B","Zap+1","Dualcast","Electrodynamics+1","Barrage","Biased Cognition+1","Loop","Creative AI+1","Blizzard","Loop","Reboot","Madness","Madness","Panacea"],"relics":["FaceOfCleric","Regal Pillow","Vajra","Meat on the Bone","Bottled Tornado","Omamori","Bronze Scales","ClockworkSouvenir","Gremlin Horn","Nloth\u0027s Gift","Lizard Tail","WingedGreaves"],"potions_floor_usage":[6,16,24,24,28,37],"damage_taken":[{"damage":1,"enemies":"2 Louse","floor":1,"turns":2},{"damage":1,"enemies":"Cultist","floor":5,"turns":3},{"damage":8,"enemies":"3 Sentries","floor":6,"turns":3},{"damage":4,"enemies":"Small Slimes","floor":8,"turns":2},{"damage":18,"enemies":"Gremlin Nob","floor":10,"turns":3},{"damage":6,"enemies":"3 Louse","floor":11,"turns":2},{"damage":3,"enemies":"Blue Slaver","floor":13,"turns":3},{"damage":10,"enemies":"3 Sentries","floor":14,"turns":2},{"damage":48,"enemies":"The Guardian","floor":16,"turns":7},{"damage":13,"enemies":"3 Byrds","floor":18,"turns":3},{"damage":31,"enemies":"Chosen","floor":20,"turns":5},{"damage":24,"enemies":"Centurion and Healer","floor":24,"turns":4},{"damage":22,"enemies":"Shelled Parasite and Fungi","floor":28,"turns":5},{"damage":18,"enemies":"Collector","floor":33,"turns":6},{"damage":29,"enemies":"Orb Walker","floor":35,"turns":4},{"damage":65,"enemies":"Mysterious Sphere","floor":37,"turns":4},{"damage":42,"enemies":"3 Darklings","floor":39,"turns":2}],"seed_played":"5314592334328072783","potions_obtained":[{"floor":5,"key":"Block Potion"},{"floor":8,"key":"SpeedPotion"},{"floor":13,"key":"SkillPotion"},{"floor":14,"key":"FocusPotion"},{"floor":18,"key":"Fire Potion"},{"floor":33,"key":"LiquidBronze"},{"floor":35,"key":"Strength Potion"},{"floor":37,"key":"FearPotion"}],"is_trial":false,"path_per_floor":["M","?","?","$","M","E","R","M","T","E","M","?","M","E","R","B",null,"M","?","M","?","$","R","M","R","T","R","M","?","$","?","R","B",null,"M","?","?","?"],"character_chosen":"DEFECT","items_purchased":["Bronze Scales","ClockworkSouvenir","Loop"],"campfire_rested":2,"item_purchase_floors":[22,22,22],"current_hp_per_floor":[67,67,64,64,64,57,57,54,54,37,44,44,42,45,75,40,76,64,64,46,46,46,46,35,35,35,35,26,26,26,52,80,63,81,53,43,37,37,0],"gold":213,"neow_bonus":"THREE_RARE_CARDS","is_prod":false,"is_daily":false,"chose_seed":false,"campfire_upgraded":4,"win_rate":0,"timestamp":1538546194,"path_taken":["M","?","?","?","M","E","R","M","T","E","M","?","M","E","R","BOSS","M","?","M","?","$","R","M","R","T","R","M","?","?","?","R","BOSS","M","?","?","?","?"],"build_version":"2018-09-27","purchased_purges":1,"victory":false,"max_hp_per_floor":[68,68,68,68,69,70,70,71,71,72,73,73,74,75,75,76,76,77,77,78,78,78,78,79,79,79,79,80,80,80,80,80,81,81,82,82,83,83,83],"card_choices":[{"not_picked":["Amplify","Biased Cognition"],"picked":"Electrodynamics","floor":0},{"not_picked":["Doom and Gloom","Cold Snap"],"picked":"Barrage","floor":1},{"not_picked":["Hologram","Genetic Algorithm","FTL"],"picked":"SKIP","floor":5},{"not_picked":["Hologram","Undo","Reinforced Body"],"picked":"SKIP","floor":6},{"not_picked":["Self Repair","Double Energy","Compile Driver"],"picked":"SKIP","floor":8},{"not_picked":["Reprogram","Ball Lightning","Genetic Algorithm"],"picked":"SKIP","floor":10},{"not_picked":["Hologram","Streamline","Redo"],"picked":"SKIP","floor":11},{"not_picked":["Lockon","Genetic Algorithm"],"picked":"Biased Cognition","floor":13},{"not_picked":["Steam","Darkness"],"picked":"Loop","floor":14},{"not_picked":["Biased Cognition","Buffer"],"picked":"Creative AI","floor":16},{"not_picked":["Stack","Heatsinks+1","Steam"],"picked":"SKIP","floor":18},{"not_picked":["Turbo","Steam Power","Redo"],"picked":"SKIP","floor":20},{"not_picked":["Turbo","Skim","Rebound"],"picked":"SKIP","floor":24},{"not_picked":["Consume","Ball Lightning","Chill"],"picked":"SKIP","floor":28},{"not_picked":["Consume","Ball Lightning","Chill"],"picked":"SKIP","floor":28},{"not_picked":["Hyperbeam","All For One"],"picked":"Reboot","floor":33},{"not_picked":["Doom and Gloom","Tempest","Leap"],"picked":"SKIP","floor":35},{"not_picked":["Dramatic Entrance","Finesse"],"picked":"Panacea","floor":38}],"player_experience":437816,"relics_obtained":[{"floor":6,"key":"Vajra"},{"floor":9,"key":"Meat on the Bone"},{"floor":10,"key":"Bottled Tornado"},{"floor":14,"key":"Omamori"},{"floor":26,"key":"Gremlin Horn"},{"floor":37,"key":"WingedGreaves"}],"event_choices":[{"event_name":"FaceTrader","player_choice":"Trade","floor":2,"damage_taken":0},{"event_name":"Scrap Ooze","player_choice":"success","floor":3,"damage_taken":3},{"event_name":"Shining Light","player_choice":"Ignored","floor":12,"damage_taken":0},{"event_name":"Transmorgrifier","player_choice":"Transform","floor":19,"damage_taken":0},{"event_name":"The Woman in Blue","player_choice":"Bought 0 Potions","floor":21,"damage_taken":0},{"event_name":"N\u0027loth","player_choice":"Traded a FrozenCore","floor":29,"damage_taken":0},{"event_name":"The Library","player_choice":"Heal","floor":31,"damage_taken":0},{"event_name":"Winding Halls","player_choice":"Embrace Madness","floor":36,"damage_taken":0},{"event_name":"Mysterious Sphere","player_choice":"Fight","floor":37,"damage_taken":0},{"event_name":"SensoryStone","player_choice":"Memory 1","floor":38,"damage_taken":0}],"is_beta":false,"boss_relics":[{"not_picked":["Velvet Choker","Calling Bell"],"picked":"FrozenCore"},{"not_picked":["Eternal Feather","Runic Pyramid"],"picked":"Lizard Tail"}],"items_purged_floors":[4],"is_endless":false,"potions_floor_spawned":[5,8,13,14,18,33,35,37],"killed_by":"3 Darklings","ascension_level":3}