{"gold_per_floor":[112,18,38,38,58,84,103,132,132,142,142],"floor_reached":11,"playtime":412,"items_purged":[],"score":85,"play_id":"3c21c7d1-99f3-42c2-8fc7-e318b900cb58","local_time":"20190211180952","is_ascension_mode":false,"campfire_choices":[],"neow_cost":"NONE","seed_source_timestamp":79437654086288,"circlet_count":0,"master_deck":["Strike_R","Strike_R","Strike_R","Strike_R","Strike_R","Defend_R","Defend_R","Defend_R","Defend_R","Bash","Flame Barrier","Heavy Blade","Spot Weakness","Bloodletting","Combust","Heavy Blade","Shrug It Off","Pommel Strike"],"relics":["Burning Blood","CultistMask","Blood Vial","Art of War","Pen Nib"],"potions_floor_usage":[],"damage_taken":[{"damage":12,"enemies":"Jaw Worm","floor":1,"turns":5},{"damage":1,"enemies":"Cultist","floor":3,"turns":3},{"damage":0,"enemies":"Small Slimes","floor":5,"turns":3},{"damage":31,"enemies":"3 Sentries","floor":6,"turns":7},{"damage":16,"enemies":"3 Louse","floor":7,"turns":3},{"damage":38,"enemies":"Lagavulin","floor":8,"turns":6},{"damage":10,"enemies":"Large Slime","floor":10,"turns":6}],"seed_played":"7172752849198076969","potions_obtained":[{"floor":1,"key":"FearPotion"},{"floor":3,"key":"SmokeBomb"},{"floor":6,"key":"SteroidPotion"}],"is_trial":false,"path_per_floor":["M","$","M","?","M","E","M","E","T","M","?"],"character_chosen":"IRONCLAD","items_purchased":["Heavy Blade","Spot Weakness"],"campfire_rested":0,"item_purchase_floors":[2,2],"current_hp_per_floor":[82,82,87,87,88,63,55,25,25,23,0],"gold":142,"neow_bonus":"TEN_PERCENT_HP_BONUS","is_prod":false,"is_daily":false,"chose_seed":false,"campfire_upgraded":0,"win_rate":0,"timestamp":1549897792,"path_taken":["M","$","M","?","?","E","M","E","T","M","?"],"build_version":"2019-01-23","purchased_purges":0,"victory":false,"max_hp_per_floor":[88,88,88,88,88,88,88,88,88,88,88],"card_choices":[{"not_picked":["Armaments","Reckless Charge"],"picked":"Flame Barrier","floor":1},{"not_picked":["Clothesline","Clash","Sentinel"],"picked":"SKIP","floor":3},{"not_picked":["Cleave","Disarm"],"picked":"Bloodletting","floor":5},{"not_picked":["Carnage","Flame Barrier"],"picked":"Combust","floor":6},{"not_picked":["Iron Wave","Clothesline"],"picked":"Heavy Blade","floor":7},{"not_picked":["Wild Strike","Impervious"],"picked":"Shrug It Off","floor":8},{"not_picked":["Pummel","Ghostly Armor"],"picked":"Pommel Strike","floor":10}],"player_experience":319699,"relics_obtained":[{"floor":6,"key":"Blood Vial"},{"floor":8,"key":"Art of War"},{"floor":9,"key":"Pen Nib"}],"event_choices":[{"damage_healed":0,"gold_gain":0,"player_choice":"Trade","damage_taken":0,"relics_obtained":["CultistMask"],"max_hp_gain":0,"max_hp_loss":0,"event_name":"FaceTrader","floor":4,"gold_loss":0}],"is_beta":false,"boss_relics":[],"items_purged_floors":[],"is_endless":false,"potions_floor_spawned":[1,3,6],"ascension_level":0}