{"gold_per_floor":[117,117,40,40,58,88,118,118,118,118,143,45,45,62,62,162,162,176,176,60,75,75,75,85,98,125,125,125,135,135,147,147,246,246,260,3,23,23,23,23,57,57,57,74,26,26,26,126,126,126],"floor_reached":51,"playtime":2041,"items_purged":["Strike_B"],"score":679,"play_id":"b7f68e55-d40a-4b3a-88be-667323d6e9c8","local_time":"20190216114832","is_ascension_mode":false,"campfire_choices":[{"floor":8,"key":"REST"},{"data":"Static Discharge","floor":10,"key":"SMITH"},{"floor":13,"key":"REST"},{"data":"Zap","floor":15,"key":"SMITH"},{"floor":23,"key":"REST"},{"floor":28,"key":"REST"},{"floor":30,"key":"REST"},{"floor":32,"key":"REST"},{"data":"Defragment","floor":40,"key":"SMITH"},{"floor":42,"key":"REST"},{"floor":49,"key":"REST"}],"neow_cost":"NONE","seed_source_timestamp":284923889855,"circlet_count":0,"master_deck":["Strike_B","Strike_B","Strike_B","Defend_B","Defend_B","Zap+1","Dualcast","Heatsinks","Lockon","Static Discharge+1","Barrage","Steam","Genetic Algorithm","Ball Lightning","Redo","Thunder Strike","Defragment","Defragment+1","FTL","Loop","Conserve Battery+1","Ball Lightning","Buffer","Leap","Electrodynamics","Skim+1","Writhe","Dark Shackles","Storm+1","Conserve Battery+1"],"relics":["Cracked Core","Cables","Letter Opener","Bag of Preparation","Lizard Tail","Nilry\u0027s Codex","Orichalcum","Black Star","Question Card","Bag of Marbles","Bronze Scales"],"potions_floor_usage":[6,25,25,41,41,50,50],"damage_taken":[{"damage":0,"enemies":"Small Slimes","floor":1,"turns":2},{"damage":1,"enemies":"2 Louse","floor":5,"turns":2},{"damage":26,"enemies":"Lagavulin","floor":6,"turns":7},{"damage":27,"enemies":"Gremlin Nob","floor":11,"turns":4},{"damage":1,"enemies":"Cultist","floor":14,"turns":3},{"damage":33,"enemies":"Hexaghost","floor":16,"turns":5},{"damage":17,"enemies":"3 Byrds","floor":18,"turns":3},{"damage":7,"enemies":"Chosen","floor":21,"turns":3},{"damage":23,"enemies":"3 Cultists","floor":24,"turns":4},{"damage":23,"enemies":"Snecko","floor":25,"turns":5},{"damage":7,"enemies":"Centurion and Healer","floor":29,"turns":5},{"damage":15,"enemies":"Snake Plant","floor":31,"turns":2},{"damage":12,"enemies":"Champ","floor":33,"turns":9},{"damage":34,"enemies":"3 Darklings","floor":35,"turns":2},{"damage":7,"enemies":"Orb Walker","floor":37,"turns":4},{"damage":53,"enemies":"Reptomancer","floor":41,"turns":5},{"damage":47,"enemies":"4 Shapes","floor":44,"turns":4},{"damage":58,"enemies":"Donu and Deca","floor":50,"turns":5}],"seed_played":"-1706233199292368524","potions_obtained":[{"floor":1,"key":"AttackPotion"},{"floor":6,"key":"SpeedPotion"},{"floor":16,"key":"FearPotion"},{"floor":18,"key":"GamblersBrew"},{"floor":25,"key":"Fruit Juice"},{"floor":31,"key":"SteroidPotion"},{"floor":41,"key":"LiquidBronze"}],"is_trial":false,"path_per_floor":["M","?","$","?","M","E","?","R","T","R","E","$","R","M","R","B",null,"M","?","$","M","?","R","M","M","T","?","R","M","R","M","R","B",null,"M","$","M","?","?","R","E","R","T","M","$","?","?","?","R","B",null],"character_chosen":"DEFECT","items_purchased":["Static Discharge","Ball Lightning","Defragment","FTL","Question Card","PowerPotion"],"campfire_rested":8,"item_purchase_floors":[3,12,20,20,36,45],"current_hp_per_floor":[75,75,75,75,74,48,48,70,70,70,43,43,65,64,64,31,75,58,42,42,35,35,57,34,16,16,16,40,33,57,42,66,54,80,46,46,39,59,59,59,6,30,30,40,40,40,40,40,64,6],"gold":126,"neow_bonus":"TRANSFORM_CARD","is_prod":false,"is_daily":false,"chose_seed":false,"campfire_upgraded":3,"win_rate":0,"timestamp":1550335712,"path_taken":["M","?","$","?","?","E","?","R","T","R","E","$","R","M","R","BOSS","M","?","$","M","?","R","M","M","T","?","R","M","R","?","R","BOSS","M","$","?","?","?","R","E","R","T","M","$","?","?","?","R","BOSS"],"build_version":"2019-01-23","purchased_purges":1,"victory":true,"max_hp_per_floor":[75,75,75,75,75,75,75,75,75,75,75,75,75,75,75,75,75,75,75,75,75,75,75,75,80,80,80,80,80,80,80,80,80,80,80,80,80,80,80,80,80,80,80,80,80,80,80,80,80,80],"card_choices":[{"not_picked":["Turbo","Gash"],"picked":"Lockon","floor":1},{"not_picked":["Heatsinks","Blizzard"],"picked":"Barrage","floor":5},{"not_picked":["Rebound","Coolheaded"],"picked":"Steam","floor":6},{"not_picked":["Beam Cell","Reboot"],"picked":"Genetic Algorithm","floor":11},{"not_picked":["Steam","Cold Snap"],"picked":"Redo","floor":14},{"not_picked":["Biased Cognition","Rainbow"],"picked":"Thunder Strike","floor":16},{"not_picked":["Barrage","Coolheaded"],"picked":"Defragment","floor":18},{"not_picked":["Hello World","Double Energy+1"],"picked":"Loop","floor":21},{"not_picked":["Coolheaded+1","Gash"],"picked":"Conserve Battery+1","floor":24},{"not_picked":["Coolheaded","Self Repair"],"picked":"Ball Lightning","floor":25},{"not_picked":["Coolheaded+1","Gash"],"picked":"Buffer","floor":29},{"not_picked":["Double Energy","Hologram"],"picked":"Leap","floor":31},{"not_picked":["Multi-Cast","Biased Cognition"],"picked":"Electrodynamics","floor":33},{"not_picked":["Streamline","Hologram"],"picked":"Skim+1","floor":35},{"not_picked":["Beam Cell","Gash","Streamline","Go for the Eyes"],"picked":"SKIP","floor":37},{"not_picked":["Blind","Swift Strike","Good Instincts"],"picked":"Dark Shackles","floor":39},{"not_picked":["Streamline","Leap+1","Scrape+1"],"picked":"Storm+1","floor":41},{"not_picked":["Barrage","Coolheaded","BootSequence"],"picked":"Conserve Battery+1","floor":44}],"player_experience":63176,"relics_obtained":[{"floor":6,"key":"Cables"},{"floor":9,"key":"Letter Opener"},{"floor":11,"key":"Bag of Preparation"},{"floor":19,"key":"Nilry\u0027s Codex"},{"floor":26,"key":"Orichalcum"},{"floor":41,"key":"Bag of Marbles"},{"floor":41,"key":"Bronze Scales"}],"event_choices":[{"damage_healed":0,"gold_gain":0,"player_choice":"Ignored","damage_taken":0,"max_hp_gain":0,"max_hp_loss":0,"event_name":"Liars Game","floor":2,"gold_loss":0},{"cards_removed":["Strike_B"],"damage_healed":0,"gold_gain":0,"player_choice":"Took Card","damage_taken":0,"max_hp_gain":0,"max_hp_loss":0,"event_name":"NoteForYourself","floor":4,"gold_loss":0,"cards_obtained":["Strike_B"]},{"damage_healed":0,"gold_gain":30,"player_choice":"Searched \u00272\u0027 times","damage_taken":0,"max_hp_gain":0,"max_hp_loss":0,"event_name":"Dead Adventurer","floor":7,"gold_loss":0},{"damage_healed":0,"gold_gain":0,"player_choice":"Obtained Book","damage_taken":16,"max_hp_gain":0,"max_hp_loss":0,"event_name":"Cursed Tome","floor":19,"gold_loss":0},{"damage_healed":0,"gold_gain":0,"player_choice":"Ignored","damage_taken":0,"max_hp_gain":0,"max_hp_loss":0,"event_name":"Ghosts","floor":27,"gold_loss":0},{"damage_healed":20,"gold_gain":0,"player_choice":"Writhe","damage_taken":0,"max_hp_gain":0,"max_hp_loss":0,"event_name":"Winding Halls","floor":38,"gold_loss":0,"cards_obtained":["Writhe"]},{"damage_healed":0,"gold_gain":0,"player_choice":"Memory 1","damage_taken":0,"max_hp_gain":0,"max_hp_loss":0,"event_name":"SensoryStone","floor":39,"gold_loss":0},{"cards_removed":["Defend_B"],"damage_healed":0,"gold_gain":0,"player_choice":"Removed Skill","damage_taken":0,"max_hp_gain":0,"max_hp_loss":0,"event_name":"Falling","floor":46,"gold_loss":0},{"damage_healed":0,"gold_gain":0,"player_choice":"Ignored","damage_taken":0,"max_hp_gain":0,"max_hp_loss":0,"event_name":"The Moai Head","floor":47,"gold_loss":0},{"damage_healed":0,"gold_gain":100,"player_choice":"Pray","damage_taken":0,"max_hp_gain":0,"max_hp_loss":0,"event_name":"Golden Shrine","floor":48,"gold_loss":0}],"is_beta":false,"boss_relics":[{"not_picked":["Runic Pyramid","Coffee Dripper"],"picked":"Lizard Tail"},{"not_picked":["Astrolabe","Sozu"],"picked":"Black Star"}],"items_purged_floors":[12],"is_endless":false,"potions_floor_spawned":[1,6,16,18,25,31,33,41],"ascension_level":0}