{"gold_per_floor":[113,388,402,422,433,433,461,461,488,488,6,6,23,0,0,95,95,108,108,126,136,146,146],"floor_reached":23,"playtime":2127,"items_purged":["Regret"],"score":280,"play_id":"74d6a8dd-4eba-40ca-a6d6-93aa32caded5","local_time":"20190203173200","is_ascension_mode":true,"campfire_choices":[{"floor":6,"key":"REST"},{"data":"A Thousand Cuts","floor":8,"key":"SMITH"},{"floor":12,"key":"REST"},{"data":"Blade Dance","floor":15,"key":"SMITH"}],"neow_cost":"NONE","seed_source_timestamp":242141866888900,"circlet_count":0,"master_deck":["Defend_G","Defend_G","Defend_G","Defend_G","Defend_G","Strike_G","Strike_G","Strike_G","Survivor","Neutralize","A Thousand Cuts+1","Blade Dance+1","Well Laid Plans","Concentrate","Quick Slash","Envenom","Footwork","Backstab","Terror","Wraith Form v2","Finisher","PiercingWail","PiercingWail","Deflect","Noxious Fumes","Cloak And Dagger+1","Catalyst"],"relics":["Ring of the Snake","PreservedInsect","Bronze Scales","Meat on the Bone","Orrery"],"potions_floor_usage":[13,16,23],"damage_taken":[{"damage":0,"enemies":"2 Louse","floor":1,"turns":4},{"damage":11,"enemies":"Cultist","floor":3,"turns":5},{"damage":2,"enemies":"Small Slimes","floor":4,"turns":4},{"damage":21,"enemies":"Exordium Wildlife","floor":5,"turns":8},{"damage":39,"enemies":"3 Sentries","floor":7,"turns":8},{"damage":0,"enemies":"Large Slime","floor":13,"turns":4},{"damage":4,"enemies":"Looter","floor":14,"turns":4},{"damage":4,"enemies":"Slime Boss","floor":16,"turns":9},{"damage":0,"enemies":"Chosen","floor":18,"turns":5},{"damage":5,"enemies":"3 Byrds","floor":20,"turns":5},{"damage":9,"enemies":"Centurion and Healer","floor":21,"turns":7},{"damage":34,"enemies":"Snake Plant","floor":22,"turns":6},{"damage":39,"enemies":"Gremlin Leader","floor":23,"turns":5}],"seed_played":"-1473546667045792376","potions_obtained":[{"floor":7,"key":"AttackPotion"},{"floor":13,"key":"SpeedPotion"},{"floor":22,"key":"FearPotion"}],"is_trial":false,"path_per_floor":["M","?","M","M","M","R","E","R","T","?","$","R","M","M","R","B",null,"M","?","M","M","M","E"],"character_chosen":"THE_SILENT","items_purchased":["Footwork","Meat on the Bone","Backstab"],"campfire_rested":2,"item_purchase_floors":[11,11,11],"current_hp_per_floor":[63,63,52,50,29,50,11,11,11,11,11,32,44,40,40,36,62,62,62,57,48,26,0],"gold":146,"neow_bonus":"ONE_RANDOM_RARE_CARD","is_prod":false,"is_daily":false,"chose_seed":false,"campfire_upgraded":2,"win_rate":0,"timestamp":1549240320,"path_taken":["M","?","?","M","?","R","E","R","T","?","$","R","M","M","R","BOSS","M","?","?","M","M","E"],"build_version":"2019-01-23","purchased_purges":1,"victory":false,"max_hp_per_floor":[70,70,70,70,70,70,70,70,70,70,70,70,70,70,70,70,70,70,70,70,70,70,70],"card_choices":[{"not_picked":["Dodge and Roll","Underhanded Strike"],"picked":"Blade Dance","floor":1},{"not_picked":["Prepared","Skewer"],"picked":"Well Laid Plans","floor":3},{"not_picked":["Deflect","Terror"],"picked":"Concentrate","floor":4},{"not_picked":["Dodge and Roll","Flying Knee"],"picked":"Quick Slash","floor":5},{"not_picked":["Riddle With Holes","Deadly Poison"],"picked":"Envenom","floor":7},{"not_picked":["Acrobatics","Flying Knee"],"picked":"Terror","floor":13},{"not_picked":["Prepared","Outmaneuver","Underhanded Strike"],"picked":"SKIP","floor":14},{"not_picked":["Grand Finale","Tools of the Trade"],"picked":"Wraith Form v2","floor":16},{"not_picked":["Leg Sweep","Blur"],"picked":"Finisher","floor":17},{"not_picked":["Accuracy","Sucker Punch"],"picked":"PiercingWail","floor":17},{"not_picked":["Underhanded Strike","Quick Slash"],"picked":"PiercingWail","floor":17},{"not_picked":["Prepared","Poisoned Stab"],"picked":"Deflect","floor":17},{"not_picked":["Dagger Spray","Dodge and Roll"],"picked":"Noxious Fumes","floor":18},{"not_picked":["Riddle With Holes","Slice"],"picked":"Cloak And Dagger+1","floor":20},{"not_picked":["Well Laid Plans","Dagger Spray"],"picked":"Catalyst","floor":21},{"not_picked":["Doppelganger","Cloak And Dagger","Quick Slash+1"],"picked":"SKIP","floor":22}],"player_experience":864161,"relics_obtained":[{"floor":7,"key":"PreservedInsect"},{"floor":9,"key":"Bronze Scales"}],"event_choices":[{"damage_healed":0,"gold_gain":275,"player_choice":"Desecrate","damage_taken":0,"max_hp_gain":0,"max_hp_loss":0,"event_name":"Golden Shrine","floor":2,"gold_loss":0,"cards_obtained":["Regret"]},{"cards_removed":["Strike_G"],"damage_healed":0,"gold_gain":0,"player_choice":"Offered Basic","damage_taken":0,"max_hp_gain":0,"max_hp_loss":0,"event_name":"Bonfire Elementals","floor":10,"gold_loss":0},{"cards_removed":["Strike_G"],"damage_healed":0,"gold_gain":0,"player_choice":"Purged","damage_taken":0,"max_hp_gain":0,"max_hp_loss":0,"event_name":"Purifier","floor":19,"gold_loss":0}],"is_beta":false,"boss_relics":[{"not_picked":["Lizard Tail","Cursed Key"],"picked":"Orrery"}],"items_purged_floors":[11],"is_endless":false,"potions_floor_spawned":[7,13,22],"killed_by":"Gremlin Leader","ascension_level":9}