{"gold_per_floor":[11,11,86,106,124,124,124,156,156,171,184,195,195],"floor_reached":13,"playtime":780,"items_purged":[],"score":100,"play_id":"f10b8206-7308-4685-9f83-f018963cd1bd","local_time":"20180720160222","is_ascension_mode":true,"campfire_choices":[{"data":"Barricade","floor":6.0,"key":"SMITH"}],"neow_cost":"NO_GOLD","seed_source_timestamp":55620080094409,"circlet_count":0,"master_deck":["Strike_R","Strike_R","Strike_R","Strike_R","Defend_R","Defend_R","Defend_R","Defend_R","Bash","Barricade+1","Flame Barrier","Iron Wave","Disarm","Regret","Body Slam","Iron Wave","Flex","Shrug It Off"],"special_seed":0,"relics":["Burning Blood","Meat on the Bone","Pear","Omamori"],"potions_floor_usage":[8],"damage_taken":[{"damage":11.0,"enemies":"Cultist","floor":1.0,"turns":4.0},{"damage":10.0,"enemies":"Small Slimes","floor":4.0,"turns":6.0},{"damage":6.0,"enemies":"2 Louse","floor":5.0,"turns":5.0},{"damage":48,"enemies":"Gremlin Nob","floor":8,"turns":6},{"damage":13,"enemies":"Blue Slaver","floor":10,"turns":5},{"damage":29,"enemies":"3 Louse","floor":11,"turns":6},{"damage":25,"enemies":"Lots of Slimes","floor":12,"turns":6},{"damage":28,"enemies":"3 Sentries","floor":13,"turns":8}],"seed_played":"2045353552377932371","potions_obtained":[{"floor":1.0,"key":"SteroidPotion"},{"floor":8,"key":"SpeedPotion"},{"floor":11,"key":"GamblersBrew"},{"floor":12,"key":"SteroidPotion"}],"is_trial":false,"path_per_floor":["M","?","?","M","M","R","?","E","T","M","M","M"],"character_chosen":"IRONCLAD","items_purchased":[],"campfire_rested":0,"item_purchase_floors":[],"current_hp_per_floor":[75,75,64,60,60,60,60,40,40,45,34,27,0],"gold":195,"neow_bonus":"THREE_RARE_CARDS","is_prod":false,"is_daily":false,"chose_seed":false,"campfire_upgraded":1,"win_rate":0,"timestamp":1532091742,"path_taken":["M","?","?","M","?","R","?","E","T","M","M","M","E"],"build_version":"2018-07-19v2","purchased_purges":0,"victory":false,"max_hp_per_floor":[80,80,80,80,80,80,80,90,90,90,90,90,90],"card_choices":[{"not_picked":["Reaper","Bludgeon"],"picked":"Barricade","floor":0.0},{"not_picked":["Clothesline","Iron Wave"],"picked":"Flame Barrier","floor":1.0},{"not_picked":["Thunderclap","Spot Weakness"],"picked":"Iron Wave","floor":4.0},{"not_picked":["Twin Strike","Heavy Blade"],"picked":"Disarm","floor":5.0},{"not_picked":["Combust","Ghostly Armor"],"picked":"Body Slam","floor":8},{"not_picked":["Offering","Warcry"],"picked":"Iron Wave","floor":10},{"not_picked":["Flame Barrier","Pommel Strike"],"picked":"Flex","floor":11},{"not_picked":["Fire Breathing","Twin Strike"],"picked":"Shrug It Off","floor":12}],"player_experience":141925,"relics_obtained":[{"floor":8,"key":"Pear"},{"floor":9,"key":"Omamori"}],"event_choices":[{"event_name":"Bonfire Elementals","player_choice":"BASIC","floor":2.0,"damage_taken":0.0},{"event_name":"World of Goop","player_choice":"Gather Gold","floor":3.0,"damage_taken":0.0},{"event_name":"Big Fish","player_choice":"Box","floor":7.0,"damage_taken":0.0}],"is_beta":false,"boss_relics":[],"items_purged_floors":[],"is_endless":false,"potions_floor_spawned":[1,8,11,12],"killed_by":"3 Sentries","ascension_level":3}