{"gold_per_floor":[19,19,19,38,55,55,85,85,111,130,130,145,160,195,195,294,294,306,216,231,33,52,52,71,84,84,84,101,111,111,123,123,218,218,230,230,130,143,143,143,163,38,38,38,48,48,76,90,90,90],"floor_reached":51,"playtime":2324,"items_purged":["Strike_R","Defend_R","Defend_R"],"score":880,"play_id":"46157a9e-0ae3-4e57-b247-0692224a0e96","local_time":"20181209020909","is_ascension_mode":true,"campfire_choices":[{"data":"Disarm","floor":6.0,"key":"SMITH"},{"data":"Shrug It Off","floor":8.0,"key":"SMITH"},{"data":"Limit Break","floor":11.0,"key":"SMITH"},{"data":"Battle Trance","floor":15.0,"key":"SMITH"},{"data":"Inflame","floor":23.0,"key":"SMITH"},{"data":"Impervious","floor":27,"key":"SMITH"},{"data":"Bash","floor":32,"key":"SMITH"},{"data":"Finesse","floor":40,"key":"SMITH"},{"data":"Finesse","floor":44,"key":"SMITH"},{"data":"Defend_R","floor":46,"key":"SMITH"},{"data":"Offering","floor":49,"key":"SMITH"}],"neow_cost":"NO_GOLD","seed_source_timestamp":181779362697350,"circlet_count":0,"master_deck":["Strike_R+1","Defend_R+1","Bash+1","Limit Break+1","Disarm+1","Shrug It Off+1","Battle Trance+1","Impervious+1","Feed","Headbutt","Inflame+1","Finesse+1","Sword Boomerang+1","Heavy Blade+1","Offering+1","Whirlwind+1","Offering+1","Burning Pact+1","Finesse+1","Inflame+1"],"special_seed":0,"relics":["Burning Blood","Bag of Marbles","Ancient Tea Set","Vajra","Strawberry","Cursed Key","Astrolabe","Kunai","Omamori"],"potions_floor_usage":[33,50,50],"damage_taken":[{"damage":2.0,"enemies":"2 Louse","floor":1.0,"turns":4.0},{"damage":7.0,"enemies":"Small Slimes","floor":4.0,"turns":5.0},{"damage":0.0,"enemies":"Cultist","floor":5.0,"turns":3.0},{"damage":28.0,"enemies":"Lagavulin","floor":7.0,"turns":10.0},{"damage":0.0,"enemies":"Gremlin Gang","floor":10.0,"turns":5.0},{"damage":2.0,"enemies":"3 Louse","floor":12.0,"turns":4.0},{"damage":0.0,"enemies":"Lots of Slimes","floor":13.0,"turns":18.0},{"damage":6.0,"enemies":"3 Sentries","floor":14.0,"turns":9.0},{"damage":3.0,"enemies":"The Guardian","floor":16.0,"turns":9.0},{"damage":0.0,"enemies":"Shell Parasite","floor":18.0,"turns":7.0},{"damage":0.0,"enemies":"Chosen","floor":20.0,"turns":6.0},{"damage":0.0,"enemies":"Centurion and Healer","floor":22.0,"turns":6.0},{"damage":9.0,"enemies":"3 Cultists","floor":24.0,"turns":5.0},{"damage":0.0,"enemies":"Sentry and Sphere","floor":25.0,"turns":5.0},{"damage":5,"enemies":"Shelled Parasite and Fungi","floor":28,"turns":4},{"damage":6,"enemies":"Cultist and Chosen","floor":29,"turns":5},{"damage":8,"enemies":"Snecko","floor":31,"turns":4},{"damage":27,"enemies":"Automaton","floor":33,"turns":5},{"damage":25,"enemies":"3 Shapes","floor":35,"turns":3},{"damage":6,"enemies":"3 Darklings","floor":38,"turns":1},{"damage":3,"enemies":"Spire Growth","floor":41,"turns":3},{"damage":3,"enemies":"4 Shapes","floor":45,"turns":3},{"damage":12,"enemies":"Reptomancer","floor":47,"turns":2},{"damage":15,"enemies":"Writhing Mass","floor":48,"turns":3},{"damage":23,"enemies":"Time Eater","floor":50,"turns":3}],"seed_played":"8731587213407059880","potions_obtained":[{"floor":1.0,"key":"PowerPotion"},{"floor":7.0,"key":"Fire Potion"},{"floor":12.0,"key":"Strength Potion"},{"floor":16.0,"key":"Fire Potion"},{"floor":20.0,"key":"Strength Potion"},{"floor":22.0,"key":"BloodPotion"},{"floor":35,"key":"PowerPotion"},{"floor":45,"key":"Explosive Potion"},{"floor":47,"key":"Dexterity Potion"}],"is_trial":false,"path_per_floor":["M","?","$","M","M","R","E","R","T","M","R","M","M","E","R","B",null,"M","?","M","$","M","R","M","M","T","R","M","M","?","M","R","B",null,"M","?","$","M","?","R","M","$","T","R","M","R","E","M","R","B",null],"character_chosen":"IRONCLAD","items_purchased":["Inflame","Finesse"],"campfire_rested":0,"item_purchase_floors":[21,21],"current_hp_per_floor":[80,68,68,67,73,73,51,51,51,57,57,61,67,74,74,77,87,90,90,90,90,90,90,90,93,93,93,96,99,90,88,88,70,102,86,86,86,86,86,86,89,89,89,89,95,95,92,83,83,66],"gold":90,"neow_bonus":"THREE_RARE_CARDS","is_prod":false,"is_daily":false,"chose_seed":false,"campfire_upgraded":11,"win_rate":0,"timestamp":1544332149,"path_taken":["M","?","$","M","M","R","E","R","T","M","R","M","M","E","R","BOSS","M","?","?","$","M","R","M","?","T","R","M","M","?","?","R","BOSS","M","?","$","?","?","R","M","$","T","R","M","R","E","M","R","BOSS"],"build_version":"2018-11-15","purchased_purges":3,"victory":true,"max_hp_per_floor":[80,80,80,80,80,80,80,80,80,80,80,80,80,87,87,87,87,90,90,90,90,90,90,93,93,93,93,96,99,99,99,99,102,102,105,105,105,105,105,105,105,105,105,105,108,108,111,111,111,111],"card_choices":[{"not_picked":["Berserk","Demon Form"],"picked":"Limit Break","floor":0.0},{"not_picked":["Carnage","Clash"],"picked":"Disarm","floor":1.0},{"not_picked":["Body Slam","True Grit"],"picked":"Shrug It Off","floor":4.0},{"not_picked":["Heavy Blade","True Grit"],"picked":"Battle Trance","floor":5.0},{"not_picked":["Warcry","Clothesline","Ghostly Armor"],"picked":"SKIP","floor":7.0},{"not_picked":["Shrug It Off","Hemokinesis","Pommel Strike"],"picked":"SKIP","floor":10.0},{"not_picked":["Bloodletting","Seeing Red","Infernal Blade"],"picked":"SKIP","floor":12.0},{"not_picked":["Second Wind","Rage","Pommel Strike"],"picked":"SKIP","floor":13.0},{"not_picked":["Perfected Strike","Shrug It Off"],"picked":"Impervious","floor":14.0},{"not_picked":["Brutality","Dark Embrace"],"picked":"Feed","floor":16.0},{"not_picked":["Body Slam","Second Wind+1","Bloodletting"],"picked":"SKIP","floor":18.0},{"not_picked":["Armaments","Shrug It Off"],"picked":"Headbutt","floor":20.0},{"not_picked":["Power Through","Armaments","Searing Blow"],"picked":"SKIP","floor":22.0},{"not_picked":["Pummel","Bloodletting"],"picked":"Sword Boomerang+1","floor":24.0},{"not_picked":["Armaments","Fiend Fire","Cleave"],"picked":"SKIP","floor":25.0},{"not_picked":["Anger","Flex","Perfected Strike"],"picked":"SKIP","floor":28},{"not_picked":["Thunderclap+1","Iron Wave+1","Battle Trance+1"],"picked":"SKIP","floor":29},{"not_picked":["Fire Breathing","Armaments+1"],"picked":"Heavy Blade+1","floor":31},{"not_picked":["Feed","Fiend Fire"],"picked":"Offering","floor":33},{"not_picked":["Clash+1","Warcry","Clothesline"],"picked":"SKIP","floor":35},{"not_picked":["Twin Strike","Perfected Strike+1","Fire Breathing+1"],"picked":"SKIP","floor":38},{"not_picked":["Panache","Panacea"],"picked":"Finesse","floor":39},{"not_picked":["Uppercut","Flex","Iron Wave"],"picked":"SKIP","floor":41},{"not_picked":["Armaments+1","Rage","Warcry"],"picked":"SKIP","floor":45},{"not_picked":["Ghostly Armor+1","Armaments"],"picked":"Inflame+1","floor":47},{"not_picked":["Headbutt+1","Feel No Pain+1","Cleave+1"],"picked":"SKIP","floor":48}],"player_experience":5585,"relics_obtained":[{"floor":7.0,"key":"Ancient Tea Set"},{"floor":9.0,"key":"Vajra"},{"floor":14.0,"key":"Strawberry"},{"floor":47,"key":"Omamori"}],"event_choices":[{"damage_healed":0.0,"max_hp_gain":0.0,"max_hp_loss":0.0,"gold_gain":0.0,"event_name":"Scrap Ooze","player_choice":"Success","floor":2.0,"gold_loss":0.0,"damage_taken":12.0,"relics_obtained":["Bag of Marbles"]},{"cards_removed":["Strike_R"],"damage_healed":0.0,"max_hp_gain":0.0,"max_hp_loss":0.0,"gold_gain":0.0,"event_name":"Designer","player_choice":"Upgrade and Remove","floor":19.0,"gold_loss":90.0,"damage_taken":0.0,"cards_upgraded":["Strike_R"]},{"damage_healed":0,"gold_gain":0,"player_choice":"Damaged","damage_taken":9,"max_hp_gain":0,"max_hp_loss":0,"event_name":"Wheel of Change","floor":30,"gold_loss":0},{"damage_healed":0,"gold_gain":0,"player_choice":"Gave Potion","damage_taken":0,"relics_obtained":["Kunai"],"max_hp_gain":0,"max_hp_loss":0,"event_name":"WeMeetAgain","floor":36,"gold_loss":0},{"damage_healed":0,"gold_gain":0,"player_choice":"Memory 1","damage_taken":0,"max_hp_gain":0,"max_hp_loss":0,"event_name":"SensoryStone","floor":39,"gold_loss":0}],"is_beta":false,"boss_relics":[{"not_picked":["Empty Cage","Coffee Dripper"],"picked":"Cursed Key"},{"not_picked":["Philosopher\u0027s Stone","Sozu"],"picked":"Astrolabe"}],"items_purged_floors":[21,37,42],"is_endless":false,"potions_floor_spawned":[1,7,12,16,20,22,25,28,29,35,45,47],"ascension_level":1}