{"gold_per_floor":[118,135,58,58,70,97,97,132,132,132,132,151,151,164,164,243,243,256,256,269,284,284,284,318,318,341,391,409,429,22,37,37,116,116,133,133,355,369,383,383,414,414,414,414,434,452,71,106,106,106],"floor_reached":51,"playtime":1739,"items_purged":["Decay"],"score":1346,"play_id":"cad72264-8874-421f-b470-3b7285551553","local_time":"20190215235349","is_ascension_mode":true,"campfire_choices":[{"data":"Perfected Strike","floor":7.0,"key":"SMITH"},{"floor":10.0,"key":"REST"},{"data":"Inflame","floor":15.0,"key":"SMITH"},{"data":"Armaments","floor":23.0,"key":"SMITH"},{"data":"Demon Form","floor":25.0,"key":"SMITH"},{"floor":32.0,"key":"REST"},{"data":"Bludgeon","floor":40.0,"key":"SMITH"},{"data":"Whirlwind","floor":42.0,"key":"SMITH"},{"data":"Heavy Blade","floor":44.0,"key":"SMITH"},{"floor":49,"key":"REST"}],"neow_cost":"PERCENT_DAMAGE","seed_source_timestamp":8070350274418,"circlet_count":0,"master_deck":["AscendersBane","Strike_R","Strike_R","Strike_R","Strike_R","Defend_R","Defend_R","Bash","Secret Weapon+1","Cleave","Ghostly Armor","Inflame+1","Twin Strike","Perfected Strike+1","Shrug It Off","Demon Form+1","Feed","Heavy Blade+1","Pommel Strike+1","Armaments+1","Shrug It Off+1","Clothesline","Whirlwind+1","Iron Wave+1","Bludgeon+1","Uppercut+1","Heavy Blade+1","Wild Strike+1","Flame Barrier+1","Shrug It Off"],"special_seed":0,"relics":["Burning Blood","Anchor","Kunai","Potion Belt","Snecko Eye","Red Mask","PreservedInsect","Happy Flower","Regal Pillow","Sozu","Molten Egg 2","Bird Faced Urn","Vajra","War Paint","Juzu Bracelet"],"potions_floor_usage":[50,50],"damage_taken":[{"damage":1.0,"enemies":"Cultist","floor":1.0,"turns":4.0},{"damage":3.0,"enemies":"Jaw Worm","floor":2.0,"turns":5.0},{"damage":0.0,"enemies":"Small Slimes","floor":5.0,"turns":4.0},{"damage":30.0,"enemies":"Gremlin Nob","floor":6.0,"turns":4.0},{"damage":30.0,"enemies":"Lagavulin","floor":8.0,"turns":5.0},{"damage":4.0,"enemies":"Red Slaver","floor":12.0,"turns":4.0},{"damage":0.0,"enemies":"Looter","floor":14.0,"turns":2.0},{"damage":53.0,"enemies":"The Guardian","floor":16.0,"turns":9.0},{"damage":18.0,"enemies":"Spheric Guardian","floor":18.0,"turns":4.0},{"damage":7.0,"enemies":"2 Thieves","floor":20.0,"turns":3.0},{"damage":4.0,"enemies":"Snake Plant","floor":21.0,"turns":3.0},{"damage":23.0,"enemies":"Masked Bandits","floor":24.0,"turns":4.0},{"damage":23.0,"enemies":"Shelled Parasite and Fungi","floor":28.0,"turns":6.0},{"damage":0.0,"enemies":"Centurion and Healer","floor":29.0,"turns":4.0},{"damage":12.0,"enemies":"Chosen and Byrds","floor":31.0,"turns":6.0},{"damage":42.0,"enemies":"Automaton","floor":33.0,"turns":9.0},{"damage":29.0,"enemies":"3 Darklings","floor":35.0,"turns":4.0},{"damage":0.0,"enemies":"Orb Walker","floor":38.0,"turns":2.0},{"damage":13.0,"enemies":"Maw","floor":39.0,"turns":6.0},{"damage":0.0,"enemies":"Giant Head","floor":41.0,"turns":5.0},{"damage":20.0,"enemies":"Transient","floor":45.0,"turns":5.0},{"damage":0.0,"enemies":"Sphere and 2 Shapes","floor":46.0,"turns":3.0},{"damage":15,"enemies":"Nemesis","floor":48,"turns":5},{"damage":100,"enemies":"Donu and Deca","floor":50,"turns":6}],"seed_played":"6279970970622640153","potions_obtained":[{"floor":5.0,"key":"Fire Potion"},{"floor":8.0,"key":"Ancient Potion"},{"floor":12.0,"key":"SteroidPotion"},{"floor":18.0,"key":"Energy Potion"},{"floor":21.0,"key":"Explosive Potion"},{"floor":28.0,"key":"LiquidBronze"},{"floor":31.0,"key":"SmokeBomb"}],"is_trial":false,"path_per_floor":["M","M","$","?","M","E","R","E","T","R","?","M","?","M","R","B",null,"M","?","M","M","?","R","?","R","T","?","M","M","$","M","R","B",null,"M","?","?","M","M","R","E","R","T","R","M","M","$","E","R","B",null],"character_chosen":"IRONCLAD","items_purchased":["Inflame","Happy Flower","Regal Pillow","Vajra","War Paint","Shrug It Off"],"campfire_rested":3,"item_purchase_floors":[3,30,30,47,47,47],"current_hp_per_floor":[55,58,58,51,57,33,33,9,9,31,85,85,85,85,85,38,73,64,64,66,68,68,68,51,51,51,51,37,46,46,43,88,52,88,69,69,69,75,71,71,81,81,81,81,71,81,81,76,111,19],"gold":106,"neow_bonus":"RANDOM_COLORLESS_2","is_prod":false,"is_daily":false,"chose_seed":false,"campfire_upgraded":7,"win_rate":0,"timestamp":1550285629,"path_taken":["M","M","$","?","M","E","R","E","T","R","?","?","?","?","R","BOSS","M","?","?","M","?","R","?","R","T","?","M","?","$","M","R","BOSS","M","?","?","M","M","R","E","R","T","R","M","M","?","E","R","BOSS"],"build_version":"2018-11-15","purchased_purges":1,"victory":true,"max_hp_per_floor":[75,75,75,75,75,75,75,75,75,75,85,85,85,85,85,85,85,88,88,91,91,91,91,91,91,91,91,94,97,97,100,100,100,100,104,104,104,104,107,107,111,111,111,111,111,111,111,111,111,111],"card_choices":[{"not_picked":["Anger","True Grit"],"picked":"Cleave","floor":1.0},{"not_picked":["Heavy Blade","Blood for Blood"],"picked":"Ghostly Armor","floor":2.0},{"not_picked":["Carnage","Cleave"],"picked":"Twin Strike","floor":5.0},{"not_picked":["Thunderclap","Barricade"],"picked":"Perfected Strike","floor":6.0},{"not_picked":["Clash","Inflame"],"picked":"Shrug It Off","floor":8.0},{"not_picked":["Headbutt","Havoc","Clothesline"],"picked":"SKIP","floor":12.0},{"not_picked":["Hemokinesis","Rupture"],"picked":"Demon Form","floor":14.0},{"not_picked":["Demon Form","Bludgeon"],"picked":"Feed","floor":16.0},{"not_picked":["Sword Boomerang","Warcry"],"picked":"Heavy Blade","floor":18.0},{"not_picked":["Clothesline","Corruption"],"picked":"Pommel Strike+1","floor":20.0},{"not_picked":["Rupture","Iron Wave"],"picked":"Armaments","floor":21.0},{"not_picked":["Carnage","Clash"],"picked":"Shrug It Off+1","floor":24.0},{"not_picked":["Carnage","Body Slam"],"picked":"Clothesline","floor":28.0},{"not_picked":["Pommel Strike","True Grit"],"picked":"Whirlwind","floor":29.0},{"not_picked":["Cleave","Hemokinesis+1"],"picked":"Iron Wave+1","floor":31.0},{"not_picked":["Brutality","Exhume"],"picked":"Bludgeon","floor":33.0},{"not_picked":["Headbutt","Evolve"],"picked":"Uppercut+1","floor":35.0},{"not_picked":["Clash+1","Searing Blow+1"],"picked":"Heavy Blade+1","floor":38.0},{"not_picked":["Rage","Berserk","True Grit"],"picked":"SKIP","floor":39.0},{"not_picked":["Sword Boomerang","Barricade","Fire Breathing"],"picked":"SKIP","floor":41.0},{"not_picked":["Warcry","Entrench"],"picked":"Wild Strike+1","floor":45.0},{"not_picked":["Sword Boomerang+1","Havoc+1"],"picked":"Flame Barrier","floor":46.0},{"not_picked":["Rupture","Intimidate","Rage"],"picked":"SKIP","floor":48}],"player_experience":147117,"relics_obtained":[{"floor":6.0,"key":"Anchor"},{"floor":8.0,"key":"Kunai"},{"floor":9.0,"key":"Potion Belt"},{"floor":24.0,"key":"Red Mask"},{"floor":26.0,"key":"PreservedInsect"},{"floor":41.0,"key":"Molten Egg 2"},{"floor":43.0,"key":"Bird Faced Urn"},{"floor":48,"key":"Juzu Bracelet"}],"event_choices":[{"cards_removed":["Strike_R"],"damage_healed":0.0,"max_hp_gain":0.0,"max_hp_loss":0.0,"gold_gain":0.0,"event_name":"Golden Wing","player_choice":"Card Removal","floor":4.0,"gold_loss":0.0,"damage_taken":7.0},{"cards_removed":["Thinking Ahead"],"damage_healed":44.0,"max_hp_gain":10.0,"max_hp_loss":0.0,"gold_gain":0.0,"event_name":"Bonfire Elementals","player_choice":"Offered Rare","floor":11.0,"gold_loss":0.0,"damage_taken":0.0},{"cards_removed":["Defend_R"],"damage_healed":0.0,"max_hp_gain":0.0,"max_hp_loss":0.0,"gold_gain":0.0,"event_name":"Purifier","player_choice":"Purged","floor":13.0,"gold_loss":0.0,"damage_taken":0.0},{"damage_healed":0.0,"max_hp_gain":0.0,"max_hp_loss":0.0,"gold_gain":0.0,"event_name":"Wheel of Change","player_choice":"Cursed","floor":19.0,"gold_loss":0.0,"damage_taken":0.0,"cards_obtained":["Decay"]},{"damage_healed":0.0,"max_hp_gain":0.0,"max_hp_loss":0.0,"gold_gain":0.0,"event_name":"Ghosts","player_choice":"Ignored","floor":22.0,"gold_loss":0.0,"damage_taken":0.0},{"damage_healed":0.0,"max_hp_gain":0.0,"max_hp_loss":0.0,"gold_gain":0.0,"event_name":"Masked Bandits","player_choice":"Fought Bandits","floor":24.0,"gold_loss":0.0,"damage_taken":0.0},{"damage_healed":0.0,"max_hp_gain":0.0,"max_hp_loss":0.0,"gold_gain":100.0,"event_name":"The Joust","player_choice":"Bet on Murderer","floor":27.0,"gold_loss":50.0,"damage_taken":0.0},{"cards_removed":["Defend_R"],"damage_healed":0.0,"max_hp_gain":0.0,"max_hp_loss":0.0,"gold_gain":0.0,"event_name":"Falling","player_choice":"Removed Skill","floor":36.0,"gold_loss":0.0,"damage_taken":0.0},{"damage_healed":0.0,"max_hp_gain":0.0,"max_hp_loss":0.0,"gold_gain":222.0,"event_name":"Tomb of Lord Red Mask","player_choice":"Wore Mask","floor":37.0,"gold_loss":0.0,"damage_taken":0.0}],"is_beta":false,"boss_relics":[{"not_picked":["Runic Pyramid","Busted Crown"],"picked":"Snecko Eye"},{"not_picked":["Black Star","Empty Cage"],"picked":"Sozu"}],"items_purged_floors":[30],"is_endless":false,"potions_floor_spawned":[5,8,12,18,21,28,31,39,41,45,46],"ascension_level":16}