{"gold_per_floor":[364,439,457,457,134,134,84,84,110,125,187,187,87,104,104,209,209,229,229],"floor_reached":19,"playtime":672,"items_purged":["Writhe","Strike_B"],"score":165,"play_id":"3b95e4bb-6621-4137-aa1d-09ecec3f21e9","local_time":"20190217212351","is_ascension_mode":false,"campfire_choices":[{"data":"Consume","floor":6.0,"key":"SMITH"},{"data":"Recycle","floor":12.0,"key":"SMITH"},{"data":"Leap","floor":15.0,"key":"SMITH"}],"neow_cost":"CURSE","seed_source_timestamp":28883976350540,"circlet_count":0,"master_deck":["Strike_B","Strike_B","Defend_B","Defend_B","Defend_B","Zap","Consume+1","Barrage","Recycle+1","Cold Snap","Leap+1","Echo Form","Sweeping Beam"],"special_seed":0,"relics":["Cracked Core","Matryoshka","Sundial","Bag of Marbles","Tiny Chest","Philosopher\u0027s Stone"],"potions_floor_usage":[],"damage_taken":[{"damage":1.0,"enemies":"Jaw Worm","floor":1.0,"turns":4.0},{"damage":1.0,"enemies":"Cultist","floor":3.0,"turns":3.0},{"damage":2.0,"enemies":"Small Slimes","floor":10.0,"turns":5.0},{"damage":16.0,"enemies":"Lagavulin","floor":11.0,"turns":6.0},{"damage":10.0,"enemies":"Looter","floor":14.0,"turns":3.0},{"damage":3.0,"enemies":"The Guardian","floor":16.0,"turns":13.0},{"damage":62.0,"enemies":"Shell Parasite","floor":18.0,"turns":15.0},{"damage":14,"enemies":"3 Byrds","floor":19,"turns":1}],"seed_played":"6434139596783690882","potions_obtained":[{"floor":1.0,"key":"Dexterity Potion"},{"floor":3.0,"key":"Fire Potion"},{"floor":10.0,"key":"Poison Potion"}],"is_trial":false,"path_per_floor":["M","?","M","?","$","R","?","?","T","M","E","R","$","M","R","B",null,"M","M","M"],"character_chosen":"DEFECT","items_purchased":["Matryoshka"],"campfire_rested":0,"item_purchase_floors":[5],"current_hp_per_floor":[74,67,66,66,66,66,66,59,59,57,41,41,41,31,31,28,75,13,0],"gold":229,"neow_bonus":"TWO_FIFTY_GOLD","is_prod":false,"is_daily":false,"chose_seed":false,"campfire_upgraded":3,"win_rate":0,"timestamp":1550449431,"path_taken":["M","?","?","?","$","R","?","?","T","M","E","R","$","M","R","BOSS","M","M"],"build_version":"2018-11-15","purchased_purges":2,"victory":false,"max_hp_per_floor":[75,75,75,75,75,75,75,75,75,75,75,75,75,75,75,75,75,75,75],"card_choices":[{"not_picked":["Chaos","Self Repair"],"picked":"Consume","floor":1.0},{"not_picked":["Beam Cell","Force Field"],"picked":"Barrage","floor":3.0},{"not_picked":["Heatsinks","Stack"],"picked":"Cold Snap","floor":10.0},{"not_picked":["Amplify","Beam Cell","Turbo"],"picked":"SKIP","floor":11.0},{"not_picked":["Blizzard","Barrage"],"picked":"Leap","floor":14.0},{"not_picked":["Seek","Amplify"],"picked":"Echo Form","floor":16.0},{"not_picked":["Turbo","Rip and Tear+1"],"picked":"Sweeping Beam","floor":18}],"player_experience":164252,"relics_obtained":[{"floor":9.0,"key":"Sundial"},{"floor":9.0,"key":"Bag of Marbles"},{"floor":11.0,"key":"Tiny Chest"}],"event_choices":[{"damage_healed":0.0,"max_hp_gain":0.0,"max_hp_loss":0.0,"gold_gain":75.0,"event_name":"FaceTrader","player_choice":"Touch","floor":2.0,"gold_loss":0.0,"damage_taken":7.0},{"damage_healed":0.0,"max_hp_gain":0.0,"max_hp_loss":0.0,"gold_gain":0.0,"cards_transformed":["Dualcast"],"event_name":"Living Wall","player_choice":"Change","floor":4.0,"gold_loss":0.0,"damage_taken":0.0,"cards_obtained":["Recycle"]},{"cards_removed":["Strike_B"],"damage_healed":0.0,"max_hp_gain":0.0,"max_hp_loss":0.0,"gold_gain":0.0,"event_name":"The Cleric","player_choice":"Card Removal","floor":7.0,"gold_loss":50.0,"damage_taken":0.0},{"cards_removed":["Defend_B"],"damage_healed":0.0,"max_hp_gain":0.0,"max_hp_loss":0.0,"gold_gain":0.0,"event_name":"Golden Wing","player_choice":"Card Removal","floor":8.0,"gold_loss":0.0,"damage_taken":7.0}],"is_beta":false,"boss_relics":[{"not_picked":["Velvet Choker","Runic Pyramid"],"picked":"Philosopher\u0027s Stone"}],"items_purged_floors":[5,13],"is_endless":false,"potions_floor_spawned":[1,3,10,14],"killed_by":"3 Byrds","ascension_level":0}