{"gold_per_floor":[119,119,119,138,150,150,69,89,89,121,121,121,147,160,160,263,263,275,275,161,177,77,77,88,101,128,155,167,94,106,131,143,255,267,294,25,25,76,76,76,76,76,76,89,100,114,124,144,144,144],"floor_reached":50,"playtime":2991,"items_purged":["Strike_B","Defend_B","Zap"],"score":586,"play_id":"d1ac6ff5-ef2e-4001-9aaa-c6a1a83f5867","local_time":"20180814013738","is_ascension_mode":true,"campfire_choices":[{"data":"Redo","floor":6,"key":"SMITH"},{"data":"Machine Learning","floor":12,"key":"SMITH"},{"floor":15,"key":"REST"},{"data":"Redo","floor":23,"key":"SMITH"},{"floor":32,"key":"REST"},{"data":"Dualcast","floor":40,"key":"PURGE"},{"floor":42,"key":"REST"},{"floor":49,"key":"REST"}],"neow_cost":"","seed_source_timestamp":1435698383015472,"circlet_count":0,"master_deck":["Defend_B","Defend_B","Defend_B","BootSequence","Redo+1","Doom and Gloom","Machine Learning+1","Consume","Redo+1","Loop","Redo","Redo+1","Conserve Battery+1","Force Field+1"],"relics":["Cracked Core","Singing Bowl","Incense Burner","Bronze Scales","Velvet Choker","MawBank","Nunchaku","Anchor","Busted Crown","Art of War","Peace Pipe","Frozen Egg 2"],"potions_floor_usage":[8,10,10,16,33,33,38,44,47,48,50],"damage_taken":[{"damage":2,"enemies":"2 Louse","floor":1,"turns":2},{"damage":0,"enemies":"Cultist","floor":4,"turns":3},{"damage":4,"enemies":"Jaw Worm","floor":5,"turns":4},{"damage":5,"enemies":"2 Fungi Beasts","floor":8,"turns":3},{"damage":20,"enemies":"3 Sentries","floor":10,"turns":5},{"damage":16,"enemies":"Exordium Wildlife","floor":14,"turns":4},{"damage":25,"enemies":"Slime Boss","floor":16,"turns":4},{"damage":16,"enemies":"Shell Parasite","floor":18,"turns":5},{"damage":0,"enemies":"Spheric Guardian","floor":21,"turns":3},{"damage":8,"enemies":"Snecko","floor":24,"turns":3},{"damage":0,"enemies":"Chosen and Byrds","floor":25,"turns":4},{"damage":8,"enemies":"3 Cultists","floor":27,"turns":4},{"damage":11,"enemies":"Sentry and Sphere","floor":31,"turns":4},{"damage":39,"enemies":"Champ","floor":33,"turns":6},{"damage":4,"enemies":"3 Shapes","floor":35,"turns":4},{"damage":36,"floor":38,"turns":4},{"damage":42,"enemies":"3 Darklings","floor":44,"turns":4},{"damage":12,"enemies":"Sphere and 2 Shapes","floor":45,"turns":4},{"damage":7,"enemies":"Transient","floor":46,"turns":5},{"damage":16,"enemies":"Flame Bruiser 2 Orb","floor":47,"turns":4},{"damage":1,"enemies":"Sphere and 2 Shapes","floor":48,"turns":4},{"damage":41,"enemies":"Awakened One","floor":50,"turns":3}],"seed_played":"-2961464911397630211","potions_obtained":[{"floor":5,"key":"EntropicBrew"},{"floor":14,"key":"LiquidBronze"},{"floor":16,"key":"Dexterity Potion"},{"floor":27,"key":"Ancient Potion"},{"floor":35,"key":"Strength Potion"},{"floor":37,"key":"Dexterity Potion"},{"floor":37,"key":"Explosive Potion"},{"floor":37,"key":"Fire Potion"},{"floor":44,"key":"FearPotion"},{"floor":47,"key":"Fire Potion"}],"is_trial":false,"path_per_floor":["M","?","?","M","M","R","$","M","T","E","?","R","T","M","R","B",null,"M","?","$","M","$","R","M","M","T","M","?","?","?","M","R","B",null,"M","$","?","?","?","R","$","R","T","M","M","M","M","M","R"],"character_chosen":"DEFECT","items_purchased":["Machine Learning","Loop","Art of War"],"campfire_rested":4,"item_purchase_floors":[7,20,36],"current_hp_per_floor":[73,73,73,73,69,69,69,64,64,70,63,63,63,47,69,46,77,63,63,63,65,65,65,57,59,59,53,53,53,53,44,70,33,89,85,85,85,51,51,51,51,78,78,36,26,21,5,6,35,0],"gold":144,"neow_bonus":"","is_prod":false,"is_daily":false,"chose_seed":false,"campfire_upgraded":3,"win_rate":0,"timestamp":1534228658,"path_taken":["M","?","?","?","M","R","$","?","T","E","?","R","?","M","R","BOSS","M","?","$","?","$","R","M","M","T","M","?","?","?","?","R","BOSS","M","$","?","?","?","R","$","R","T","M","?","M","M","M","R","BOSS"],"build_version":"2018-08-09","purchased_purges":3,"victory":false,"max_hp_per_floor":[75,75,75,75,75,75,75,75,75,75,75,75,75,75,75,77,77,79,79,79,81,81,81,81,83,83,85,85,85,85,87,87,89,89,89,89,89,91,91,91,91,91,91,91,93,95,95,97,97,97],"card_choices":[{"not_picked":["Cold Snap","Turbo"],"picked":"BootSequence","floor":1},{"not_picked":["Streamline","BootSequence"],"picked":"Redo","floor":4},{"not_picked":["Glacier","Cold Snap"],"picked":"Doom and Gloom","floor":5},{"not_picked":["Conserve Battery","Stack","Compile Driver"],"picked":"SKIP","floor":8},{"not_picked":["Steam","Ball Lightning"],"picked":"Consume","floor":10},{"not_picked":["Conserve Battery","Turbo"],"picked":"Redo","floor":14},{"not_picked":["Rainbow","Multi-Cast","Meteor Strike"],"picked":"Singing Bowl","floor":16},{"not_picked":["Force Field","Hologram","Gash"],"picked":"Singing Bowl","floor":18},{"not_picked":["Compile Driver","Barrage","Ball Lightning"],"picked":"Singing Bowl","floor":21},{"not_picked":["Leap","Beam Cell+1"],"picked":"Redo","floor":24},{"not_picked":["Static Discharge+1","BootSequence+1","Streamline+1"],"picked":"Singing Bowl","floor":25},{"not_picked":["Hologram","Stack","Coolheaded"],"picked":"Singing Bowl","floor":27},{"not_picked":["Undo+1","Fusion","Conserve Battery"],"picked":"Singing Bowl","floor":31},{"not_picked":["Core Surge","All For One","Fission"],"picked":"Singing Bowl","floor":33},{"not_picked":[],"picked":"Redo+1","floor":35},{"not_picked":["Go for the Eyes+1"],"picked":"Singing Bowl","floor":38},{"not_picked":[],"picked":"Conserve Battery+1","floor":44},{"not_picked":["Stack+1"],"picked":"Singing Bowl","floor":45},{"not_picked":["Barrage"],"picked":"Singing Bowl","floor":46},{"not_picked":[],"picked":"Force Field+1","floor":47},{"not_picked":["Gash+1"],"picked":"Singing Bowl","floor":48}],"player_experience":328489,"relics_obtained":[{"floor":9,"key":"Singing Bowl"},{"floor":10,"key":"Incense Burner"},{"floor":13,"key":"Bronze Scales"},{"floor":26,"key":"MawBank"},{"floor":38,"key":"Peace Pipe"},{"floor":43,"key":"Frozen Egg 2"}],"event_choices":[{"event_name":"Purifier","player_choice":"One Purge","floor":2,"damage_taken":0},{"event_name":"Living Wall","player_choice":"Forget","floor":3,"damage_taken":0},{"event_name":"Golden Wing","player_choice":"Card Removal","floor":11,"damage_taken":0},{"event_name":"Cursed Tome","player_choice":"Ignored","floor":19,"damage_taken":0},{"event_name":"WeMeetAgain","player_choice":"Potion","floor":28,"damage_taken":0},{"event_name":"Addict","player_choice":"Obtained Relic","floor":29,"damage_taken":0},{"event_name":"Drug Dealer","player_choice":"Ignored","floor":30,"damage_taken":0},{"event_name":"The Lab","player_choice":"Got Potions","floor":37,"damage_taken":0},{"event_name":"Mysterious Sphere","player_choice":"Fight","floor":38,"damage_taken":0},{"event_name":"Match and Keep!","player_choice":"0 cards matched","floor":39,"damage_taken":0}],"is_beta":false,"boss_relics":[{"not_picked":["Inserter","Eternal Feather"],"picked":"Velvet Choker"},{"not_picked":["Runic Dome","Pandora\u0027s Box"],"picked":"Busted Crown"}],"items_purged_floors":[20,22,36],"is_endless":false,"potions_floor_spawned":[5,14,16,27,35,44,47],"killed_by":"Awakened One","ascension_level":3}