{"gold_per_floor":[115,68,68,68,143,169,169,199,199,199,230,245,270,288,288,387,387,405,423,441,43,43,43,68,80,106,116,150,150,181,181,181,280,280,290,83,183,183,195,195,221,121,146,160,0,0,0,19,19,19],"floor_reached":51,"playtime":1323,"items_purged":["Pain","Pain"],"score":1289,"play_id":"9fb06464-da55-45da-b72a-35c833a21b19","local_time":"20190203192643","is_ascension_mode":true,"campfire_choices":[{"data":"Perfected Strike","floor":7,"key":"SMITH"},{"data":"Bash","floor":10,"key":"SMITH"},{"data":"Battle Trance","floor":15,"key":"SMITH"},{"data":"Anger","floor":23,"key":"SMITH"},{"data":"Immolate","floor":29,"key":"SMITH"},{"data":"Rampage","floor":32,"key":"SMITH"},{"data":"Wild Strike","floor":40,"key":"SMITH"},{"floor":49,"key":"REST"}],"neow_cost":"NONE","seed_source_timestamp":114543747499232,"circlet_count":0,"master_deck":["AscendersBane","Strike_R+1","Strike_R","Strike_R+1","Strike_R","Strike_R","Defend_R+1","Defend_R","Defend_R+1","Bash+1","Perfected Strike+1","Battle Trance+1","Wild Strike+1","Rampage+1","Immolate+1","Dropkick","Flex+1","Twin Strike","Anger+1","Evolve","Clash","Twin Strike","Power Through+1","Limit Break","Writhe","Dual Wield+1","Flash of Steel+1","PanicButton","Flash of Steel+1","Flash of Steel+1","Sword Boomerang+1","Pummel+1"],"relics":["Burning Blood","NeowsBlessing","Art of War","Whetstone","FossilizedHelix","Orichalcum","Blood Vial","Philosopher\u0027s Stone","Red Skull","War Paint","Paper Frog","Oddly Smooth Stone","Strawberry","Molten Egg 2","Bag of Marbles","Calling Bell","Happy Flower","Sundial","Incense Burner","Mango","Ancient Tea Set","Red Mask","The Courier"],"potions_floor_usage":[16,18,24,24,33,33,50,50,50],"damage_taken":[{"damage":0,"enemies":"Cultist","floor":1,"turns":1},{"damage":0,"enemies":"Gremlin Nob","floor":6,"turns":1},{"damage":0,"enemies":"3 Sentries","floor":8,"turns":1},{"damage":15,"enemies":"Lagavulin","floor":11,"turns":4},{"damage":0,"enemies":"Small Slimes","floor":12,"turns":2},{"damage":10,"enemies":"Gremlin Nob","floor":13,"turns":4},{"damage":0,"enemies":"2 Louse","floor":14,"turns":2},{"damage":26,"enemies":"Slime Boss","floor":16,"turns":9},{"damage":24,"enemies":"3 Byrds","floor":18,"turns":4},{"damage":0,"enemies":"Spheric Guardian","floor":19,"turns":3},{"damage":10,"enemies":"Centurion and Healer","floor":20,"turns":3},{"damage":15,"enemies":"Gremlin Leader","floor":24,"turns":4},{"damage":37,"enemies":"Snake Plant","floor":25,"turns":3},{"damage":0,"enemies":"Snecko","floor":27,"turns":3},{"damage":10,"enemies":"Slavers","floor":28,"turns":4},{"damage":21,"enemies":"Gremlin Leader","floor":30,"turns":4},{"damage":38,"enemies":"Collector","floor":33,"turns":5},{"damage":12,"enemies":"Orb Walker","floor":35,"turns":4},{"damage":5,"enemies":"Mind Bloom Boss Battle","floor":37,"turns":4},{"damage":6,"enemies":"3 Shapes","floor":39,"turns":3},{"damage":1,"enemies":"Reptomancer","floor":41,"turns":3},{"damage":0,"enemies":"Transient","floor":44,"turns":5},{"damage":7,"enemies":"Jaw Worm Horde","floor":48,"turns":3},{"damage":40,"enemies":"Time Eater","floor":50,"turns":7}],"seed_played":"-4626216632430530560","potions_obtained":[{"floor":1,"key":"Regen Potion"},{"floor":8,"key":"Energy Potion"},{"floor":14,"key":"Strength Potion"},{"floor":16,"key":"Fire Potion"},{"floor":24,"key":"Block Potion"},{"floor":25,"key":"SteroidPotion"},{"floor":27,"key":"Strength Potion"},{"floor":33,"key":"SneckoOil"},{"floor":41,"key":"SteroidPotion"}],"is_trial":false,"path_per_floor":["M","$","?","$","?","E","R","E","T","R","E","M","E","M","R","B",null,"M","M","M","$","?","R","E","M","T","M","E","R","E","?","R","B",null,"M","$","?","?","M","R","E","$","T","M","?","$","T","M","R","B",null],"character_chosen":"IRONCLAD","items_purchased":["Perfected Strike","Red Skull","Anger","Evolve","War Paint","Flash of Steel+1","PowerPotion"],"campfire_rested":1,"item_purchase_floors":[2,21,21,21,21,36,36],"current_hp_per_floor":[78,78,78,78,67,73,73,79,79,79,70,76,72,80,80,60,75,59,67,65,65,65,65,67,38,38,46,51,51,38,38,38,8,67,63,63,80,70,72,72,79,79,79,87,87,87,87,88,101,67],"gold":19,"neow_bonus":"THREE_ENEMY_KILL","is_prod":false,"is_daily":false,"chose_seed":false,"campfire_upgraded":7,"win_rate":0,"timestamp":1549232803,"path_taken":["M","$","?","?","?","E","R","E","T","R","E","M","E","M","R","BOSS","M","M","M","$","?","R","E","M","T","M","E","R","E","?","R","BOSS","M","$","?","?","M","R","E","$","T","M","?","?","?","M","R","BOSS"],"build_version":"2018-11-15","purchased_purges":2,"victory":true,"max_hp_per_floor":[80,80,80,80,80,80,80,80,80,80,80,80,80,80,80,80,80,80,80,80,80,80,80,80,80,80,80,87,87,87,87,87,87,87,87,87,101,101,101,101,101,101,101,101,101,101,101,101,101,101],"card_choices":[{"not_picked":["Reckless Charge","Wild Strike","Warcry"],"picked":"SKIP","floor":1},{"not_picked":["Headbutt","Sword Boomerang","Limit Break"],"picked":"SKIP","floor":6},{"not_picked":["Searing Blow","Carnage"],"picked":"Battle Trance","floor":8},{"not_picked":["Combust","Rampage","Evolve"],"picked":"SKIP","floor":11},{"not_picked":["Armaments","Sword Boomerang"],"picked":"Wild Strike","floor":12},{"not_picked":["Clothesline","Searing Blow","Body Slam"],"picked":"SKIP","floor":13},{"not_picked":["Power Through","Warcry"],"picked":"Rampage","floor":14},{"not_picked":["Impervious","Berserk"],"picked":"Immolate","floor":16},{"not_picked":["Heavy Blade+1","Searing Blow+1"],"picked":"Dropkick","floor":18},{"not_picked":["Flame Barrier","Wild Strike"],"picked":"Flex+1","floor":19},{"not_picked":["Shockwave","Intimidate"],"picked":"Twin Strike","floor":20},{"not_picked":["Demon Form","Sever Soul+1"],"picked":"Clash","floor":24},{"not_picked":["Headbutt","Iron Wave"],"picked":"Twin Strike","floor":25},{"not_picked":["Evolve","Cleave","Havoc+1"],"picked":"SKIP","floor":27},{"not_picked":["Body Slam+1","Havoc","Pummel"],"picked":"SKIP","floor":28},{"not_picked":["Blood for Blood","Rupture"],"picked":"Power Through+1","floor":30},{"not_picked":["Fiend Fire+1","Barricade"],"picked":"Limit Break","floor":33},{"not_picked":["Thunderclap+1","Clothesline+1"],"picked":"Dual Wield+1","floor":35},{"not_picked":["Purity","Blind"],"picked":"PanicButton","floor":38},{"not_picked":["Impatience","Bandage Up"],"picked":"Flash of Steel+1","floor":38},{"not_picked":["The Bomb","Madness"],"picked":"Flash of Steel+1","floor":38},{"not_picked":["Blood for Blood+1","Seeing Red+1","Cleave+1"],"picked":"SKIP","floor":39},{"not_picked":["Battle Trance","Iron Wave+1"],"picked":"Sword Boomerang+1","floor":41},{"not_picked":["Rampage+1","Infernal Blade+1","Feel No Pain+1"],"picked":"SKIP","floor":44},{"not_picked":["Shrug It Off","Anger+1"],"picked":"Pummel+1","floor":48}],"player_experience":77202,"relics_obtained":[{"floor":6,"key":"Art of War"},{"floor":8,"key":"Whetstone"},{"floor":9,"key":"FossilizedHelix"},{"floor":11,"key":"Orichalcum"},{"floor":13,"key":"Blood Vial"},{"floor":24,"key":"Paper Frog"},{"floor":26,"key":"Oddly Smooth Stone"},{"floor":28,"key":"Strawberry"},{"floor":30,"key":"Molten Egg 2"},{"floor":34,"key":"Happy Flower"},{"floor":34,"key":"Sundial"},{"floor":34,"key":"Incense Burner"},{"floor":37,"key":"Mango"},{"floor":41,"key":"Ancient Tea Set"},{"floor":47,"key":"The Courier"}],"event_choices":[{"cards_removed":["Defend_R"],"damage_healed":0,"gold_gain":0,"player_choice":"Purged","damage_taken":0,"max_hp_gain":0,"max_hp_loss":0,"event_name":"Purifier","floor":3,"gold_loss":0},{"damage_healed":0,"gold_gain":75,"player_choice":"Gather Gold","damage_taken":11,"max_hp_gain":0,"max_hp_loss":0,"event_name":"World of Goop","floor":5,"gold_loss":0},{"damage_healed":0,"gold_gain":0,"player_choice":"Ignored","damage_taken":0,"max_hp_gain":0,"max_hp_loss":0,"event_name":"Beggar","floor":22,"gold_loss":0},{"damage_healed":0,"gold_gain":0,"player_choice":"Opened","damage_taken":0,"relics_obtained":["Bag of Marbles"],"max_hp_gain":0,"max_hp_loss":0,"event_name":"The Mausoleum","floor":31,"gold_loss":0},{"damage_healed":0,"gold_gain":0,"player_choice":"Fight","damage_taken":0,"max_hp_gain":0,"max_hp_loss":0,"event_name":"MindBloom","floor":37,"gold_loss":0},{"damage_healed":0,"gold_gain":0,"player_choice":"Memory 3","damage_taken":10,"max_hp_gain":0,"max_hp_loss":0,"event_name":"SensoryStone","floor":38,"gold_loss":0},{"damage_healed":0,"gold_gain":0,"player_choice":"Paid","damage_taken":0,"relics_obtained":["Red Mask"],"max_hp_gain":0,"max_hp_loss":0,"event_name":"Tomb of Lord Red Mask","floor":45,"gold_loss":160}],"is_beta":false,"boss_relics":[{"not_picked":["Ectoplasm","Tiny House"],"picked":"Philosopher\u0027s Stone"},{"not_picked":["Black Star","Runic Pyramid"],"picked":"Calling Bell"}],"items_purged_floors":[36,42],"is_endless":false,"potions_floor_spawned":[1,8,14,16,24,25,27,30,33,41,44,48],"ascension_level":10}