{"gold_per_floor":[118,118,133,133,150,150,173,186,186,206,223,223,73,86,86,182,182,195,294,294,294,307,307,332,126,126,126,126,139,139,156,156,156],"floor_reached":33,"playtime":2361,"items_purged":[],"score":282,"play_id":"9627d5c7-276f-4ac3-906b-6076df71b6e1","local_time":"20181113090312","is_ascension_mode":false,"campfire_choices":[{"floor":6.0,"key":"REST"},{"data":"Searing Blow","floor":15.0,"key":"SMITH"},{"data":"Searing Blow+1","floor":23.0,"key":"SMITH"},{"floor":30.0,"key":"REST"},{"floor":32.0,"key":"REST"}],"neow_cost":"NONE","seed_source_timestamp":313389567278785,"circlet_count":0,"master_deck":["Strike_R","Strike_R+1","Strike_R","Strike_R","Strike_R","Defend_R","Defend_R","Defend_R+1","Defend_R","Bash+1","Infernal Blade","Battle Trance","Anger","Searing Blow+3","Pommel Strike","Body Slam","Feed","Anger","Writhe","Shrug It Off","Infernal Blade","Burning Pact","Seeing Red","Demon Form"],"special_seed":0,"relics":["Black Blood","Strawberry","Bottled Lightning","FaceOfCleric","Orichalcum","Mummified Hand","Dead Branch","Medical Kit","Prayer Wheel"],"potions_floor_usage":[33],"damage_taken":[{"damage":1.0,"enemies":"Small Slimes","floor":1.0,"turns":3.0},{"damage":9.0,"enemies":"2 Louse","floor":3.0,"turns":2.0},{"damage":6.0,"enemies":"Jaw Worm","floor":5.0,"turns":4.0},{"damage":0.0,"enemies":"Gremlin Gang","floor":8.0,"turns":2.0},{"damage":10.0,"enemies":"3 Louse","floor":10.0,"turns":3.0},{"damage":17.0,"enemies":"Lots of Slimes","floor":11.0,"turns":6.0},{"damage":8.0,"enemies":"Red Slaver","floor":14.0,"turns":3.0},{"damage":60.0,"enemies":"The Guardian","floor":16.0,"turns":10.0},{"damage":4.0,"enemies":"Chosen","floor":18.0,"turns":3.0},{"damage":24.0,"enemies":"2 Thieves","floor":22.0,"turns":4.0},{"damage":58.0,"enemies":"Book of Stabbing","floor":24.0,"turns":6.0},{"damage":27.0,"enemies":"Centurion and Healer","floor":29.0,"turns":8.0},{"damage":55.0,"enemies":"3 Cultists","floor":31.0,"turns":8.0},{"damage":53,"enemies":"Champ","floor":33,"turns":10}],"seed_played":"-4817981658603194420","potions_obtained":[{"floor":3.0,"key":"LiquidBronze"},{"floor":8.0,"key":"LiquidBronze"},{"floor":14.0,"key":"Swift Potion"},{"floor":16.0,"key":"SteroidPotion"},{"floor":24.0,"key":"BloodPotion"}],"is_trial":false,"path_per_floor":["M","?","M","?","M","R","T","M","T","M","M","?","$","M","R","B",null,"M","?","?","?","M","R","E","$","T","?","$","M","R","M","R","B"],"character_chosen":"IRONCLAD","items_purchased":["Orichalcum","Medical Kit"],"campfire_rested":3,"item_purchase_floors":[13,25],"current_hp_per_floor":[80,80,77,61,61,80,87,87,87,83,72,72,72,71,71,18,89,93,93,93,93,80,80,33,33,33,33,33,26,54,13,43,0],"gold":156,"neow_bonus":"UPGRADE_CARD","is_prod":false,"is_daily":false,"chose_seed":false,"campfire_upgraded":2,"win_rate":0.0,"timestamp":1542088992,"path_taken":["M","?","M","?","M","R","?","?","T","M","M","?","$","?","R","BOSS","M","?","?","?","M","R","E","?","T","?","$","M","R","M","R","BOSS"],"build_version":"2018-11-08","purchased_purges":0,"victory":false,"max_hp_per_floor":[80,80,80,80,80,80,87,87,87,87,87,87,87,88,88,89,89,93,93,93,93,94,94,95,95,95,95,95,96,96,100,100,100],"card_choices":[{"not_picked":["Warcry","Headbutt"],"picked":"Infernal Blade","floor":1.0},{"not_picked":["Headbutt","Thunderclap"],"picked":"Battle Trance","floor":3.0},{"not_picked":["Warcry","Body Slam"],"picked":"Anger","floor":5.0},{"not_picked":["Clash","Entrench"],"picked":"Searing Blow","floor":8.0},{"not_picked":["Blood for Blood","Perfected Strike","Heavy Blade"],"picked":"SKIP","floor":10.0},{"not_picked":["Carnage","Burning Pact"],"picked":"Pommel Strike","floor":11.0},{"not_picked":["Hemokinesis","Cleave"],"picked":"Body Slam","floor":14.0},{"not_picked":["Immolate","Dark Embrace"],"picked":"Feed","floor":16.0},{"not_picked":["Shockwave+1","Fire Breathing"],"picked":"Anger","floor":18.0},{"not_picked":["Iron Wave+1","Twin Strike"],"picked":"Shrug It Off","floor":22.0},{"not_picked":["Thunderclap","Havoc+1"],"picked":"Infernal Blade","floor":24.0},{"not_picked":["Rage","Headbutt"],"picked":"Burning Pact","floor":29.0},{"not_picked":["Burning Pact","Anger","Metallicize"],"picked":"SKIP","floor":29.0},{"not_picked":["Perfected Strike","Heavy Blade"],"picked":"Seeing Red","floor":31.0},{"not_picked":["Twin Strike","Warcry"],"picked":"Demon Form","floor":31.0}],"player_experience":131695,"relics_obtained":[{"floor":7.0,"key":"Strawberry"},{"floor":9.0,"key":"Bottled Lightning"},{"floor":24.0,"key":"Dead Branch"},{"floor":26.0,"key":"Prayer Wheel"}],"event_choices":[{"damage_healed":0.0,"max_hp_gain":0.0,"max_hp_loss":0.0,"gold_gain":0.0,"event_name":"The Cleric","player_choice":"Leave","floor":2.0,"gold_loss":0.0,"damage_taken":0.0},{"damage_healed":0.0,"max_hp_gain":0.0,"max_hp_loss":0.0,"gold_gain":0.0,"event_name":"Shining Light","player_choice":"Entered Light","floor":4.0,"gold_loss":0.0,"damage_taken":16.0,"cards_upgraded":["Strike_R","Defend_R"]},{"damage_healed":0.0,"max_hp_gain":0.0,"max_hp_loss":0.0,"gold_gain":0.0,"event_name":"FaceTrader","player_choice":"Trade","floor":12.0,"gold_loss":0.0,"damage_taken":0.0,"relics_obtained":["FaceOfCleric"]},{"damage_healed":0.0,"max_hp_gain":0.0,"max_hp_loss":0.0,"gold_gain":99.0,"event_name":"Nest","player_choice":"Stole From Cult","floor":19.0,"gold_loss":0.0,"damage_taken":0.0},{"damage_healed":0.0,"max_hp_gain":0.0,"max_hp_loss":0.0,"gold_gain":0.0,"event_name":"The Mausoleum","player_choice":"Opened","floor":20.0,"gold_loss":0.0,"damage_taken":0.0,"relics_obtained":["Mummified Hand"],"cards_obtained":["Writhe"]},{"damage_healed":0.0,"max_hp_gain":0.0,"max_hp_loss":0.0,"gold_gain":0.0,"event_name":"Ghosts","player_choice":"Ignored","floor":21.0,"gold_loss":0.0,"damage_taken":0.0},{"damage_healed":0.0,"max_hp_gain":0.0,"max_hp_loss":0.0,"gold_gain":0.0,"event_name":"Upgrade Shrine","player_choice":"Upgraded","floor":27.0,"gold_loss":0.0,"damage_taken":0.0,"cards_upgraded":["Searing Blow"]}],"is_beta":false,"boss_relics":[{"not_picked":["Sozu","Calling Bell"],"picked":"Black Blood"}],"items_purged_floors":[],"is_endless":false,"potions_floor_spawned":[3,8,14,16,24],"killed_by":"Champ","ascension_level":0}