{"gold_per_floor":[113,388,313,331,50,75,95,95,165,165,178,205,24,40,40,114,114,114,114,54,54,54,54,54,54,54,54,54,54,54,54,54,54,54,54,0,0,0,0,0,0,0,0,0,0,0,0,0,0,0],"floor_reached":51,"playtime":2518,"items_purged":["Regret","Dualcast"],"score":1380,"play_id":"041277d3-007a-4493-be86-dd480ac4ccf6","local_time":"20190215231938","is_ascension_mode":true,"campfire_choices":[{"data":"Hologram","floor":8,"key":"SMITH"},{"data":"Streamline","floor":10,"key":"SMITH"},{"data":"Beam Cell","floor":15,"key":"SMITH"},{"floor":23,"key":"REST"},{"floor":25,"key":"REST"},{"floor":32,"key":"REST"},{"floor":40,"key":"REST"},{"floor":42,"key":"REST"},{"floor":46,"key":"REST"},{"floor":49,"key":"REST"}],"neow_cost":"NONE","seed_source_timestamp":5467491529243,"circlet_count":0,"master_deck":["AscendersBane","Strike_B","Strike_B","Strike_B","Defend_B","Defend_B","Defend_B","Defend_B","Zap","Leap","Coolheaded","Capacitor","Sunder","Rip and Tear","Streamline+1","Hologram+1","Cold Snap","Beam Cell+1","Apotheosis+1","Go for the Eyes","Reboot+1","Auto Shields+1","Hyperbeam","Leap+1","Chill+1","Machine Learning+1","Machine Learning+1","Chaos+1","Creative AI+1","Tempest+1","FTL","Glacier+1","Seek+1"],"relics":["Cracked Core","NeowsBlessing","Blood Vial","Toxic Egg 2","Vajra","Ectoplasm","Turnip","Frozen Egg 2","Bottled Lightning","Cables","Regal Pillow","Fusion Hammer","Red Mask","PreservedInsect","Ice Cream","MawBank","Du-Vu Doll","Singing Bowl"],"potions_floor_usage":[12,16,22,29,33,50,50],"damage_taken":[{"damage":0,"enemies":"2 Louse","floor":1,"turns":1},{"damage":0,"enemies":"Cultist","floor":4,"turns":1},{"damage":0,"enemies":"Lagavulin","floor":6,"turns":1},{"damage":0,"enemies":"Small Slimes","floor":7,"turns":2},{"damage":6,"enemies":"Red Slaver","floor":11,"turns":4},{"damage":12,"enemies":"3 Sentries","floor":12,"turns":7},{"damage":4,"enemies":"Looter","floor":14,"turns":3},{"damage":34,"enemies":"Hexaghost","floor":16,"turns":7},{"damage":0,"enemies":"3 Byrds","floor":18,"turns":4},{"damage":10,"enemies":"2 Thieves","floor":20,"turns":4},{"damage":0,"enemies":"Centurion and Healer","floor":21,"turns":3},{"damage":14,"enemies":"Colosseum Slavers","floor":22,"turns":3},{"damage":30,"enemies":"Colosseum Nobs","floor":22,"turns":4},{"damage":31,"enemies":"Gremlin Leader","floor":24,"turns":7},{"damage":6,"enemies":"Snecko","floor":27,"turns":3},{"damage":2,"enemies":"Snake Plant","floor":28,"turns":4},{"damage":10,"enemies":"Slavers","floor":29,"turns":5},{"damage":6,"enemies":"Chosen and Byrds","floor":31,"turns":4},{"damage":41,"enemies":"Collector","floor":33,"turns":8},{"damage":9,"enemies":"Orb Walker","floor":35,"turns":4},{"damage":1,"enemies":"3 Shapes","floor":37,"turns":3},{"damage":0,"enemies":"Sphere and 2 Shapes","floor":38,"turns":5},{"damage":29,"enemies":"Reptomancer","floor":41,"turns":5},{"damage":25,"enemies":"Nemesis","floor":44,"turns":7},{"damage":0,"enemies":"Mind Bloom Boss Battle","floor":45,"turns":6},{"damage":7,"enemies":"Giant Head","floor":47,"turns":6},{"damage":0,"enemies":"3 Darklings","floor":48,"turns":3},{"damage":5,"enemies":"Awakened One","floor":50,"turns":14}],"seed_played":"-7304252122188654920","potions_obtained":[{"floor":4,"key":"AttackPotion"},{"floor":7,"key":"PowerPotion"},{"floor":18,"key":"FocusPotion"},{"floor":27,"key":"EssenceOfSteel"},{"floor":29,"key":"SteroidPotion"},{"floor":31,"key":"PowerPotion"},{"floor":33,"key":"Strength Potion"},{"floor":47,"key":"FocusPotion"}],"is_trial":false,"path_per_floor":["M","?","$","M","$","E","M","R","T","R","M","E","$","M","R","B",null,"M","?","M","M","?","R","E","R","T","M","M","E","?","M","R","B",null,"M","?","M","M","?","R","E","R","T","E","?","R","E","M","R","B",null],"character_chosen":"DEFECT","items_purchased":["Capacitor","Sunder","Rip and Tear","Apotheosis+1"],"campfire_rested":7,"item_purchase_floors":[5,5,5,13],"current_hp_per_floor":[64,64,64,64,64,64,66,66,66,66,62,52,52,50,50,18,58,60,60,52,54,14,35,6,27,27,23,23,15,15,11,47,8,55,48,48,49,51,51,67,38,67,67,42,44,67,62,64,69,64],"gold":0,"neow_bonus":"THREE_ENEMY_KILL","is_prod":false,"is_daily":false,"chose_seed":false,"campfire_upgraded":3,"win_rate":0,"timestamp":1550283578,"path_taken":["M","?","?","M","$","E","M","R","T","R","M","E","$","M","R","BOSS","M","?","?","M","?","R","E","R","T","M","M","E","?","?","R","BOSS","M","?","M","M","?","R","E","R","T","E","?","R","E","M","R","BOSS"],"build_version":"2018-11-15","purchased_purges":2,"victory":true,"max_hp_per_floor":[71,71,71,71,71,71,71,71,71,71,71,71,71,71,71,71,71,71,71,71,71,71,71,71,71,71,71,71,71,71,71,71,71,71,71,71,71,71,67,67,67,67,67,67,67,67,69,69,69,69],"card_choices":[{"not_picked":["Go for the Eyes","Rebound"],"picked":"Leap","floor":1},{"not_picked":["Leap","Rebound","Coolheaded"],"picked":"SKIP","floor":4},{"not_picked":["Leap","Rebound"],"picked":"Coolheaded","floor":4},{"not_picked":["Reboot","Undo"],"picked":"Streamline","floor":6},{"not_picked":["Cold Snap","Streamline"],"picked":"Hologram","floor":7},{"not_picked":["Reinforced Body+1","Rip and Tear"],"picked":"Cold Snap","floor":11},{"not_picked":["Skim+1","Capacitor"],"picked":"Beam Cell","floor":12},{"not_picked":["Rebound","Blizzard"],"picked":"Go for the Eyes","floor":14},{"not_picked":["Amplify+1","Thunder Strike"],"picked":"Reboot+1","floor":16},{"not_picked":["Loop","Barrage"],"picked":"Auto Shields+1","floor":18},{"not_picked":["Scrape","Stack+1","Compile Driver+1"],"picked":"SKIP","floor":20},{"not_picked":["Ball Lightning","Stack+1"],"picked":"Leap+1","floor":21},{"not_picked":["Rebound","Hologram+1"],"picked":"Chill+1","floor":24},{"not_picked":["Hello World+1","Turbo+1","Gash"],"picked":"SKIP","floor":27},{"not_picked":["Cold Snap","Reprogram+1"],"picked":"Machine Learning+1","floor":28},{"not_picked":["Beam Cell","Rip and Tear","Doom and Gloom"],"picked":"SKIP","floor":29},{"not_picked":["Cold Snap","Hello World+1"],"picked":"Chaos+1","floor":31},{"not_picked":["Biased Cognition+1","Amplify+1"],"picked":"Creative AI+1","floor":33},{"not_picked":["Reinforced Body+1","Recycle+1"],"picked":"Tempest+1","floor":35},{"not_picked":["Doom and Gloom","Go for the Eyes"],"picked":"FTL","floor":37},{"not_picked":["Fusion+1","Go for the Eyes"],"picked":"Glacier+1","floor":38},{"not_picked":["Self Repair+1","Barrage+1","Tempest+1"],"picked":"SKIP","floor":41},{"not_picked":["Stack+1","Aggregate+1","Conserve Battery+1"],"picked":"SKIP","floor":44},{"not_picked":["Skim+1","Cold Snap+1","Sunder"],"picked":"Singing Bowl","floor":47},{"not_picked":["Coolheaded+1","Rebound+1"],"picked":"Seek+1","floor":48}],"player_experience":144599,"relics_obtained":[{"floor":6,"key":"Blood Vial"},{"floor":9,"key":"Toxic Egg 2"},{"floor":12,"key":"Vajra"},{"floor":22,"key":"Turnip"},{"floor":22,"key":"Frozen Egg 2"},{"floor":24,"key":"Bottled Lightning"},{"floor":26,"key":"Cables"},{"floor":29,"key":"Regal Pillow"},{"floor":41,"key":"PreservedInsect"},{"floor":43,"key":"Ice Cream"},{"floor":44,"key":"MawBank"},{"floor":45,"key":"Du-Vu Doll"},{"floor":47,"key":"Singing Bowl"}],"event_choices":[{"damage_healed":0,"gold_gain":275,"player_choice":"Desecrate","damage_taken":0,"max_hp_gain":0,"max_hp_loss":0,"event_name":"Golden Shrine","floor":2,"gold_loss":0,"cards_obtained":["Regret"]},{"damage_healed":0,"gold_gain":0,"cards_transformed":["Strike_B"],"player_choice":"Transformed","damage_taken":0,"max_hp_gain":0,"max_hp_loss":0,"event_name":"Transmorgrifier","floor":19,"gold_loss":0,"cards_obtained":["Hyperbeam"]},{"damage_healed":0,"gold_gain":0,"player_choice":"Fight","damage_taken":0,"max_hp_gain":0,"max_hp_loss":0,"event_name":"Colosseum","floor":22,"gold_loss":0},{"damage_healed":0,"gold_gain":0,"player_choice":"Fought Nobs","damage_taken":0,"max_hp_gain":0,"max_hp_loss":0,"event_name":"Colosseum","floor":22,"gold_loss":0},{"damage_healed":0,"gold_gain":0,"player_choice":"Copied","damage_taken":0,"max_hp_gain":0,"max_hp_loss":0,"event_name":"Duplicator","floor":30,"gold_loss":0,"cards_obtained":["Machine Learning"]},{"damage_healed":0,"gold_gain":0,"player_choice":"Paid","damage_taken":0,"relics_obtained":["Red Mask"],"max_hp_gain":0,"max_hp_loss":0,"event_name":"Tomb of Lord Red Mask","floor":36,"gold_loss":54},{"damage_healed":0,"gold_gain":0,"player_choice":"Max HP","damage_taken":0,"max_hp_gain":0,"max_hp_loss":4,"event_name":"Winding Halls","floor":39,"gold_loss":0},{"damage_healed":0,"gold_gain":0,"player_choice":"Fight","damage_taken":0,"max_hp_gain":0,"max_hp_loss":0,"event_name":"MindBloom","floor":45,"gold_loss":0}],"is_beta":false,"boss_relics":[{"not_picked":["Orrery","Tiny House"],"picked":"Ectoplasm"},{"not_picked":["Lizard Tail","Black Star"],"picked":"Fusion Hammer"}],"items_purged_floors":[3,5],"is_endless":false,"potions_floor_spawned":[4,7,11,18,22,27,29,31,33,38,45,47],"ascension_level":15}