{"gold_per_floor":[119,139,89,14,14,14,14,14,14,33,53,53,70,84,84,184,184,200,200,100,110,124,124],"floor_reached":23,"playtime":646,"items_purged":["Strike_R","Defend_R"],"score":183,"play_id":"3cb5c8e9-3af7-4d20-99ef-743364a75cf5","local_time":"20190209164346","is_ascension_mode":false,"campfire_choices":[{"data":"Bash","floor":6.0,"key":"SMITH"},{"data":"Dropkick","floor":8.0,"key":"SMITH"},{"data":"Shrug It Off","floor":12,"key":"SMITH"},{"data":"Strike_R","floor":15,"key":"SMITH"}],"neow_cost":"NONE","seed_source_timestamp":0,"circlet_count":0,"master_deck":["Strike_R","Strike_R","Strike_R+1","Strike_R","Defend_R","Defend_R","Bash+1","Dropkick+1","Shrug It Off+1","Clash"],"special_seed":0,"relics":["Burning Blood","Pen Nib","Blue Candle","Sozu"],"potions_floor_usage":[16],"damage_taken":[{"damage":5.0,"enemies":"Jaw Worm","floor":1.0,"turns":4.0},{"damage":2.0,"enemies":"2 Louse","floor":2.0,"turns":3.0},{"damage":6,"enemies":"Cultist","floor":10,"turns":3},{"damage":12,"enemies":"3 Louse","floor":11,"turns":3},{"damage":14,"enemies":"2 Fungi Beasts","floor":13,"turns":3},{"damage":0,"enemies":"Looter","floor":14,"turns":3},{"damage":70,"enemies":"The Guardian","floor":16,"turns":17},{"damage":18,"enemies":"3 Byrds","floor":18,"turns":6},{"damage":12,"enemies":"Shell Parasite","floor":21,"turns":4},{"damage":34,"enemies":"Snake Plant","floor":22,"turns":5}],"seed_played":"-7094380229972039806","potions_obtained":[{"floor":2.0,"key":"FairyPotion"},{"floor":10,"key":"SpeedPotion"},{"floor":11,"key":"EssenceOfSteel"}],"is_trial":false,"path_per_floor":["M","M","?","$","?","R","$","R","T","M","M","R","M","M","R","B",null,"M","?","$","M","M","R"],"character_chosen":"IRONCLAD","items_purchased":[],"campfire_rested":0,"item_purchase_floors":[],"current_hp_per_floor":[88,88,88,88,85,85,85,85,85,85,79,79,71,77,77,13,88,76,76,76,70,42,42],"gold":124,"neow_bonus":"TEN_PERCENT_HP_BONUS","is_prod":false,"is_daily":false,"chose_seed":false,"campfire_upgraded":4,"win_rate":0,"timestamp":1549719826,"path_taken":["M","M","?","$","?","R","?","R","T","M","?","R","M","M","R","BOSS","M","?","$","M","M","R"],"build_version":"2019-01-23","purchased_purges":2,"victory":false,"max_hp_per_floor":[88,88,88,88,88,88,88,88,88,88,88,88,88,88,88,88,88,88,88,88,88,88,88],"card_choices":[{"not_picked":["Cleave","Havoc","Anger"],"picked":"SKIP","floor":1.0},{"not_picked":["Shrug It Off","Pommel Strike"],"picked":"Dropkick","floor":2.0},{"not_picked":["Clothesline","Seeing Red"],"picked":"Shrug It Off","floor":10},{"not_picked":["Flex","Feel No Pain","Sentinel"],"picked":"SKIP","floor":11},{"not_picked":["Havoc","Iron Wave","Sentinel"],"picked":"SKIP","floor":13},{"not_picked":["Rupture","Fire Breathing","Power Through"],"picked":"SKIP","floor":14},{"not_picked":["Second Wind","Seeing Red","Warcry"],"picked":"SKIP","floor":18},{"not_picked":["Bloodletting","Uppercut+1","Perfected Strike"],"picked":"SKIP","floor":21},{"not_picked":["Cleave","Pummel"],"picked":"Clash","floor":22}],"player_experience":264250,"relics_obtained":[{"floor":9.0,"key":"Blue Candle"}],"event_choices":[{"cards_removed":["Defend_R"],"damage_healed":0.0,"max_hp_gain":0.0,"max_hp_loss":0.0,"gold_gain":0.0,"event_name":"The Cleric","player_choice":"Card Removal","floor":3.0,"gold_loss":50.0,"damage_taken":0.0},{"damage_healed":0.0,"max_hp_gain":0.0,"max_hp_loss":0.0,"gold_gain":0.0,"event_name":"Scrap Ooze","player_choice":"Success","floor":5.0,"gold_loss":0.0,"damage_taken":3.0,"relics_obtained":["Pen Nib"]},{"damage_healed":0,"gold_gain":0,"player_choice":"Ignored","damage_taken":0,"max_hp_gain":0,"max_hp_loss":0,"event_name":"Ghosts","floor":19,"gold_loss":0}],"is_beta":false,"boss_relics":[{"not_picked":["Astrolabe","White Beast Statue"],"picked":"Sozu"}],"items_purged_floors":[4,20],"is_endless":false,"potions_floor_spawned":[2,10,11,14],"ascension_level":0}