{"gold_per_floor":[112,112,131,306,31,41,41,56,56,76,96,106,121,96,96,193,193,207,207,84,183,199,199,212,229,252,352,352,370,370,380,380,380],"floor_reached":33,"playtime":2288,"items_purged":["Doubt","Decay"],"score":243,"play_id":"049b6f95-338d-4078-a1d7-866e1e854072","local_time":"20180717180042","is_ascension_mode":false,"campfire_choices":[{"data":"Darkness","floor":7.0,"key":"SMITH"},{"data":"Turbo","floor":15.0,"key":"SMITH"},{"data":"Dualcast","floor":23.0,"key":"SMITH"},{"data":"Loop","floor":30.0,"key":"SMITH"},{"data":"Zap","floor":32,"key":"SMITH"}],"neow_cost":"NONE","seed_source_timestamp":867114481413551,"circlet_count":0,"master_deck":["Strike_B","Strike_B","Strike_B","Strike_B","Defend_B","Defend_B","Defend_B","Defend_B","Zap+1","Dualcast+1","Darkness+1","Dark Shackles","Rainbow","Redo","Chaos","Undo","Turbo+1","Ball Lightning","Doom and Gloom","Steam Power","Doom and Gloom","Cold Snap","Core Surge","Barrage+1","Barrage","Steam","Stack","Sweeping Beam","Loop+1","Loop"],"special_seed":0,"relics":["Coffee Dripper","Medical Kit","Kunai","Lizard Tail","Centennial Puzzle"],"potions_floor_usage":[31],"damage_taken":[{"damage":15.0,"enemies":"Small Slimes","floor":1.0,"turns":3.0},{"damage":0.0,"enemies":"Cultist","floor":3.0,"turns":3.0},{"damage":6.0,"enemies":"Jaw Worm","floor":6.0,"turns":2.0},{"damage":14.0,"enemies":"2 Fungi Beasts","floor":8.0,"turns":3.0},{"damage":14.0,"enemies":"Blue Slaver","floor":10.0,"turns":3.0},{"damage":0.0,"enemies":"Red Slaver","floor":11.0,"turns":2.0},{"damage":6.0,"enemies":"Gremlin Gang","floor":12.0,"turns":4.0},{"damage":0.0,"enemies":"3 Louse","floor":13.0,"turns":2.0},{"damage":2.0,"enemies":"Hexaghost","floor":16.0,"turns":7.0},{"damage":11.0,"enemies":"Spheric Guardian","floor":18.0,"turns":4.0},{"damage":20.0,"enemies":"Chosen","floor":22.0,"turns":4.0},{"damage":20.0,"enemies":"Snake Plant","floor":24.0,"turns":5.0},{"damage":3.0,"enemies":"3 Cultists","floor":25.0,"turns":4.0},{"damage":8.0,"enemies":"Centurion and Healer","floor":29.0,"turns":5.0},{"damage":14,"enemies":"Snake Plant","floor":31,"turns":3},{"damage":48,"enemies":"Automaton","floor":33,"turns":6}],"seed_played":"3336536986406144020","potions_obtained":[{"floor":3.0,"key":"Swift Potion"},{"floor":6.0,"key":"SkillPotion"},{"floor":10.0,"key":"FearPotion"},{"floor":13.0,"key":"Fire Potion"},{"floor":18.0,"key":"FearPotion"}],"is_trial":false,"path_per_floor":["M","?","M","?","$","M","R","M","T","M","M","M","M","$","R","B",null,"M","?","$","?","M","R","M","M","T","?","?","M","R","M","R"],"character_chosen":"DEFECT","items_purchased":["Medical Kit","Cold Snap","Barrage"],"campfire_rested":0,"item_purchase_floors":[5,14,20],"current_hp_per_floor":[60,60,60,60,60,54,54,40,40,26,26,20,20,20,20,18,75,64,64,64,64,44,44,24,21,21,21,21,13,13,37,37,0],"gold":380,"neow_bonus":"BOSS_RELIC","is_prod":false,"is_daily":false,"chose_seed":false,"campfire_upgraded":5,"win_rate":0,"timestamp":1531839642,"path_taken":["M","?","M","?","$","M","R","M","T","?","M","?","M","$","R","BOSS","M","?","$","?","M","R","?","M","T","?","?","M","R","M","R","BOSS"],"build_version":"2018-07-12","purchased_purges":2,"victory":false,"max_hp_per_floor":[75,75,75,75,75,75,75,75,75,75,75,75,75,75,75,75,75,75,75,75,75,75,75,75,75,75,75,75,75,75,75,75,75],"card_choices":[{"not_picked":["Steam","Scrape"],"picked":"Darkness","floor":1.0},{"not_picked":["Heatsinks","Chill"],"picked":"Chaos","floor":3.0},{"not_picked":["Rip and Tear","Beam Cell"],"picked":"Undo","floor":6.0},{"not_picked":["Consume","Rip and Tear"],"picked":"Turbo","floor":8.0},{"not_picked":["Cold Snap","Stack"],"picked":"Ball Lightning","floor":10.0},{"not_picked":["Barrage","Ball Lightning"],"picked":"Doom and Gloom","floor":11.0},{"not_picked":["Creative AI","Glacier"],"picked":"Steam Power","floor":12.0},{"not_picked":["Steam","Consume"],"picked":"Doom and Gloom","floor":13.0},{"not_picked":["Reboot","Biased Cognition"],"picked":"Core Surge","floor":16.0},{"not_picked":["Defragment","Compile Driver+1"],"picked":"Barrage+1","floor":18.0},{"not_picked":["Barrage","Go for the Eyes"],"picked":"Steam","floor":22.0},{"not_picked":["White Noise","Streamline"],"picked":"Stack","floor":24.0},{"not_picked":["Gash","Biased Cognition"],"picked":"Sweeping Beam","floor":25.0},{"not_picked":["Go for the Eyes+1","Streamline"],"picked":"Loop","floor":29.0},{"not_picked":["Hologram","Barrage+1"],"picked":"Loop","floor":31}],"player_experience":122092,"relics_obtained":[{"floor":9.0,"key":"Kunai"},{"floor":26.0,"key":"Centennial Puzzle"}],"event_choices":[{"event_name":"Match and Keep!","player_choice":"3 cards matched","floor":2.0,"damage_taken":0.0},{"event_name":"Liars Game","player_choice":"agreed","floor":4.0,"damage_taken":0.0},{"event_name":"Forgotten Altar","player_choice":"Smashed Altar","floor":19.0,"damage_taken":0.0},{"event_name":"Nest","player_choice":"Stole From Cult","floor":21.0,"damage_taken":0.0},{"event_name":"Golden Shrine","player_choice":"Pray","floor":27.0,"damage_taken":0.0},{"event_name":"Vampires","player_choice":"Ignored","floor":28.0,"damage_taken":0.0}],"boss_relics":[{"not_picked":["Snecko Eye","Runic Pyramid"],"picked":"Lizard Tail"}],"items_purged_floors":[5,20],"is_endless":false,"potions_floor_spawned":[3,6,10,12,13,18],"killed_by":"Automaton","ascension_level":0}