{"gold_per_floor":[119,219,232,243,118,118,149,149,149,164,179,239,239,251,251,348,378,390,390,95,43,57,57,87,87,87,166,194,194,194,214,214,316,316,331,331,350,362,64,92,92,122,149,177,33,47,47,58,58,58],"floor_reached":51,"playtime":4391,"items_purged":["Strike_B","Strike_B"],"score":848,"play_id":"50389dfd-8eb4-4ee8-bbc9-8a51efc6d32a","local_time":"20180716194531","is_ascension_mode":true,"campfire_choices":[{"data":"Streamline","floor":6.0,"key":"SMITH"},{"data":"White Noise","floor":8.0,"key":"SMITH"},{"data":"Gash","floor":13.0,"key":"SMITH"},{"floor":15.0,"key":"REST"},{"floor":23,"key":"REST"},{"data":"Apotheosis","floor":25,"key":"SMITH"},{"floor":29,"key":"REST"},{"floor":32,"key":"REST"},{"data":"Creative AI","floor":41,"key":"SMITH"},{"data":"Zap","floor":47,"key":"SMITH"},{"data":"Coolheaded","floor":49,"key":"SMITH"}],"neow_cost":"NONE","seed_source_timestamp":0,"circlet_count":0,"master_deck":["Defend_B+1","Defend_B","Defend_B","Zap+1","Dualcast","Streamline+1","White Noise+1","Sweeping Beam","Gash+1","Gash","Coolheaded+1","Ghostly","Ghostly","Ghostly","Ghostly","Ghostly","Apotheosis+1","Gash","Chaos+1","Conserve Battery+1","Darkness+1","Creative AI+1"],"special_seed":0,"relics":["Busted Crown","Bottled Flame","Art of War","Singing Bowl","Tiny House","Strawberry","Dodecahedron","Tiny Chest","Bird Faced Urn","Astrolabe","Happy Flower","Toxic Egg 2","Bag of Preparation","Ancient Tea Set","Gambling Chip","Lantern"],"potions_floor_usage":[24,31,37,46,50,50,50],"damage_taken":[{"damage":2.0,"enemies":"2 Louse","floor":1.0,"turns":2.0},{"damage":1.0,"enemies":"Cultist","floor":3.0,"turns":4.0},{"damage":12.0,"enemies":"Small Slimes","floor":4.0,"turns":3.0},{"damage":10.0,"enemies":"3 Sentries","floor":7.0,"turns":8.0},{"damage":9.0,"enemies":"Red Slaver","floor":10.0,"turns":3.0},{"damage":7.0,"enemies":"Gremlin Gang","floor":11.0,"turns":5.0},{"damage":6.0,"enemies":"Gremlin Nob","floor":12.0,"turns":3.0},{"damage":5.0,"enemies":"2 Fungi Beasts","floor":14.0,"turns":3.0},{"damage":54.0,"enemies":"The Guardian","floor":16.0,"turns":11.0},{"damage":6,"enemies":"Spheric Guardian","floor":18,"turns":4},{"damage":18,"enemies":"3 Byrds","floor":22,"turns":5},{"damage":14,"enemies":"Gremlin Leader","floor":24,"turns":8},{"damage":3,"enemies":"Slavers","floor":28,"turns":8},{"damage":2,"enemies":"Snake Plant","floor":31,"turns":5},{"damage":3,"enemies":"Collector","floor":33,"turns":8},{"damage":0,"enemies":"Flame Bruiser 1 Orb","floor":35,"turns":7},{"damage":3,"enemies":"3 Shapes","floor":37,"turns":5},{"damage":1,"enemies":"Spire Growth","floor":38,"turns":6},{"damage":0,"enemies":"Nemesis","floor":40,"turns":7},{"damage":16,"enemies":"2 Orb Walkers","floor":42,"turns":6},{"damage":3,"enemies":"Nemesis","floor":44,"turns":7},{"damage":9,"enemies":"Maw","floor":46,"turns":6},{"damage":1,"enemies":"4 Shapes","floor":48,"turns":5},{"damage":1,"enemies":"Time Eater","floor":50,"turns":10}],"seed_played":"3957838312250392167","potions_obtained":[{"floor":4.0,"key":"Swift Potion"},{"floor":7.0,"key":"Regen Potion"},{"floor":10.0,"key":"Regen Potion"},{"floor":12.0,"key":"FearPotion"},{"floor":17,"key":"SmokeBomb"},{"floor":18,"key":"SpeedPotion"},{"floor":28,"key":"Poison Potion"},{"floor":33,"key":"Ancient Potion"},{"floor":35,"key":"Poison Potion"},{"floor":42,"key":"Weak Potion"},{"floor":46,"key":"EssenceOfSteel"}],"is_trial":false,"path_per_floor":["M","?","M","M","$","R","E","R","T","M","M","?","R","M","R","B",null,"M","?","$","$","M","R","E","R","T","T","E","R","?","M","R","B",null,"M","?","M","M","$","E","R","E","T","E","$","M","R","M","R","B"],"character_chosen":"DEFECT","items_purchased":["Streamline","Apotheosis","Gash","Creative AI","Happy Flower","Lantern"],"campfire_rested":4,"item_purchase_floors":[5,20,21,39,39,45],"current_hp_per_floor":[73,73,72,60,60,60,50,50,50,41,58,52,52,47,69,17,82,84,42,42,42,26,39,34,34,34,34,33,49,40,42,60,64,64,66,68,69,72,72,74,74,72,72,78,78,75,75,82,82,82],"gold":58,"neow_bonus":"BOSS_RELIC","is_prod":false,"is_daily":false,"chose_seed":false,"campfire_upgraded":7,"win_rate":0,"timestamp":1531788331,"path_taken":["M","?","?","M","?","R","E","R","T","M","?","?","R","M","R","BOSS","M","?","?","$","M","R","E","R","T","?","E","R","?","?","R","BOSS","M","?","M","?","$","E","R","E","T","E","$","M","R","M","R","BOSS"],"build_version":"2018-07-12","purchased_purges":2,"victory":true,"max_hp_per_floor":[75,75,75,75,75,75,75,75,75,75,75,75,75,75,75,77,82,84,42,42,42,44,44,53,53,53,53,55,55,60,62,62,64,64,66,68,70,72,72,74,74,76,76,78,78,80,80,82,82,82],"card_choices":[{"not_picked":["Compile Driver"],"picked":"SKIP","floor":1.0},{"not_picked":["Heatsinks"],"picked":"SKIP","floor":3.0},{"not_picked":["Stack"],"picked":"SKIP","floor":4.0},{"not_picked":[],"picked":"White Noise","floor":7.0},{"not_picked":["Blizzard"],"picked":"SKIP","floor":10.0},{"not_picked":[],"picked":"Sweeping Beam","floor":11.0},{"not_picked":[],"picked":"Gash","floor":12.0},{"not_picked":[],"picked":"Gash","floor":14.0},{"not_picked":["Buffer"],"picked":"Singing Bowl","floor":16.0},{"not_picked":[],"picked":"Coolheaded","floor":17},{"not_picked":["Barrage"],"picked":"Singing Bowl","floor":18},{"not_picked":["Streamline"],"picked":"Singing Bowl","floor":22},{"not_picked":["Undo+1"],"picked":"Singing Bowl","floor":24},{"not_picked":["Conserve Battery+1"],"picked":"Singing Bowl","floor":28},{"not_picked":["Steam Power"],"picked":"Singing Bowl","floor":31},{"not_picked":["Biased Cognition"],"picked":"Singing Bowl","floor":33},{"not_picked":["Scrape"],"picked":"Singing Bowl","floor":35},{"not_picked":["Bandage Up"],"picked":"Singing Bowl","floor":36},{"not_picked":["Ball Lightning+1"],"picked":"Singing Bowl","floor":37},{"not_picked":["Rebound"],"picked":"Singing Bowl","floor":38},{"not_picked":["Tempest"],"picked":"Singing Bowl","floor":40},{"not_picked":["Echo Form"],"picked":"Singing Bowl","floor":42},{"not_picked":["Cold Snap+1"],"picked":"Singing Bowl","floor":44},{"not_picked":["Coolheaded+1"],"picked":"Singing Bowl","floor":46},{"not_picked":["Static Discharge+1"],"picked":"Singing Bowl","floor":48}],"player_experience":293138,"relics_obtained":[{"floor":7.0,"key":"Bottled Flame"},{"floor":9.0,"key":"Art of War"},{"floor":12.0,"key":"Singing Bowl"},{"floor":24,"key":"Strawberry"},{"floor":26,"key":"Dodecahedron"},{"floor":27,"key":"Tiny Chest"},{"floor":28,"key":"Bird Faced Urn"},{"floor":40,"key":"Toxic Egg 2"},{"floor":42,"key":"Bag of Preparation"},{"floor":43,"key":"Ancient Tea Set"},{"floor":44,"key":"Gambling Chip"}],"event_choices":[{"event_name":"Golden Shrine","player_choice":"Pray","floor":2.0,"damage_taken":0.0},{"event_name":"Dead Adventurer","player_choice":"Searched \u00271\u0027 times","floor":12.0,"damage_taken":0.0},{"event_name":"Ghosts","player_choice":"Became a Ghost","floor":19,"damage_taken":0},{"event_name":"Forgotten Altar","player_choice":"Shed Blood","floor":30,"damage_taken":0},{"event_name":"SensoryStone","player_choice":"Memory 1","floor":36,"damage_taken":0}],"boss_relics":[{"not_picked":["Velvet Choker","Runic Dome"],"picked":"Tiny House"},{"not_picked":["Calling Bell","Eternal Feather"],"picked":"Astrolabe"}],"items_purged_floors":[5,20],"is_endless":false,"potions_floor_spawned":[4,7,10,12,18,28,33,35,42,46],"ascension_level":2}