{"gold_per_floor":[213,122,122,198,209,236,246,246,273,283,14,32,32,50,50,154,154,164,178,206,206,206,236,256,181,181,181,199,213,224,224,224,327,327,346,366,45,55,70,70,88,88,113,113,138,138,156,156],"floor_reached":48,"playtime":4889,"items_purged":[],"score":803,"play_id":"80bb4be2-95d5-4f5a-81bb-c88676b16aee","local_time":"20190126001200","is_ascension_mode":true,"campfire_choices":[{"data":"Neutralize","floor":8.0,"key":"SMITH"},{"data":"Leg Sweep","floor":15.0,"key":"SMITH"},{"floor":27.0,"key":"REST"},{"floor":32.0,"key":"REST"},{"floor":40.0,"key":"REST"},{"floor":42,"key":"REST"},{"floor":44,"key":"REST"}],"neow_cost":"NONE","seed_source_timestamp":1451824561227690,"circlet_count":0,"master_deck":["AscendersBane","Defend_G+1","Defend_G+1","Defend_G+1","Defend_G+1","Defend_G+1","Strike_G+1","Strike_G+1","Survivor","Neutralize+1","Dagger Spray","Quick Slash","Crippling Poison","Endless Agony","Skewer","Dodge and Roll","Caltrops","Well Laid Plans","Infinite Blades","Bouncing Flask","Leg Sweep+1","After Image+1","Dodge and Roll","Catalyst","Crippling Poison","Calculated Gamble","Dodge and Roll","Corpse Explosion","Leg Sweep","Infinite Blades","Cloak And Dagger","Acrobatics","Mayhem","Backflip","Writhe"],"special_seed":0,"relics":["Ring of the Snake","Question Card","Blue Candle","Vajra","OrangePellets","Busted Crown","Red Mask","Dead Branch","Matryoshka","Cursed Key","Gremlin Horn","Pen Nib","Anchor"],"potions_floor_usage":[],"damage_taken":[{"damage":0.0,"enemies":"Small Slimes","floor":1.0,"turns":7.0},{"damage":6.0,"enemies":"Jaw Worm","floor":5.0,"turns":5.0},{"damage":7.0,"enemies":"Gremlin Nob","floor":6.0,"turns":3.0},{"damage":0.0,"enemies":"Cultist","floor":7.0,"turns":3.0},{"damage":0.0,"enemies":"Looter","floor":10.0,"turns":3.0},{"damage":5.0,"enemies":"Red Slaver","floor":12.0,"turns":5.0},{"damage":18.0,"enemies":"Large Slime","floor":14.0,"turns":5.0},{"damage":12.0,"enemies":"The Guardian","floor":16.0,"turns":12.0},{"damage":0.0,"enemies":"Chosen","floor":18.0,"turns":6.0},{"damage":0.0,"enemies":"3 Byrds","floor":19.0,"turns":3.0},{"damage":37.0,"enemies":"Masked Bandits","floor":20.0,"turns":6.0},{"damage":25.0,"enemies":"Book of Stabbing","floor":23.0,"turns":7.0},{"damage":0.0,"enemies":"Centurion and Healer","floor":24.0,"turns":6.0},{"damage":3.0,"enemies":"3 Cultists","floor":28.0,"turns":3.0},{"damage":11.0,"enemies":"Snecko","floor":29.0,"turns":4.0},{"damage":2.0,"enemies":"Centurion and Healer","floor":30.0,"turns":6.0},{"damage":23.0,"enemies":"Automaton","floor":33.0,"turns":12.0},{"damage":14.0,"enemies":"3 Darklings","floor":35.0,"turns":5.0},{"damage":0.0,"enemies":"Orb Walker","floor":36.0,"turns":4.0},{"damage":33.0,"enemies":"Transient","floor":38.0,"turns":5.0},{"damage":4.0,"enemies":"4 Shapes","floor":39.0,"turns":6.0},{"damage":16,"enemies":"Jaw Worm Horde","floor":41,"turns":5},{"damage":13,"enemies":"Nemesis","floor":45,"turns":9},{"damage":8,"enemies":"Maw","floor":47,"turns":8},{"damage":37,"enemies":"Transient","floor":48,"turns":4}],"seed_played":"-6896148796446985473","potions_obtained":[{"floor":5.0,"key":"Strength Potion"},{"floor":7.0,"key":"SkillPotion"},{"floor":10.0,"key":"Regen Potion"},{"floor":16.0,"key":"PowerPotion"},{"floor":19.0,"key":"GamblersBrew"},{"floor":20.0,"key":"GamblersBrew"},{"floor":29.0,"key":"FearPotion"},{"floor":30.0,"key":"Block Potion"},{"floor":35.0,"key":"Dexterity Potion"}],"is_trial":false,"path_per_floor":["M","$","?","T","M","E","M","R","T","M","$","M","?","M","R","B",null,"M","M","?","?","?","E","M","?","T","R","M","M","M","?","R","B",null,"M","M","$","M","M","R","M","R","T","R","E","?","M","M"],"character_chosen":"THE_SILENT","items_purchased":["Quick Slash","Crippling Poison","Well Laid Plans","OrangePellets","Infinite Blades","Cloak And Dagger","Acrobatics","Mayhem"],"campfire_rested":5,"item_purchase_floors":[2,2,11,11,37,37,37,37],"current_hp_per_floor":[63,63,68,68,62,55,55,55,55,55,55,64,64,46,46,34,65,65,65,28,28,28,3,3,3,3,25,22,11,9,9,31,8,58,44,44,44,11,7,29,13,35,35,57,44,44,36,0],"gold":156,"neow_bonus":"HUNDRED_GOLD","is_prod":false,"is_daily":false,"chose_seed":false,"campfire_upgraded":2,"win_rate":0,"timestamp":1548479520,"path_taken":["M","$","?","?","M","E","M","R","T","M","$","?","?","M","R","BOSS","M","M","?","?","?","E","M","?","T","R","M","M","?","?","R","BOSS","M","M","$","M","M","R","M","R","T","R","E","?","M","?"],"build_version":"2019-01-23","purchased_purges":0,"victory":false,"max_hp_per_floor":[70,70,75,75,75,75,75,75,75,75,75,75,75,75,75,75,75,75,75,75,75,75,75,75,75,75,75,75,75,75,75,75,75,75,75,75,75,75,75,75,75,75,75,75,75,75,75,75],"card_choices":[{"not_picked":["Underhanded Strike","Finisher"],"picked":"Dagger Spray","floor":1.0},{"not_picked":["Flying Knee","Cloak And Dagger","Masterful Stab"],"picked":"Endless Agony","floor":5.0},{"not_picked":["Deflect","Underhanded Strike","Blade Dance"],"picked":"Skewer","floor":6.0},{"not_picked":["Outmaneuver","Cloak And Dagger","Choke"],"picked":"Dodge and Roll","floor":7.0},{"not_picked":["Expertise","All Out Attack","Flying Knee"],"picked":"Caltrops","floor":10.0},{"not_picked":["Flying Knee","Outmaneuver","Dagger Throw"],"picked":"Infinite Blades","floor":12.0},{"not_picked":["Infinite Blades","Choke","Backflip"],"picked":"Leg Sweep","floor":14.0},{"not_picked":["Venomology","Night Terror","Adrenaline"],"picked":"After Image","floor":16.0},{"not_picked":["Well Laid Plans+1"],"picked":"Dodge and Roll","floor":18.0},{"not_picked":["Underhanded Strike"],"picked":"Catalyst","floor":19.0},{"not_picked":["Acrobatics"],"picked":"Calculated Gamble","floor":23.0},{"not_picked":["Distraction","Terror"],"picked":"SKIP","floor":24.0},{"not_picked":["Infinite Blades"],"picked":"Dodge and Roll","floor":28.0},{"not_picked":["Quick Slash","Bane"],"picked":"SKIP","floor":29.0},{"not_picked":["Deadly Poison","Flying Knee"],"picked":"SKIP","floor":30.0},{"not_picked":["Venomology"],"picked":"Corpse Explosion","floor":33.0},{"not_picked":["Finisher"],"picked":"Leg Sweep","floor":35.0},{"not_picked":["Skewer","Underhanded Strike"],"picked":"SKIP","floor":36.0},{"not_picked":["Riddle With Holes"],"picked":"Backflip","floor":38.0},{"not_picked":["Dagger Throw+1","Poisoned Stab"],"picked":"SKIP","floor":39.0},{"not_picked":["Dagger Spray","Slice+1"],"picked":"SKIP","floor":41},{"not_picked":["Deadly Poison","Bane+1"],"picked":"SKIP","floor":45},{"not_picked":["Unload","Dagger Throw"],"picked":"SKIP","floor":47}],"player_experience":382457,"relics_obtained":[{"floor":4.0,"key":"Question Card"},{"floor":6.0,"key":"Blue Candle"},{"floor":9.0,"key":"Vajra"},{"floor":20.0,"key":"Red Mask"},{"floor":23.0,"key":"Dead Branch"},{"floor":26.0,"key":"Matryoshka"},{"floor":43,"key":"Gremlin Horn"},{"floor":43,"key":"Pen Nib"},{"floor":45,"key":"Anchor"}],"event_choices":[{"damage_healed":0.0,"max_hp_gain":5.0,"max_hp_loss":0.0,"gold_gain":0.0,"event_name":"Big Fish","player_choice":"Donut","floor":3.0,"gold_loss":0.0,"damage_taken":0.0},{"damage_healed":0.0,"max_hp_gain":0.0,"max_hp_loss":0.0,"gold_gain":0.0,"cards_transformed":["Strike_G"],"event_name":"Transmorgrifier","player_choice":"Transformed","floor":13.0,"gold_loss":0.0,"damage_taken":0.0,"cards_obtained":["Bouncing Flask"]},{"damage_healed":0.0,"max_hp_gain":0.0,"max_hp_loss":0.0,"gold_gain":0.0,"event_name":"Masked Bandits","player_choice":"Fought Bandits","floor":20.0,"gold_loss":0.0,"damage_taken":0.0},{"damage_healed":0.0,"max_hp_gain":0.0,"max_hp_loss":0.0,"gold_gain":0.0,"cards_transformed":["Strike_G","Strike_G"],"event_name":"Drug Dealer","player_choice":"Became Test Subject","floor":21.0,"gold_loss":0.0,"damage_taken":0.0,"cards_obtained":["Underhanded Strike","Crippling Poison"]},{"damage_healed":0.0,"max_hp_gain":0.0,"max_hp_loss":0.0,"gold_gain":0.0,"event_name":"Cursed Tome","player_choice":"Ignored","floor":22.0,"gold_loss":0.0,"damage_taken":0.0},{"cards_removed":["Underhanded Strike"],"damage_healed":0.0,"max_hp_gain":0.0,"max_hp_loss":0.0,"gold_gain":0.0,"event_name":"Beggar","player_choice":"Gave Gold","floor":25.0,"gold_loss":75.0,"damage_taken":0.0},{"damage_healed":0.0,"max_hp_gain":0.0,"max_hp_loss":0.0,"gold_gain":0.0,"event_name":"Back to Basics","player_choice":"Simplicity","floor":31.0,"gold_loss":0.0,"damage_taken":0.0,"cards_upgraded":["Defend_G","Defend_G","Defend_G","Defend_G","Defend_G","Strike_G","Strike_G"]},{"damage_healed":0,"gold_gain":0,"player_choice":"Upgraded","damage_taken":0,"max_hp_gain":0,"max_hp_loss":0,"event_name":"Upgrade Shrine","floor":46,"gold_loss":0,"cards_upgraded":["After Image"]}],"is_beta":false,"boss_relics":[{"not_picked":["Ring of the Serpent","Black Star"],"picked":"Busted Crown"},{"not_picked":["WristBlade","HoveringKite"],"picked":"Cursed Key"}],"items_purged_floors":[],"is_endless":false,"potions_floor_spawned":[5,7,10,16,19,20,29,30,35],"killed_by":"Transient","ascension_level":12}