{"gold_per_floor":[116,216,230,330,342,342,369,369,369,402,414,441,459,485,485,584,584,598,523,543,543,642,642,557,557,557,571,571,308,343,359,359,463,463,473,486,496,115,128,128,128,146,146,146,146,210,210,222,222,222],"floor_reached":51,"playtime":3693,"items_purged":["Dualcast","Strike_B"],"score":885,"play_id":"be0519e4-8b93-4707-ac6f-0cd7b320812a","local_time":"20190131030141","is_ascension_mode":true,"campfire_choices":[{"data":"Zap","floor":6.0,"key":"SMITH"},{"data":"Coolheaded","floor":8.0,"key":"SMITH"},{"data":"Tempest","floor":15.0,"key":"SMITH"},{"data":"Coolheaded","floor":23.0,"key":"SMITH"},{"data":"Conserve Battery","floor":25.0,"key":"SMITH"},{"data":"Defend_B","floor":28.0,"key":"SMITH"},{"data":"Hologram","floor":32.0,"key":"SMITH"},{"data":"Defragment","floor":40.0,"key":"SMITH"},{"data":"FTL","floor":47,"key":"SMITH"},{"data":"White Noise","floor":49,"key":"SMITH"}],"neow_cost":"NONE","seed_source_timestamp":176666230033599,"circlet_count":0,"master_deck":["Strike_B","Defend_B","Defend_B","Defend_B+1","Zap+1","FTL+1","BootSequence","Coolheaded+1","Self Repair","Conserve Battery+1","Sweeping Beam","Tempest+1","Gash","Compile Driver","Echo Form","Gash+1","Coolheaded+1","Hologram+1","White Noise+1","Defragment+1","Leap+1","Go for the Eyes+1","Loop+1"],"special_seed":0,"relics":["Cracked Core","Strawberry","Ornamental Fan","Vajra","Sundial","Gambling Chip","Odd Mushroom","Busted Crown","Dream Catcher","Dodecahedron","Oddly Smooth Stone","Blood Vial","Empty Cage","Symbiotic Virus","Kunai","SsserpentHead"],"potions_floor_usage":[50,50,50],"damage_taken":[{"damage":0.0,"enemies":"Small Slimes","floor":1.0,"turns":2.0},{"damage":1.0,"enemies":"Cultist","floor":3.0,"turns":3.0},{"damage":0.0,"enemies":"2 Louse","floor":5.0,"turns":2.0},{"damage":37.0,"enemies":"Gremlin Nob","floor":7.0,"turns":4.0},{"damage":8.0,"enemies":"3 Sentries","floor":10.0,"turns":7.0},{"damage":0.0,"enemies":"Gremlin Gang","floor":11.0,"turns":6.0},{"damage":10.0,"enemies":"Lagavulin","floor":12.0,"turns":7.0},{"damage":2.0,"enemies":"3 Louse","floor":13.0,"turns":3.0},{"damage":13.0,"enemies":"The Mushroom Lair","floor":14.0,"turns":3.0},{"damage":22.0,"enemies":"The Guardian","floor":16.0,"turns":11.0},{"damage":0.0,"enemies":"Spheric Guardian","floor":18.0,"turns":3.0},{"damage":17.0,"enemies":"Shell Parasite","floor":20.0,"turns":5.0},{"damage":3.0,"enemies":"Shelled Parasite and Fungi","floor":27.0,"turns":5.0},{"damage":11.0,"enemies":"Slavers","floor":30.0,"turns":6.0},{"damage":0.0,"enemies":"Snecko","floor":31.0,"turns":5.0},{"damage":3.0,"enemies":"Collector","floor":33.0,"turns":11.0},{"damage":14.0,"enemies":"3 Darklings","floor":35.0,"turns":6.0},{"damage":20.0,"enemies":"Orb Walker","floor":36.0,"turns":4.0},{"damage":0.0,"enemies":"Sphere and 2 Shapes","floor":37.0,"turns":6.0},{"damage":43.0,"enemies":"Jaw Worm Horde","floor":39.0,"turns":4.0},{"damage":1,"enemies":"3 Darklings","floor":42,"turns":5},{"damage":6,"enemies":"Sphere and 2 Shapes","floor":46,"turns":6},{"damage":5,"enemies":"Transient","floor":48,"turns":5},{"damage":4,"enemies":"Time Eater","floor":50,"turns":15}],"seed_played":"3303517456840195791","potions_obtained":[{"floor":1.0,"key":"SpeedPotion"},{"floor":5.0,"key":"Dexterity Potion"},{"floor":7.0,"key":"Explosive Potion"},{"floor":13.0,"key":"Ancient Potion"}],"is_trial":false,"path_per_floor":["M","?","M","?","M","R","E","R","T","E","M","E","M","?","R","B",null,"M","?","M","?","?","R","?","R","T","M","R","$","E","M","R","B",null,"M","M","M","$","M","R","?","M","T","T","?","M","R","M","R","B",null],"character_chosen":"DEFECT","items_purchased":["Oddly Smooth Stone","Hologram","Symbiotic Virus","Defragment"],"campfire_rested":0,"item_purchase_floors":[29,29,38,38],"current_hp_per_floor":[75,75,74,74,74,74,37,37,37,36,43,40,38,32,32,17,66,73,73,70,70,70,70,70,70,70,74,74,74,70,72,72,78,81,82,69,71,71,37,37,37,52,52,52,52,62,62,66,66,71],"gold":222,"neow_bonus":"RANDOM_COMMON_RELIC","is_prod":false,"is_daily":false,"chose_seed":false,"campfire_upgraded":10,"win_rate":0,"timestamp":1548914501,"path_taken":["M","?","?","?","M","R","E","R","T","E","M","E","?","?","R","BOSS","M","?","M","?","?","R","?","R","T","?","R","$","E","M","R","BOSS","M","?","M","$","?","R","?","M","T","?","?","?","R","M","R","BOSS"],"build_version":"2018-11-15","purchased_purges":2,"victory":true,"max_hp_per_floor":[82,82,82,82,82,82,82,82,82,82,82,82,82,82,82,82,82,82,82,82,82,82,82,82,82,82,82,82,82,82,82,82,82,82,82,82,82,82,82,82,82,82,82,82,82,82,82,82,82,82],"card_choices":[{"not_picked":["Static Discharge","Genetic Algorithm"],"picked":"FTL","floor":1.0},{"not_picked":["Barrage","Beam Cell"],"picked":"BootSequence","floor":3.0},{"not_picked":["Barrage","Beam Cell"],"picked":"Coolheaded","floor":5.0},{"not_picked":["Sweeping Beam","Rebound"],"picked":"Self Repair","floor":7.0},{"not_picked":["Redo","Turbo"],"picked":"Conserve Battery","floor":10.0},{"not_picked":["Lockon","Stack"],"picked":"Sweeping Beam","floor":11.0},{"not_picked":["Redo","Conserve Battery"],"picked":"Tempest","floor":12.0},{"not_picked":["Steam Power","Go for the Eyes"],"picked":"Gash","floor":13.0},{"not_picked":["Turbo","Rip and Tear"],"picked":"Compile Driver","floor":14.0},{"not_picked":["Multi-Cast","Machine Learning"],"picked":"Echo Form","floor":16.0},{"not_picked":[],"picked":"Gash+1","floor":18.0},{"not_picked":["Coolheaded"],"picked":"SKIP","floor":20.0},{"not_picked":[],"picked":"Coolheaded","floor":20.0},{"not_picked":["Beam Cell"],"picked":"SKIP","floor":27.0},{"not_picked":["Recycle"],"picked":"SKIP","floor":30.0},{"not_picked":[],"picked":"White Noise","floor":31.0},{"not_picked":["Ball Lightning+1"],"picked":"SKIP","floor":35.0},{"not_picked":["Rebound"],"picked":"SKIP","floor":36.0},{"not_picked":["Capacitor+1"],"picked":"SKIP","floor":37.0},{"not_picked":[],"picked":"Leap+1","floor":39.0},{"not_picked":["BootSequence+1"],"picked":"SKIP","floor":42},{"not_picked":[],"picked":"Go for the Eyes+1","floor":46},{"not_picked":[],"picked":"Loop+1","floor":48}],"player_experience":54408,"relics_obtained":[{"floor":7.0,"key":"Ornamental Fan"},{"floor":9.0,"key":"Vajra"},{"floor":10.0,"key":"Sundial"},{"floor":12.0,"key":"Gambling Chip"},{"floor":14.0,"key":"Odd Mushroom"},{"floor":26.0,"key":"Dodecahedron"},{"floor":30.0,"key":"Blood Vial"},{"floor":44,"key":"Kunai"}],"event_choices":[{"damage_healed":0.0,"max_hp_gain":0.0,"max_hp_loss":0.0,"gold_gain":100.0,"event_name":"Golden Shrine","player_choice":"Pray","floor":2.0,"gold_loss":0.0,"damage_taken":0.0},{"damage_healed":0.0,"max_hp_gain":0.0,"max_hp_loss":0.0,"gold_gain":100.0,"event_name":"Wheel of Change","player_choice":"Gold","floor":4.0,"gold_loss":0.0,"damage_taken":0.0},{"damage_healed":0.0,"max_hp_gain":0.0,"max_hp_loss":0.0,"gold_gain":0.0,"event_name":"Mushrooms","player_choice":"Fought Mushrooms","floor":14.0,"gold_loss":0.0,"damage_taken":0.0},{"cards_removed":["Strike_B"],"damage_healed":0.0,"max_hp_gain":0.0,"max_hp_loss":0.0,"gold_gain":0.0,"event_name":"Beggar","player_choice":"Gave Gold","floor":19.0,"gold_loss":75.0,"damage_taken":0.0},{"damage_healed":0.0,"max_hp_gain":0.0,"max_hp_loss":0.0,"gold_gain":0.0,"event_name":"The Mausoleum","player_choice":"Ignored","floor":21.0,"gold_loss":0.0,"damage_taken":0.0},{"damage_healed":0.0,"max_hp_gain":0.0,"max_hp_loss":0.0,"gold_gain":99.0,"event_name":"Nest","player_choice":"Stole From Cult","floor":22.0,"gold_loss":0.0,"damage_taken":0.0},{"damage_healed":0.0,"max_hp_gain":0.0,"max_hp_loss":0.0,"gold_gain":0.0,"event_name":"Addict","player_choice":"Obtained Relic","floor":24.0,"gold_loss":85.0,"damage_taken":0.0,"relics_obtained":["Dream Catcher"]},{"damage_healed":0,"gold_gain":0,"player_choice":"Ignored","damage_taken":0,"max_hp_gain":0,"max_hp_loss":0,"event_name":"Mysterious Sphere","floor":41,"gold_loss":0},{"damage_healed":0,"gold_gain":0,"player_choice":"Trade","damage_taken":0,"relics_obtained":["SsserpentHead"],"max_hp_gain":0,"max_hp_loss":0,"event_name":"FaceTrader","floor":45,"gold_loss":0}],"is_beta":false,"boss_relics":[{"not_picked":["Ectoplasm","Snecko Eye"],"picked":"Busted Crown"},{"not_picked":["Philosopher\u0027s Stone","FrozenCore"],"picked":"Empty Cage"}],"items_purged_floors":[29,38],"is_endless":false,"potions_floor_spawned":[1,5,7,13,31,33,36,42],"ascension_level":7}