{"gold_per_floor":[112,112,112,37,52,52,52,52,52,52,71,71,71,83,83,187,187,203,215,314,314,314,346,346,357,383,383,383,97,110,122,122,221,221,237,40,40,3,23,23,48,64,90,90,107,107,0,17,17,17],"floor_reached":51,"playtime":3945,"items_purged":["Strike_G","Decay"],"score":823,"play_id":"936cdbc5-3a18-4aef-97ea-2f6cc09847ef","local_time":"20180825202608","is_ascension_mode":true,"campfire_choices":[{"data":"Bouncing Flask","floor":7,"key":"SMITH"},{"floor":12,"key":"REST"},{"floor":15,"key":"REST"},{"floor":24,"key":"REST"},{"floor":28,"key":"REST"},{"floor":32,"key":"REST"},{"floor":40,"key":"REST"},{"data":"Apotheosis","floor":46,"key":"SMITH"},{"floor":49,"key":"REST"}],"neow_cost":"NONE","seed_source_timestamp":831923789990799,"circlet_count":0,"master_deck":["Defend_G","Defend_G","Defend_G","Defend_G","Survivor","Neutralize","Bouncing Flask+1","Footwork","Masterful Stab+1","Bullet Time","Noxious Fumes+1","Well Laid Plans+1","Crippling Poison+1","A Thousand Cuts+1","Sadistic Nature+1","Escape Plan","Apotheosis+1","Noxious Fumes+1","Prepared+1","Well Laid Plans+1"],"relics":["Ring of the Snake","Juzu Bracelet","Frozen Egg 2","Molten Egg 2","Empty Cage","Ancient Tea Set","Bronze Scales","Black Star","Bird Faced Urn","Boot","Oddly Smooth Stone","Strawberry","Red Mask"],"potions_floor_usage":[16,19,23,31,33,41,42,42,42,50,50,50],"damage_taken":[{"damage":1,"enemies":"Cultist","floor":1,"turns":5},{"damage":9,"enemies":"Jaw Worm","floor":5,"turns":4},{"damage":0,"enemies":"2 Louse","floor":11,"turns":3},{"damage":3,"enemies":"Exordium Thugs","floor":14,"turns":3},{"damage":22,"enemies":"Hexaghost","floor":16,"turns":7},{"damage":0,"enemies":"Spheric Guardian","floor":18,"turns":3},{"damage":0,"enemies":"3 Byrds","floor":19,"turns":3},{"damage":46,"enemies":"Gremlin Leader","floor":23,"turns":8},{"damage":0,"enemies":"Snecko","floor":25,"turns":4},{"damage":0,"enemies":"Centurion and Healer","floor":30,"turns":5},{"damage":16,"enemies":"Shelled Parasite and Fungi","floor":31,"turns":4},{"damage":22,"enemies":"Champ","floor":33,"turns":8},{"damage":26,"enemies":"3 Darklings","floor":35,"turns":4},{"damage":18,"enemies":"Mind Bloom Boss Battle","floor":37,"turns":6},{"damage":14,"enemies":"Orb Walker","floor":39,"turns":5},{"damage":15,"enemies":"Nemesis","floor":41,"turns":7},{"damage":23,"enemies":"Transient","floor":42,"turns":5},{"damage":3,"enemies":"Maw","floor":45,"turns":6},{"damage":27,"enemies":"Spire Growth","floor":48,"turns":6},{"damage":33,"enemies":"Donu and Deca","floor":50,"turns":7}],"seed_played":"7139467548779570192","potions_obtained":[{"floor":11,"key":"Poison Potion"},{"floor":14,"key":"Fire Potion"},{"floor":16,"key":"LiquidBronze"},{"floor":23,"key":"SkillPotion"},{"floor":31,"key":"Regen Potion"},{"floor":33,"key":"Ancient Potion"},{"floor":39,"key":"Block Potion"},{"floor":41,"key":"EntropicBrew"},{"floor":45,"key":"GhostInAJar"}],"is_trial":false,"path_per_floor":["M","?","?","$","M","?","R","?","T","$","M","R","?","M","R","B",null,"M","M","?","?","?","E","R","M","T","?","R","$","M","M","R","B",null,"M","$","?","$","M","R","E","M","T","?","M","R","?","M","R","B"],"character_chosen":"THE_SILENT","items_purchased":["Sadistic Nature+1","Apotheosis","Noxious Fumes+1"],"campfire_rested":7,"item_purchase_floors":[29,36,38],"current_hp_per_floor":[62,62,55,55,46,46,46,28,28,28,28,49,49,46,67,45,64,64,64,64,48,48,2,23,23,23,23,44,44,44,28,49,42,63,37,37,19,19,17,38,35,22,29,67,67,67,67,42,62,36],"gold":17,"neow_bonus":"RANDOM_COMMON_RELIC","is_prod":false,"is_daily":false,"chose_seed":false,"campfire_upgraded":2,"win_rate":0,"timestamp":1535246768,"path_taken":["M","?","?","$","M","?","R","?","T","?","M","R","?","M","R","BOSS","M","M","?","?","?","E","R","M","T","?","R","$","M","M","R","BOSS","M","?","?","$","M","R","E","M","T","?","M","R","?","M","R","BOSS"],"build_version":"2018-08-23v2","purchased_purges":2,"victory":true,"max_hp_per_floor":[70,70,70,70,70,70,70,70,70,70,70,70,70,70,70,70,70,70,70,70,70,70,70,70,70,70,70,70,70,70,70,70,70,70,70,70,70,70,70,70,70,70,77,67,67,67,67,67,67,67],"card_choices":[{"not_picked":["Deflect","Outmaneuver"],"picked":"Bouncing Flask","floor":1},{"not_picked":["Blur","Riddle With Holes"],"picked":"Footwork","floor":5},{"not_picked":["Backflip","Prepared"],"picked":"Masterful Stab+1","floor":11},{"not_picked":["Poisoned Stab+1","Sucker Punch+1","Outmaneuver"],"picked":"SKIP","floor":14},{"not_picked":["Tools of the Trade+1","Envenom+1"],"picked":"Bullet Time","floor":16},{"not_picked":["Masterful Stab+1","Outmaneuver+1"],"picked":"Noxious Fumes+1","floor":18},{"not_picked":["Sucker Punch+1","Prepared"],"picked":"Well Laid Plans+1","floor":19},{"not_picked":["All Out Attack+1","Bane+1"],"picked":"Crippling Poison+1","floor":23},{"not_picked":["Masterful Stab+1","Riddle With Holes+1"],"picked":"A Thousand Cuts+1","floor":25},{"not_picked":["Outmaneuver+1","Masterful Stab+1","Dodge and Roll"],"picked":"SKIP","floor":30},{"not_picked":["Predator+1","PiercingWail"],"picked":"Escape Plan","floor":31},{"not_picked":["Acrobatics","Finisher+1","Dagger Throw+1"],"picked":"SKIP","floor":35},{"not_picked":["Deadly Poison","Masterful Stab+1","PiercingWail+1"],"picked":"SKIP","floor":39},{"not_picked":["Underhanded Strike+1","Unload+1","Crippling Poison"],"picked":"SKIP","floor":41},{"not_picked":["Cloak And Dagger+1","Blur","Acrobatics"],"picked":"SKIP","floor":42},{"not_picked":["Dagger Throw+1","Backflip"],"picked":"Prepared+1","floor":45},{"not_picked":["Poisoned Stab+1","Bouncing Flask+1"],"picked":"Well Laid Plans+1","floor":48}],"player_experience":344768,"relics_obtained":[{"floor":9,"key":"Molten Egg 2"},{"floor":23,"key":"Ancient Tea Set"},{"floor":26,"key":"Bronze Scales"},{"floor":37,"key":"Bird Faced Urn"},{"floor":41,"key":"Boot"},{"floor":41,"key":"Oddly Smooth Stone"},{"floor":43,"key":"Strawberry"}],"event_choices":[{"event_name":"Purifier","player_choice":"One Purge","floor":2,"damage_taken":0},{"event_name":"Golden Wing","player_choice":"Card Removal","floor":3,"damage_taken":0},{"event_name":"Living Wall","player_choice":"Forget","floor":6,"damage_taken":0},{"event_name":"Scrap Ooze","player_choice":"success","floor":8,"damage_taken":18},{"event_name":"The Woman in Blue","player_choice":"Bought 0 Potions","floor":13,"damage_taken":0},{"event_name":"Nest","player_choice":"Stole From Cult","floor":20,"damage_taken":0},{"event_name":"Cursed Tome","player_choice":"Obtained Book","floor":21,"damage_taken":0},{"event_name":"Accursed Blacksmith","player_choice":"Ignore","floor":22,"damage_taken":0},{"event_name":"Forgotten Altar","player_choice":"Smashed Altar","floor":27,"damage_taken":0},{"event_name":"MindBloom","player_choice":"Fight","floor":37,"damage_taken":0},{"event_name":"The Moai Head","player_choice":"Heal","floor":44,"damage_taken":0},{"event_name":"Tomb of Lord Red Mask","player_choice":"Paid","floor":47,"damage_taken":0}],"is_beta":false,"boss_relics":[{"not_picked":["Eternal Feather","Orrery"],"picked":"Empty Cage"},{"not_picked":["Calling Bell","Cursed Key"],"picked":"Black Star"}],"items_purged_floors":[4,29],"is_endless":false,"potions_floor_spawned":[11,14,16,23,31,33,39,41,45],"ascension_level":6}