{"path_per_floor":["M","M","?","?","M","M","E","$","T","M","R","$","R","E","R","B",null,"M","T","M","?","M","E","R","M","T","M","M","?","M","$","R","B",null,"M","?","?","M","T","R","E","R","T","?","?","$","M","M","R","B"],"character_chosen":"IRONCLAD","items_purchased":["Bludgeon","Gremlin Horn","Happy Flower","Impervious+1","Swift Potion","Swift Potion"],"gold_per_floor":[115,129,129,129,148,163,194,48,48,61,61,61,61,94,94,189,189,208,235,255,255,272,303,303,317,317,331,351,351,369,30,30,132,132,142,142,192,207,207,207,236,236,236,236,486,34,51,68,68,68],"floor_reached":51,"campfire_rested":4,"playtime":6293,"item_purchase_floors":[],"current_hp_per_floor":[80,80,80,73,70,51,7,7,7,13,37,37,61,59,59,42,80,80,80,70,54,36,21,60,34,34,36,32,32,34,34,73,54,80,80,80,80,80,80,80,77,77,77,77,77,77,68,70,70,67],"items_purged":["Strike_R","Strike_R","Regret"],"gold":68,"score":707,"play_id":"f23395a5-6a3d-45d8-92bd-81871bd8b221","local_time":"20180531225712","is_prod":false,"is_daily":false,"chose_seed":false,"is_ascension_mode":false,"campfire_upgraded":3,"win_rate":0,"timestamp":1527825432,"campfire_choices":[{"floor":11.0,"key":"REST"},{"floor":13.0,"key":"REST"},{"data":"Armaments","floor":15.0,"key":"SMITH"},{"floor":24.0,"key":"REST"},{"floor":32.0,"key":"REST"},{"data":"Body Slam","floor":40,"key":"SMITH"},{"data":"Dual Wield","floor":42,"key":"SMITH"},{"floor":49,"key":"DIG"}],"path_taken":["M","M","?","?","M","M","E","$","T","?","R","?","R","E","R","BOSS","M","?","M","?","?","E","R","M","T","M","M","?","M","$","R","BOSS","M","?","?","?","?","R","E","R","T","?","?","$","M","?","R","BOSS"],"build_version":"2018-05-31","seed_source_timestamp":0,"purchased_purges":3,"victory":true,"master_deck":["Strike_R","Strike_R","Defend_R","Defend_R","Defend_R","Bash","Dual Wield+1","Armaments+1","Finesse","Metallicize","Seeing Red","Ghostly Armor","Bludgeon","Havoc+1","Offering+1","Barricade+1","Body Slam+1","Flame Barrier+1","Infernal Blade+1","Impervious+1","Impervious+1","Impervious+1"],"max_hp_per_floor":[80,80,80,80,80,80,80,80,80,80,80,80,80,80,80,80,80,80,80,80,80,80,80,80,80,80,80,80,80,80,80,80,80,80,80,80,80,80,80,80,80,80,80,80,80,80,80,80,80,80],"relics":["Burning Blood","Dodecahedron","Toxic Egg 2","Bottled Lightning","Runic Pyramid","Regal Pillow","Nilry\u0027s Codex","Matryoshka","Bag of Marbles","Shovel","Gremlin Horn","White Beast Statue","Champion Belt","Lantern","Kunai","Ancient Tea Set","Question Card","Happy Flower","Blood Vial"],"card_choices":[{"not_picked":["Reckless Charge","Bloodletting"],"picked":"Dual Wield","floor":1.0},{"not_picked":["Headbutt","Pommel Strike"],"picked":"Armaments","floor":2.0},{"not_picked":["Blood for Blood","Heavy Blade"],"picked":"Metallicize","floor":5.0},{"not_picked":["Power Through","Twin Strike"],"picked":"Seeing Red","floor":6.0},{"not_picked":["Shrug It Off","Havoc"],"picked":"Ghostly Armor","floor":7.0},{"not_picked":["Twin Strike","Wild Strike"],"picked":"Havoc+1","floor":10.0},{"not_picked":["Dark Embrace","Battle Trance+1"],"picked":"Offering+1","floor":14.0},{"not_picked":["Juggernaut","Bludgeon"],"picked":"Barricade","floor":16.0},{"not_picked":["Pommel Strike","Headbutt"],"picked":"Body Slam","floor":18.0},{"not_picked":["Anger","Shrug It Off+1","Battle Trance+1"],"picked":"SKIP","floor":20.0},{"not_picked":["True Grit+1","Dropkick","Sentinel+1"],"picked":"SKIP","floor":22.0},{"not_picked":["Reaper","Clash","Evolve"],"picked":"SKIP","floor":23.0},{"not_picked":["Heavy Blade","Dual Wield+1","Pommel Strike+1"],"picked":"SKIP","floor":25.0},{"not_picked":["Bloodletting+1","Wild Strike"],"picked":"Flame Barrier+1","floor":27.0},{"not_picked":["Disarm+1","Flex+1","Clothesline"],"picked":"SKIP","floor":28.0},{"not_picked":["Rupture","Second Wind+1"],"picked":"Infernal Blade+1","floor":30.0},{"not_picked":["Feed","Dark Embrace"],"picked":"Impervious+1","floor":33.0},{"not_picked":["True Grit+1","Perfected Strike+1","Heavy Blade"],"picked":"SKIP","floor":35},{"not_picked":["Clash+1","Rampage","Anger+1"],"picked":"SKIP","floor":38},{"not_picked":["Feel No Pain+1","Shockwave+1"],"picked":"Impervious+1","floor":41},{"not_picked":["Infernal Blade+1","Pummel","True Grit+1","Twin Strike"],"picked":"SKIP","floor":47},{"not_picked":["Iron Wave","Second Wind+1","Flex+1","Feel No Pain"],"picked":"SKIP","floor":48}],"player_experience":64341,"potions_floor_usage":[41,48,50,50],"damage_taken":[{"damage":6.0,"enemies":"Jaw Worm","floor":1.0,"turns":3.0},{"damage":6.0,"enemies":"Cultist","floor":2.0,"turns":3.0},{"damage":9.0,"enemies":"2 Louse","floor":5.0,"turns":2.0},{"damage":25.0,"enemies":"Large Slime","floor":6.0,"turns":8.0},{"damage":50.0,"enemies":"Gremlin Nob","floor":7.0,"turns":6.0},{"damage":0.0,"enemies":"Looter","floor":10.0,"turns":1.0},{"damage":8.0,"enemies":"Lagavulin","floor":14.0,"turns":7.0},{"damage":23.0,"enemies":"Slime Boss","floor":16.0,"turns":14.0},{"damage":4.0,"enemies":"3 Byrds","floor":18.0,"turns":7.0},{"damage":16.0,"enemies":"Spheric Guardian","floor":20.0,"turns":6.0},{"damage":24.0,"enemies":"Centurion and Healer","floor":22.0,"turns":6.0},{"damage":21.0,"enemies":"Slavers","floor":23.0,"turns":5.0},{"damage":32.0,"enemies":"Snake Plant","floor":25.0,"turns":5.0},{"damage":4.0,"enemies":"3 Cultists","floor":27.0,"turns":4.0},{"damage":10.0,"enemies":"Snecko","floor":28.0,"turns":7.0},{"damage":4.0,"enemies":"Snake Plant","floor":30.0,"turns":4.0},{"damage":25.0,"enemies":"Collector","floor":33.0,"turns":9.0},{"damage":4,"enemies":"3 Shapes","floor":35,"turns":4},{"damage":4,"enemies":"Mysterious Sphere","floor":37,"turns":6},{"damage":4,"enemies":"3 Darklings","floor":38,"turns":4},{"damage":9,"enemies":"2 Orb Walkers","floor":41,"turns":3},{"damage":15,"enemies":"4 Shapes","floor":47,"turns":6},{"damage":4,"enemies":"Sphere and 2 Shapes","floor":48,"turns":4},{"damage":11,"enemies":"Time Eater","floor":50,"turns":6}],"relics_obtained":[{"floor":7.0,"key":"Dodecahedron"},{"floor":9.0,"key":"Toxic Egg 2"},{"floor":14.0,"key":"Bottled Lightning"},{"floor":19.0,"key":"Regal Pillow"},{"floor":21.0,"key":"Nilry\u0027s Codex"},{"floor":23.0,"key":"Matryoshka"},{"floor":26.0,"key":"Bag of Marbles"},{"floor":26.0,"key":"Shovel"},{"floor":37,"key":"Champion Belt"},{"floor":39,"key":"Lantern"},{"floor":39,"key":"Kunai"},{"floor":41,"key":"Ancient Tea Set"},{"floor":43,"key":"Question Card"},{"floor":49,"key":"Blood Vial"}],"event_choices":[{"event_name":"Match and Keep!","player_choice":"1 cards matched","floor":3.0,"damage_taken":0.0},{"event_name":"Golden Wing","player_choice":"Card Removal","floor":4.0,"damage_taken":0.0},{"event_name":"Cursed Tome","player_choice":"Obtained Book","floor":21.0,"damage_taken":0.0},{"event_name":"Back to Basics","player_choice":"Elegance","floor":29.0,"damage_taken":0.0},{"event_name":"Upgrade Shrine","player_choice":"Upgraded","floor":36,"damage_taken":0},{"event_name":"Mysterious Sphere","player_choice":"Fight","floor":37,"damage_taken":0},{"event_name":"Tomb of Lord Red Mask","player_choice":"Ignored","floor":44,"damage_taken":0},{"event_name":"Golden Shrine","player_choice":"Desecrate","floor":45,"damage_taken":0}],"boss_relics":[{"not_picked":["Eternal Feather","Philosopher\u0027s Stone"],"picked":"White Beast Statue"}],"items_purged_floors":[],"potions_floor_spawned":[1,5,7,23,25,27,28,35,37,38,41,47,48],"seed_played":"1645493713911395347","ascension_level":0,"potions_obtained":[{"floor":1.0,"key":"Dexterity Potion"},{"floor":5.0,"key":"AttackPotion"},{"floor":7.0,"key":"Fire Potion"},{"floor":23.0,"key":"PowerPotion"},{"floor":25.0,"key":"BloodPotion"},{"floor":27.0,"key":"Fire Potion"},{"floor":35,"key":"BloodPotion"},{"floor":41,"key":"SkillPotion"},{"floor":48,"key":"Ancient Potion"}],"is_trial":false}