{"gold_per_floor":[109,128,188,40,56,56,89,89,143,157,157,107,126,126,126,224,224,243,243,258,258,277,277,289,315,338,348,348,348,377,393,393,393],"floor_reached":33,"playtime":1036,"items_purged":[],"score":287,"play_id":"60c4977f-b541-4b8c-9424-76b34629c748","local_time":"20190212121448","is_ascension_mode":false,"campfire_choices":[{"data":"Perfected Strike","floor":6.0,"key":"SMITH"},{"floor":8.0,"key":"REST"},{"floor":15.0,"key":"REST"},{"data":"Pommel Strike","floor":23.0,"key":"SMITH"},{"floor":29.0,"key":"REST"},{"floor":32.0,"key":"REST"}],"neow_cost":"NONE","seed_source_timestamp":53435267442210,"circlet_count":0,"master_deck":["Strike_R","Strike_R","Strike_R","Strike_R","Strike_R","Defend_R","Defend_R","Defend_R","Bash+1","Wild Strike","Twin Strike","Perfected Strike+1","Wild Strike","Pommel Strike+1","Twin Strike","Flex+1","Twin Strike","Perfected Strike+1","Pommel Strike","Wild Strike","Shrug It Off"],"special_seed":0,"relics":["Burning Blood","Bronze Scales","Orichalcum","Centennial Puzzle","Eternal Feather","Mango","Omamori","Charon\u0027s Ashes","Bag of Preparation"],"potions_floor_usage":[33,33,33],"damage_taken":[{"damage":1.0,"enemies":"Jaw Worm","floor":1.0,"turns":4.0},{"damage":2.0,"enemies":"Small Slimes","floor":2.0,"turns":3.0},{"damage":0.0,"enemies":"2 Louse","floor":5.0,"turns":1.0},{"damage":45.0,"enemies":"Lagavulin","floor":7.0,"turns":7.0},{"damage":8.0,"enemies":"Red Slaver","floor":10.0,"turns":2.0},{"damage":1.0,"enemies":"Blue Slaver","floor":13.0,"turns":2.0},{"damage":42.0,"enemies":"Hexaghost","floor":16.0,"turns":6.0},{"damage":5.0,"enemies":"3 Byrds","floor":18.0,"turns":3.0},{"damage":9.0,"enemies":"2 Thieves","floor":20.0,"turns":3.0},{"damage":32.0,"enemies":"Centurion and Healer","floor":22.0,"turns":4.0},{"damage":9.0,"enemies":"3 Cultists","floor":24.0,"turns":4.0},{"damage":34.0,"enemies":"Book of Stabbing","floor":25.0,"turns":4.0},{"damage":30.0,"enemies":"Shelled Parasite and Fungi","floor":27.0,"turns":3.0},{"damage":38.0,"enemies":"Slavers","floor":30.0,"turns":4.0},{"damage":6.0,"enemies":"Centurion and Healer","floor":31.0,"turns":3.0},{"damage":77,"enemies":"Champ","floor":33,"turns":6}],"seed_played":"5575913225484014591","potions_obtained":[{"floor":2.0,"key":"Poison Potion"},{"floor":5.0,"key":"Dexterity Potion"},{"floor":13.0,"key":"SkillPotion"},{"floor":31.0,"key":"Ancient Potion"}],"is_trial":false,"path_per_floor":["M","M","?","$","M","R","E","R","T","M","?","$","M","?","R","B",null,"M","?","M","?","M","R","M","E","T","M","?","R","E","M","R","B"],"character_chosen":"IRONCLAD","items_purchased":["Bronze Scales","Twin Strike"],"campfire_rested":4,"item_purchase_floors":[4,12],"current_hp_per_floor":[80,80,80,80,80,80,41,65,65,63,63,63,68,68,80,44,80,80,80,77,77,51,60,57,43,43,19,19,56,24,24,64,0],"gold":393,"neow_bonus":"UPGRADE_CARD","is_prod":false,"is_daily":false,"chose_seed":false,"campfire_upgraded":2,"win_rate":0,"timestamp":1549962888,"path_taken":["M","M","?","$","M","R","E","R","T","M","?","$","M","?","R","BOSS","M","?","?","?","M","R","M","E","T","M","?","R","E","M","R","BOSS"],"build_version":"2019-01-23","purchased_purges":0,"victory":false,"max_hp_per_floor":[80,80,80,80,80,80,80,80,80,80,80,80,80,80,80,80,80,80,80,80,80,80,80,80,94,94,94,94,94,94,94,94,94],"card_choices":[{"not_picked":["Clash","Anger"],"picked":"Wild Strike","floor":1.0},{"not_picked":["Battle Trance","True Grit"],"picked":"Twin Strike","floor":2.0},{"not_picked":["True Grit","Shrug It Off"],"picked":"Perfected Strike","floor":5.0},{"not_picked":["Inflame","Flex"],"picked":"Wild Strike","floor":7.0},{"not_picked":["Sever Soul","Double Tap"],"picked":"Pommel Strike","floor":10.0},{"not_picked":["Corruption","Hemokinesis","Heavy Blade"],"picked":"SKIP","floor":13.0},{"not_picked":["Armaments","Havoc+1"],"picked":"Flex+1","floor":18.0},{"not_picked":["Rampage","Body Slam","Burning Pact+1"],"picked":"SKIP","floor":20.0},{"not_picked":["Rupture","Warcry+1","Spot Weakness"],"picked":"SKIP","floor":22.0},{"not_picked":["Pommel Strike","Infernal Blade"],"picked":"Perfected Strike+1","floor":24.0},{"not_picked":["Clothesline+1","Blood for Blood","Demon Form"],"picked":"SKIP","floor":25.0},{"not_picked":["Combust","Hemokinesis"],"picked":"Pommel Strike","floor":27.0},{"not_picked":["Clash+1","Pummel"],"picked":"Wild Strike","floor":30.0},{"not_picked":["Headbutt+1","Clothesline+1"],"picked":"Shrug It Off","floor":31.0}],"player_experience":342321,"relics_obtained":[{"floor":7.0,"key":"Orichalcum"},{"floor":9.0,"key":"Centennial Puzzle"},{"floor":25.0,"key":"Mango"},{"floor":26.0,"key":"Omamori"},{"floor":30.0,"key":"Bag of Preparation"}],"event_choices":[{"damage_healed":0.0,"max_hp_gain":0.0,"max_hp_loss":0.0,"gold_gain":60.0,"event_name":"Golden Wing","player_choice":"Gained Gold","floor":3.0,"gold_loss":0.0,"damage_taken":0.0},{"cards_removed":["Defend_R"],"damage_healed":0.0,"max_hp_gain":0.0,"max_hp_loss":0.0,"gold_gain":0.0,"event_name":"Living Wall","player_choice":"Forget","floor":11.0,"gold_loss":0.0,"damage_taken":0.0},{"damage_healed":0.0,"max_hp_gain":0.0,"max_hp_loss":0.0,"gold_gain":0.0,"event_name":"Liars Game","player_choice":"Ignored","floor":14.0,"gold_loss":0.0,"damage_taken":0.0},{"damage_healed":0.0,"max_hp_gain":0.0,"max_hp_loss":0.0,"gold_gain":0.0,"event_name":"NoteForYourself","player_choice":"Ignored","floor":19.0,"gold_loss":0.0,"damage_taken":0.0},{"damage_healed":0.0,"max_hp_gain":0.0,"max_hp_loss":0.0,"gold_gain":0.0,"event_name":"The Library","player_choice":"Read","floor":21.0,"gold_loss":0.0,"damage_taken":0.0,"cards_obtained":["Twin Strike"]},{"damage_healed":0.0,"max_hp_gain":0.0,"max_hp_loss":0.0,"gold_gain":0.0,"event_name":"Addict","player_choice":"Stole Relic","floor":28.0,"gold_loss":0.0,"damage_taken":0.0,"relics_obtained":["Charon\u0027s Ashes"],"cards_obtained":["Shame"]}],"is_beta":false,"boss_relics":[{"not_picked":["Tiny House","Empty Cage"],"picked":"Eternal Feather"}],"items_purged_floors":[],"is_endless":false,"potions_floor_spawned":[2,5,13,20,22,31],"killed_by":"Champ","ascension_level":0}