{"gold_per_floor":[114,39,64,64,79,109,185,235,235,235,250,265,280,295,295,395,395,410,410,10,10,10,10,10,10,10,40,40,40,70,70,70,170,170,185,11,26,26,0,0],"floor_reached":40,"playtime":2186,"items_purged":["Night Terror","Regret"],"score":573,"play_id":"1bd16d40-d051-431e-90e0-a1569a8339bb","local_time":"20180729055318","daily_mods":["Specialized","Cursed Run","Binary"],"is_ascension_mode":false,"campfire_choices":[{"floor":10,"key":"REST"},{"floor":15,"key":"REST"},{"floor":23,"key":"DIG"},{"floor":25,"key":"DIG"},{"floor":30,"key":"DIG"},{"floor":32,"key":"REST"}],"neow_cost":"","seed_source_timestamp":0,"circlet_count":0,"master_deck":["Defend_G","Defend_G","Defend_G","Defend_G","Defend_G","Strike_G","Strike_G","Strike_G","Strike_G","Strike_G","Survivor","Neutralize","Night Terror","Night Terror","Night Terror","Night Terror","Concentrate","Writhe","Cloak And Dagger","Predator","Injury","Outmaneuver","Backflip","Injury","A Thousand Cuts","Expertise+1","Crippling Poison","Corpse Explosion","Writhe","Pain","Injury","Bane+1","Noxious Fumes","Blur+1"],"special_seed":17741,"relics":["Cursed Key","Darkstone Periapt","Du-Vu Doll","Ancient Tea Set","Bag of Marbles","Juzu Bracelet","Letter Opener","Eternal Feather","Shovel","Omamori","Mango","The Courier","Bottled Lightning","Tiny Chest","Calling Bell","Art of War","Ornamental Fan","Dead Branch","Orichalcum","Red Mask"],"potions_floor_usage":[14,16,16,33],"damage_taken":[{"damage":1,"enemies":"Cultist","floor":1,"turns":5},{"damage":2,"enemies":"Jaw Worm","floor":5,"turns":5},{"damage":68,"enemies":"Gremlin Nob","floor":6,"turns":8},{"damage":3,"enemies":"Small Slimes","floor":11,"turns":3},{"damage":16,"enemies":"3 Louse","floor":12,"turns":2},{"damage":8,"enemies":"Blue Slaver","floor":13,"turns":4},{"damage":4,"enemies":"Red Slaver","floor":14,"turns":3},{"damage":14,"enemies":"Slime Boss","floor":16,"turns":10},{"damage":48,"enemies":"Chosen","floor":18,"turns":7},{"damage":87,"enemies":"Slavers","floor":27,"turns":6},{"damage":137,"enemies":"Automaton","floor":33,"turns":13},{"damage":4,"enemies":"3 Shapes","floor":35,"turns":7},{"damage":16,"enemies":"Orb Walker","floor":37,"turns":4},{"damage":147,"enemies":"Giant Head","floor":40,"turns":9}],"seed_played":"3633398992768724987","potions_obtained":[{"floor":1,"key":"Strength Potion"},{"floor":12,"key":"Fire Potion"},{"floor":13,"key":"EssenceOfSteel"},{"floor":16,"key":"Dexterity Potion"},{"floor":27,"key":"Regen Potion"},{"floor":28,"key":"SteroidPotion"},{"floor":28,"key":"FairyPotion"}],"is_trial":false,"path_per_floor":["M","$","T","$","M","E","?","T","T","R","M","M","M","M","R","B",null,"M","?","$","?","$","R","$","R","T","E","?","?","R","$","R","B",null,"M","$","M","?","?"],"character_chosen":"THE_SILENT","items_purchased":["Shovel","Orichalcum","Noxious Fumes"],"campfire_rested":3,"item_purchase_floors":[20,36,36],"current_hp_per_floor":[69,69,75,75,73,5,5,11,17,43,40,24,16,12,38,30,94,46,77,77,68,68,83,83,108,108,21,21,21,36,36,83,10,126,122,122,106,106,106,0],"gold":0,"neow_bonus":"","is_prod":false,"is_daily":true,"chose_seed":false,"campfire_upgraded":0,"win_rate":0,"timestamp":1532832798,"path_taken":["M","$","?","$","?","E","?","?","T","R","M","M","M","M","R","BOSS","M","?","$","?","?","R","$","R","T","E","?","?","R","?","R","BOSS","M","$","M","?","?","E"],"build_version":"2018-07-26","purchased_purges":2,"victory":false,"max_hp_per_floor":[70,70,76,76,76,76,76,82,88,88,88,88,88,88,88,94,94,94,94,94,94,94,94,94,108,108,108,108,108,108,108,108,108,126,126,126,126,126,126,126],"card_choices":[{"not_picked":["Well Laid Plans"],"picked":"Concentrate","floor":1},{"not_picked":["Flying Knee"],"picked":"Cloak And Dagger","floor":5},{"not_picked":["Well Laid Plans"],"picked":"Predator","floor":6},{"not_picked":["Backflip","Concentrate"],"picked":"SKIP","floor":11},{"not_picked":["Eviscerate"],"picked":"Heel Hook","floor":12},{"not_picked":["Deflect"],"picked":"Outmaneuver","floor":13},{"not_picked":["Poisoned Stab"],"picked":"Backflip","floor":14},{"not_picked":["Venomology"],"picked":"A Thousand Cuts","floor":16},{"not_picked":["PiercingWail"],"picked":"Expertise+1","floor":18},{"not_picked":["Outmaneuver"],"picked":"Crippling Poison","floor":27},{"not_picked":["Malaise"],"picked":"Corpse Explosion","floor":33},{"not_picked":["Dagger Throw"],"picked":"Bane+1","floor":35},{"not_picked":["Cloak And Dagger"],"picked":"Blur+1","floor":37}],"player_experience":148602,"relics_obtained":[{"floor":3,"key":"Ancient Tea Set"},{"floor":6,"key":"Bag of Marbles"},{"floor":8,"key":"Juzu Bracelet"},{"floor":9,"key":"Letter Opener"},{"floor":23,"key":"Omamori"},{"floor":25,"key":"Mango"},{"floor":26,"key":"The Courier"},{"floor":27,"key":"Bottled Lightning"},{"floor":30,"key":"Tiny Chest"},{"floor":34,"key":"Art of War"},{"floor":34,"key":"Ornamental Fan"},{"floor":34,"key":"Dead Branch"}],"event_choices":[{"event_name":"Golden Wing","player_choice":"Gained Gold","floor":7,"damage_taken":0},{"event_name":"The Library","player_choice":"Heal","floor":19,"damage_taken":0},{"event_name":"Knowing Skull","player_choice":"","floor":21,"damage_taken":0},{"event_name":"The Lab","player_choice":"Got Potions","floor":28,"damage_taken":0},{"event_name":"Drug Dealer","player_choice":"Ignored","floor":29,"damage_taken":0},{"event_name":"Falling","player_choice":"Removed Attack","floor":38,"damage_taken":0},{"event_name":"Tomb of Lord Red Mask","player_choice":"Paid","floor":39,"damage_taken":0}],"is_beta":false,"boss_relics":[{"not_picked":["Lizard Tail","Astrolabe"],"picked":"Eternal Feather"},{"not_picked":["Philosopher\u0027s Stone","HoveringKite"],"picked":"Calling Bell"}],"items_purged_floors":[2,20],"is_endless":false,"potions_floor_spawned":[1,12,13,16,27],"killed_by":"Giant Head","ascension_level":0}