{"gold_per_floor":[115,172,18,31,42,42,42,77,77,92,92,92,107,131,131,259,259,275,288,387,401,426,426,440,440,440,463,463,67,67,102,102,231,231,254,272,272,7,7,7,7],"floor_reached":41,"playtime":1957,"items_purged":["Normality"],"score":463,"play_id":"b49b8942-875b-4d75-98ad-701abe2fdaa2","local_time":"20190216124145","is_ascension_mode":false,"campfire_choices":[{"data":"Static Discharge","floor":7,"key":"SMITH"},{"floor":12,"key":"REST"},{"floor":15,"key":"REST"},{"floor":23,"key":"REST"},{"floor":28,"key":"REST"},{"data":"Machine Learning","floor":30,"key":"SMITH"},{"data":"Reinforced Body","floor":32,"key":"SMITH"},{"data":"Writhe","floor":40,"key":"PURGE"}],"neow_cost":"NONE","seed_source_timestamp":3570761372302,"circlet_count":0,"master_deck":["Strike_B","Strike_B","Defend_B","Defend_B","Defend_B","Defend_B","Zap+1","Dualcast","Capacitor","Static Discharge+1","Beam Cell","Echo Form","Lockon","Conserve Battery","Barrage","Machine Learning+1","Ball Lightning","Hologram+1","Steam","Electrodynamics","Doubt","Meteor Strike","Sunder+1","Ball Lightning","Reinforced Body+1","Amplify","Injury","Parasite","Capacitor+1","Redo+1"],"relics":["Cracked Core","Tiny Chest","Strawberry","Ornamental Fan","Gremlin Horn","Golden Idol","Nuclear Battery","Bottled Tornado","Lee\u0027s Waffle","Bag of Preparation","Darkstone Periapt","Calling Bell","Juzu Bracelet","Molten Egg 2","Peace Pipe","Runic Capacitor"],"potions_floor_usage":[8,16,31,33,35],"damage_taken":[{"damage":1,"enemies":"Cultist","floor":1,"turns":3},{"damage":5,"enemies":"Small Slimes","floor":4,"turns":3},{"damage":6,"enemies":"Jaw Worm","floor":5,"turns":4},{"damage":30,"enemies":"3 Sentries","floor":8,"turns":6},{"damage":14,"enemies":"Blue Slaver","floor":10,"turns":4},{"damage":6,"enemies":"Large Slime","floor":13,"turns":3},{"damage":2,"enemies":"2 Fungi Beasts","floor":14,"turns":3},{"damage":42,"enemies":"Hexaghost","floor":16,"turns":7},{"damage":8,"enemies":"3 Byrds","floor":18,"turns":4},{"damage":3,"enemies":"Spheric Guardian","floor":19,"turns":3},{"damage":15,"enemies":"Chosen and Byrds","floor":21,"turns":2},{"damage":30,"enemies":"Snake Plant","floor":22,"turns":3},{"damage":19,"enemies":"Cultist and Chosen","floor":24,"turns":4},{"damage":18,"enemies":"3 Cultists","floor":27,"turns":4},{"damage":17,"enemies":"Book of Stabbing","floor":31,"turns":4},{"damage":37,"enemies":"Automaton","floor":33,"turns":10},{"damage":5,"enemies":"3 Darklings","floor":35,"turns":3},{"damage":13,"enemies":"Orb Walker","floor":36,"turns":4},{"damage":117,"enemies":"Giant Head","floor":41,"turns":8}],"seed_played":"1838241296203049076","potions_obtained":[{"floor":1,"key":"SteroidPotion"},{"floor":4,"key":"Explosive Potion"},{"floor":14,"key":"Swift Potion"},{"floor":18,"key":"Poison Potion"},{"floor":27,"key":"Energy Potion"},{"floor":31,"key":"EssenceOfSteel"},{"floor":33,"key":"GamblersBrew"}],"is_trial":false,"path_per_floor":["M","T","$","M","M","?","R","E","T","M","?","R","M","M","R","B",null,"M","M","?","M","M","R","M","?","T","M","R","$","R","E","R","B",null,"M","M","?","$","?","R","E"],"character_chosen":"DEFECT","items_purchased":["Strawberry","Lee\u0027s Waffle","Bag of Preparation","Ball Lightning","Runic Capacitor"],"campfire_rested":4,"item_purchase_floors":[3,29,29,29,38],"current_hp_per_floor":[74,74,81,76,70,70,70,40,40,26,26,50,44,42,66,24,82,74,71,71,56,26,50,31,31,31,13,37,89,89,72,72,35,107,102,89,89,89,113,113,0],"gold":7,"neow_bonus":"UPGRADE_CARD","is_prod":false,"is_daily":false,"chose_seed":false,"campfire_upgraded":3,"win_rate":0,"timestamp":1550338905,"path_taken":["M","?","$","M","M","?","R","E","T","M","?","R","M","M","R","BOSS","M","M","?","M","M","R","M","?","T","M","R","?","R","E","R","BOSS","M","M","?","$","?","R","E"],"build_version":"2019-01-23","purchased_purges":1,"victory":false,"max_hp_per_floor":[75,75,82,82,82,82,82,82,82,82,82,82,82,82,82,82,82,82,82,82,82,82,82,82,82,82,82,82,89,89,89,89,89,107,107,107,107,107,113,113,113],"card_choices":[{"not_picked":["Stack","Undo"],"picked":"Capacitor","floor":1},{"not_picked":["Storm","Stack"],"picked":"Static Discharge","floor":4},{"not_picked":["Rebound","Heatsinks"],"picked":"Beam Cell","floor":5},{"not_picked":["Compile Driver","Streamline"],"picked":"Lockon","floor":8},{"not_picked":["Gash","Recycle"],"picked":"Conserve Battery","floor":10},{"not_picked":["Beam Cell","Sweeping Beam"],"picked":"Barrage","floor":13},{"not_picked":["Chaos","Cold Snap","Coolheaded"],"picked":"SKIP","floor":14},{"not_picked":["Hyperbeam","Rainbow"],"picked":"Machine Learning","floor":16},{"not_picked":["Compile Driver+1","Go for the Eyes"],"picked":"Ball Lightning","floor":18},{"not_picked":["Cold Snap+1","Leap"],"picked":"Hologram+1","floor":19},{"not_picked":["Doom and Gloom+1","Genetic Algorithm","Consume+1"],"picked":"SKIP","floor":21},{"not_picked":["Scrape","Hologram+1"],"picked":"Steam","floor":22},{"not_picked":["Compile Driver","Stack"],"picked":"Electrodynamics","floor":24},{"not_picked":["Double Energy","Gash"],"picked":"Sunder+1","floor":27},{"not_picked":["Turbo","Steam Power"],"picked":"Reinforced Body","floor":31},{"not_picked":["Creative AI","Seek"],"picked":"Amplify","floor":33},{"not_picked":["Coolheaded+1","Static Discharge"],"picked":"Capacitor+1","floor":35},{"not_picked":["Beam Cell+1","Skim"],"picked":"Redo+1","floor":36}],"player_experience":66401,"relics_obtained":[{"floor":2,"key":"Tiny Chest"},{"floor":8,"key":"Ornamental Fan"},{"floor":9,"key":"Gremlin Horn"},{"floor":26,"key":"Bottled Tornado"},{"floor":31,"key":"Darkstone Periapt"},{"floor":34,"key":"Juzu Bracelet"},{"floor":34,"key":"Molten Egg 2"},{"floor":34,"key":"Peace Pipe"}],"event_choices":[{"damage_healed":0,"gold_gain":0,"cards_transformed":["Strike_B"],"player_choice":"Change","damage_taken":0,"max_hp_gain":0,"max_hp_loss":0,"event_name":"Living Wall","floor":6,"gold_loss":0,"cards_obtained":["Echo Form"]},{"damage_healed":0,"gold_gain":0,"player_choice":"Take Wound","damage_taken":0,"relics_obtained":["Golden Idol"],"max_hp_gain":0,"max_hp_loss":0,"event_name":"Golden Idol","floor":11,"gold_loss":0,"cards_obtained":["Injury"]},{"damage_healed":0,"gold_gain":99,"player_choice":"Stole From Cult","damage_taken":0,"max_hp_gain":0,"max_hp_loss":0,"event_name":"Nest","floor":20,"gold_loss":0},{"damage_healed":0,"gold_gain":0,"cards_transformed":["Injury","Strike_B"],"player_choice":"Became Test Subject","damage_taken":0,"max_hp_gain":0,"max_hp_loss":0,"event_name":"Drug Dealer","floor":25,"gold_loss":0,"cards_obtained":["Doubt","Meteor Strike"]},{"damage_healed":0,"gold_gain":0,"player_choice":"Ignored","damage_taken":0,"max_hp_gain":0,"max_hp_loss":0,"event_name":"Tomb of Lord Red Mask","floor":37,"gold_loss":0},{"damage_healed":27,"gold_gain":0,"player_choice":"Writhe","damage_taken":0,"max_hp_gain":0,"max_hp_loss":0,"event_name":"Winding Halls","floor":39,"gold_loss":0,"cards_obtained":["Writhe"]}],"is_beta":false,"boss_relics":[{"not_picked":["Astrolabe","Empty Cage"],"picked":"Nuclear Battery"},{"not_picked":["Runic Pyramid","Fusion Hammer"],"picked":"Calling Bell"}],"items_purged_floors":[38],"is_endless":false,"potions_floor_spawned":[1,4,14,18,27,31,33],"killed_by":"Giant Head","ascension_level":0}