{"gold_per_floor":[16,31,31,41,41,76,93,93,93,93,103,103,103,137,137,238,238,238,178,178,178,178,178,6,6,6,6,6,6,6,6,6,6,6,6,6,6,6,6,6,6,6,6,6,6,6,6,6,6,6],"floor_reached":51,"playtime":1981,"items_purged":["Defend_R"],"score":833,"play_id":"e8169d47-88aa-4e5f-b6d0-56db9a44159f","local_time":"20190115113014","is_ascension_mode":true,"campfire_choices":[{"data":"Bludgeon","floor":8,"key":"SMITH"},{"data":"Rage","floor":10,"key":"SMITH"},{"data":"Dropkick","floor":13,"key":"SMITH"},{"data":"Dropkick","floor":15,"key":"SMITH"},{"data":"Feed","floor":23,"key":"SMITH"},{"data":"Shrug It Off","floor":25,"key":"SMITH"},{"data":"Battle Trance","floor":28,"key":"SMITH"},{"data":"Panacea","floor":32,"key":"SMITH"},{"data":"Double Tap","floor":41,"key":"SMITH"},{"data":"Bash","floor":44,"key":"SMITH"},{"data":"Intimidate","floor":49,"key":"SMITH"}],"neow_cost":"NO_GOLD","seed_source_timestamp":59164878780845,"circlet_count":0,"master_deck":["Strike_R","Strike_R","Strike_R+1","Strike_R","Strike_R+1","Defend_R","Bash+1","Bludgeon+1","Dropkick+1","Rage+1","Dropkick+1","Trip","Shrug It Off+1","Battle Trance+1","Intimidate+1","Feed+1","Flame Barrier+1","Clash+1","Panacea+1","Double Tap+1","True Grit+1","Uppercut+1","Clash+1","Clash+1"],"special_seed":0,"relics":["Burning Blood","Ornamental Fan","Question Card","Pear","Ectoplasm","Red Mask","Whetstone","Letter Opener","White Beast Statue","Ancient Tea Set","StoneCalendar","Pocketwatch","Torii"],"potions_floor_usage":[33,38,42,42,46,50,50,50],"damage_taken":[{"damage":6.0,"enemies":"Jaw Worm","floor":1.0,"turns":4.0},{"damage":0.0,"enemies":"Cultist","floor":2.0,"turns":2.0},{"damage":8,"enemies":"2 Louse","floor":4,"turns":2},{"damage":42,"enemies":"3 Sentries","floor":6,"turns":10},{"damage":2,"enemies":"Blue Slaver","floor":7,"turns":3},{"damage":3,"enemies":"Large Slime","floor":11,"turns":3},{"damage":16,"enemies":"Gremlin Nob","floor":14,"turns":3},{"damage":27,"enemies":"Hexaghost","floor":16,"turns":7},{"damage":1,"enemies":"Chosen","floor":18,"turns":4},{"damage":6,"enemies":"2 Thieves","floor":19,"turns":4},{"damage":24,"enemies":"Masked Bandits","floor":20,"turns":5},{"damage":16,"enemies":"Sentry and Sphere","floor":21,"turns":5},{"damage":18,"enemies":"Snecko","floor":22,"turns":4},{"damage":0,"enemies":"Snake Plant","floor":27,"turns":3},{"damage":3,"enemies":"Shelled Parasite and Fungi","floor":31,"turns":3},{"damage":57,"enemies":"Automaton","floor":33,"turns":7},{"damage":7,"enemies":"3 Darklings","floor":35,"turns":4},{"damage":12,"enemies":"Orb Walker","floor":37,"turns":3},{"damage":3,"enemies":"4 Shapes","floor":38,"turns":4},{"damage":26,"enemies":"Giant Head","floor":40,"turns":6},{"damage":26,"enemies":"Mind Bloom Boss Battle","floor":42,"turns":7},{"damage":12,"enemies":"2 Orb Walkers","floor":45,"turns":4},{"damage":0,"enemies":"Sphere and 2 Shapes","floor":46,"turns":3},{"damage":7,"enemies":"Jaw Worm Horde","floor":48,"turns":5},{"damage":75,"enemies":"Time Eater","floor":50,"turns":8}],"seed_played":"8822721517661727577","potions_obtained":[{"floor":1.0,"key":"Weak Potion"},{"floor":6,"key":"Ancient Potion"},{"floor":7,"key":"PowerPotion"},{"floor":22,"key":"PowerPotion"},{"floor":35,"key":"EssenceOfSteel"},{"floor":37,"key":"Swift Potion"},{"floor":38,"key":"Explosive Potion"},{"floor":40,"key":"Block Potion"},{"floor":42,"key":"FearPotion"},{"floor":45,"key":"BloodPotion"},{"floor":46,"key":"Strength Potion"}],"is_trial":false,"path_per_floor":["M","M","?","M","?","E","M","R","T","R","M","?","R","E","R","B",null,"M","M","?","M","M","R","$","R","T","M","R","?","?","M","R","B",null,"M","?","M","M","?","E","R","?","T","R","?","M","$","M","R","B",null],"character_chosen":"IRONCLAD","items_purchased":["Panacea"],"campfire_rested":0,"item_purchase_floors":[24],"current_hp_per_floor":[80,80,80,78,83,47,51,51,51,51,54,47,47,47,47,26,95,95,98,83,73,61,61,61,61,61,67,67,67,67,74,74,23,105,104,100,98,105,105,85,85,69,69,69,67,88,88,91,91,22],"gold":6,"neow_bonus":"THREE_RARE_CARDS","is_prod":false,"is_daily":false,"chose_seed":false,"campfire_upgraded":11,"win_rate":0,"timestamp":1547562614,"path_taken":["M","M","?","?","?","E","M","R","T","R","M","?","R","E","R","BOSS","M","M","?","M","M","R","$","R","T","M","R","?","?","?","R","BOSS","M","?","M","M","?","E","R","?","T","R","?","M","?","M","R","BOSS"],"build_version":"2018-11-15","purchased_purges":1,"victory":true,"max_hp_per_floor":[80,80,80,80,85,85,85,85,85,85,85,85,85,95,95,95,95,95,98,101,101,101,101,101,101,101,101,101,101,101,105,105,105,105,105,100,104,108,108,108,108,112,112,112,116,120,120,124,124,124],"card_choices":[{"not_picked":["Dark Embrace","Fiend Fire"],"picked":"Bludgeon","floor":0.0},{"not_picked":["Sever Soul","Clothesline"],"picked":"Dropkick","floor":1.0},{"not_picked":["Pommel Strike","Warcry"],"picked":"Rage","floor":2.0},{"not_picked":["Body Slam","Anger","Dual Wield"],"picked":"SKIP","floor":4},{"not_picked":["Barricade","Shrug It Off"],"picked":"Battle Trance","floor":6},{"not_picked":["Rupture","Pommel Strike","Shockwave"],"picked":"SKIP","floor":7},{"not_picked":["Ghostly Armor","Armaments","Perfected Strike"],"picked":"Intimidate","floor":11},{"not_picked":["Disarm","True Grit","Sword Boomerang","Fiend Fire"],"picked":"SKIP","floor":14},{"not_picked":["Reaper","Berserk","Immolate"],"picked":"Feed","floor":16},{"not_picked":["Body Slam","Metallicize","Warcry"],"picked":"Flame Barrier+1","floor":18},{"not_picked":["Bloodletting","Iron Wave","Feel No Pain"],"picked":"Clash+1","floor":19},{"not_picked":["Twin Strike","Body Slam","Ghostly Armor","Reaper"],"picked":"SKIP","floor":21},{"not_picked":["Iron Wave","Combust","Thunderclap","Heavy Blade"],"picked":"SKIP","floor":22},{"not_picked":["Warcry","Fire Breathing","Pommel Strike","Body Slam+1"],"picked":"SKIP","floor":27},{"not_picked":["Burning Pact","Flame Barrier+1","Second Wind","Iron Wave"],"picked":"SKIP","floor":31},{"not_picked":["Feed","Offering","Bludgeon"],"picked":"Double Tap","floor":33},{"not_picked":["Twin Strike","Carnage+1","Burning Pact+1","Iron Wave"],"picked":"SKIP","floor":35},{"not_picked":["Sword Boomerang","Anger+1","Shrug It Off"],"picked":"True Grit+1","floor":37},{"not_picked":["Rage+1","Power Through+1","Thunderclap+1"],"picked":"Uppercut+1","floor":38},{"not_picked":["Feel No Pain","Clash","Cleave+1","Flex+1"],"picked":"SKIP","floor":40},{"not_picked":["Fire Breathing","Sever Soul+1","Perfected Strike+1"],"picked":"Clash+1","floor":45},{"not_picked":["Armaments","Juggernaut","Cleave"],"picked":"Clash+1","floor":46},{"not_picked":["Twin Strike","Anger+1","Warcry","Clash"],"picked":"SKIP","floor":48}],"player_experience":17152,"relics_obtained":[{"floor":6,"key":"Ornamental Fan"},{"floor":9,"key":"Question Card"},{"floor":14,"key":"Pear"},{"floor":20,"key":"Red Mask"},{"floor":26,"key":"Whetstone"},{"floor":40,"key":"Ancient Tea Set"},{"floor":42,"key":"StoneCalendar"},{"floor":43,"key":"Pocketwatch"},{"floor":45,"key":"Torii"}],"event_choices":[{"damage_healed":0,"gold_gain":0,"player_choice":"3 cards matched","damage_taken":0,"max_hp_gain":0,"max_hp_loss":0,"event_name":"Match and Keep!","floor":3,"gold_loss":0,"cards_obtained":["Dropkick","Trip","Shrug It Off"]},{"damage_healed":0,"gold_gain":0,"player_choice":"Donut","damage_taken":0,"max_hp_gain":5,"max_hp_loss":0,"event_name":"Big Fish","floor":5,"gold_loss":0},{"cards_removed":["Defend_R"],"damage_healed":0,"gold_gain":0,"player_choice":"Card Removal","damage_taken":7,"max_hp_gain":0,"max_hp_loss":0,"event_name":"Golden Wing","floor":12,"gold_loss":0},{"damage_healed":0,"gold_gain":0,"player_choice":"Fought Bandits","damage_taken":0,"max_hp_gain":0,"max_hp_loss":0,"event_name":"Masked Bandits","floor":20,"gold_loss":0},{"cards_removed":["Defend_R"],"damage_healed":0,"gold_gain":0,"player_choice":"Elegance","damage_taken":0,"max_hp_gain":0,"max_hp_loss":0,"event_name":"Back to Basics","floor":29,"gold_loss":0},{"damage_healed":0,"gold_gain":0,"player_choice":"Gave Potion","damage_taken":0,"relics_obtained":["Letter Opener"],"max_hp_gain":0,"max_hp_loss":0,"event_name":"WeMeetAgain","floor":30,"gold_loss":0},{"damage_healed":0,"gold_gain":0,"player_choice":"Max HP","damage_taken":0,"max_hp_gain":0,"max_hp_loss":5,"event_name":"Winding Halls","floor":36,"gold_loss":0},{"damage_healed":0,"gold_gain":0,"player_choice":"Ignored","damage_taken":0,"max_hp_gain":0,"max_hp_loss":0,"event_name":"Tomb of Lord Red Mask","floor":39,"gold_loss":0},{"damage_healed":0,"gold_gain":0,"player_choice":"Fight","damage_taken":0,"max_hp_gain":0,"max_hp_loss":0,"event_name":"MindBloom","floor":42,"gold_loss":0},{"damage_healed":0,"gold_gain":0,"player_choice":"Fight","damage_taken":0,"max_hp_gain":0,"max_hp_loss":0,"event_name":"Mysterious Sphere","floor":45,"gold_loss":0}],"is_beta":false,"boss_relics":[{"not_picked":["Calling Bell","Astrolabe"],"picked":"Ectoplasm"},{"not_picked":["Black Blood","Mark of Pain"],"picked":"White Beast Statue"}],"items_purged_floors":[24],"is_endless":false,"potions_floor_spawned":[1,6,7,11,14,18,19,20,22,35,37,38,40,42,45,46,48],"ascension_level":3}