{"gold_per_floor":[144,189,189,166,211,301,346,22,22,67,157,157,202,247,247,547,547,592,592,637,637,163,253,253,298,298,298,298,388,388,433,433,733,733,778,778,823,248,248,248,248,248,248,248,293,338,383,428,428,428],"floor_reached":51,"playtime":3462,"items_purged":["Regret"],"score":924,"play_id":"619219cb-2a32-4fac-9c94-eb36855333c1","local_time":"20180717040353","daily_mods":["Allstar","Midas","Night Terrors"],"is_ascension_mode":false,"campfire_choices":[{"floor":12,"key":"REST"},{"floor":15,"key":"REST"},{"floor":24,"key":"REST"},{"floor":30,"key":"DIG"},{"floor":32,"key":"DIG"},{"floor":40,"key":"DIG"},{"floor":42,"key":"DIG"},{"floor":49,"key":"DIG"}],"neow_cost":"","seed_source_timestamp":813457833281200,"circlet_count":0,"master_deck":["Defend_G","Defend_G","Defend_G","Defend_G","Defend_G","Strike_G","Strike_G","Strike_G","Strike_G","Strike_G","Survivor","Neutralize","Secret Technique","Secret Technique","Panacea","Sadistic Nature","Panache","Dash","Bane","Flying Knee","Storm of Steel","Dagger Spray","Flash of Steel","Deadly Poison","Poisoned Stab","Endless Agony","PiercingWail","A Thousand Cuts","Expertise","Infinite Blades+1","Catalyst+1","All Out Attack","Poisoned Stab","Footwork","Finisher+1","Outmaneuver","Envenom","Endless Agony","Die Die Die","Bane+1","Bane+1","Backstab","Writhe","Pain","Madness","Noxious Fumes","Backstab+1","Flying Knee+1","Backstab"],"special_seed":17729,"relics":["Ring of the Snake","Mercury Hourglass","Bronze Scales","Blood Vial","Question Card","Ninja Scroll","Eternal Feather","Pantograph","Lantern","Shovel","Bag of Marbles","Vajra","Gremlin Horn","Pen Nib","Cursed Key","Gambling Chip","Potion Belt","Sundial","Strawberry","Ancient Tea Set","Snake Skull","Darkstone Periapt"],"potions_floor_usage":[11,29,29,50,50,50,50,50],"damage_taken":[{"damage":0,"enemies":"Jaw Worm","floor":1,"turns":5},{"damage":0,"enemies":"2 Louse","floor":2,"turns":3},{"damage":7,"enemies":"Cultist","floor":5,"turns":3},{"damage":14,"enemies":"3 Sentries","floor":6,"turns":5},{"damage":0,"enemies":"Gremlin Gang","floor":7,"turns":1},{"damage":4,"enemies":"Blue Slaver","floor":10,"turns":3},{"damage":10,"enemies":"Gremlin Nob","floor":11,"turns":3},{"damage":0,"enemies":"Large Slime","floor":13,"turns":3},{"damage":0,"enemies":"3 Louse","floor":14,"turns":1},{"damage":49,"enemies":"The Guardian","floor":16,"turns":9},{"damage":6,"enemies":"Chosen","floor":18,"turns":2},{"damage":17,"enemies":"Spheric Guardian","floor":20,"turns":4},{"damage":18,"enemies":"Gremlin Leader","floor":23,"turns":5},{"damage":21,"enemies":"Snecko","floor":25,"turns":4},{"damage":13,"enemies":"Book of Stabbing","floor":29,"turns":4},{"damage":6,"enemies":"Chosen and Byrds","floor":31,"turns":3},{"damage":27,"enemies":"Collector","floor":33,"turns":5},{"damage":3,"enemies":"3 Shapes","floor":35,"turns":2},{"damage":21,"floor":36,"turns":6},{"damage":0,"enemies":"Flame Bruiser 1 Orb","floor":37,"turns":2},{"damage":0,"enemies":"Transient","floor":45,"turns":5},{"damage":12,"enemies":"Spire Growth","floor":46,"turns":2},{"damage":10,"enemies":"Sphere and 2 Shapes","floor":47,"turns":1},{"damage":1,"enemies":"Maw","floor":48,"turns":5},{"damage":52,"enemies":"Time Eater","floor":50,"turns":7}],"seed_played":"-6709258171721631228","potions_obtained":[{"floor":7,"key":"SpeedPotion"},{"floor":10,"key":"Explosive Potion"},{"floor":16,"key":"Energy Potion"},{"floor":20,"key":"GhostInAJar"},{"floor":29,"key":"SpeedPotion"},{"floor":33,"key":"Weak Potion"}],"is_trial":false,"path_per_floor":["M","M","?","?","M","E","M","$","T","M","E","R","M","M","R","B",null,"M","?","M","?","$","E","R","M","T","T","?","E","R","M","R","B",null,"M","?","M","$","?","R","?","R","T","?","M","M","M","M","R","B"],"character_chosen":"THE_SILENT","items_purchased":["Blood Vial","Flash of Steel","Pantograph","Catalyst","All Out Attack","Poisoned Stab","Footwork","Potion Belt","Sundial","Block Potion","EssenceOfSteel"],"campfire_rested":3,"item_purchase_floors":[8,8,22,22,22,22,22,38,38,38,38],"current_hp_per_floor":[70,70,70,70,63,49,49,49,49,47,39,65,65,65,60,11,60,54,54,39,39,39,23,55,34,34,34,28,17,31,27,41,28,55,52,34,36,36,36,59,62,62,62,62,62,50,42,43,61,10],"gold":428,"neow_bonus":"","is_prod":false,"is_daily":true,"chose_seed":false,"campfire_upgraded":0,"win_rate":0,"timestamp":1531789433,"path_taken":["M","M","?","?","?","E","M","$","T","M","E","R","?","M","R","BOSS","M","?","?","?","$","E","R","M","T","?","?","E","R","M","R","BOSS","M","?","M","$","?","R","?","R","T","?","?","M","M","M","R","BOSS"],"build_version":"2018-07-12","purchased_purges":1,"victory":true,"max_hp_per_floor":[70,70,70,70,70,70,70,70,70,70,70,65,65,65,60,60,60,60,60,60,60,60,60,55,55,55,55,55,55,55,55,55,55,55,55,55,55,55,55,62,62,62,62,62,62,62,62,62,62,62],"card_choices":[{"not_picked":["Acrobatics","Prepared"],"picked":"Dash","floor":1},{"not_picked":["Sucker Punch","Dagger Throw"],"picked":"Bane","floor":2},{"not_picked":["Reflex","Malaise"],"picked":"Flying Knee","floor":5},{"not_picked":["Prepared","Slice"],"picked":"Storm of Steel","floor":6},{"not_picked":["Prepared","Malaise"],"picked":"Dagger Spray","floor":7},{"not_picked":["Deflect","Distraction","Concentrate"],"picked":"Deadly Poison","floor":10},{"not_picked":["Acrobatics","Heel Hook","Outmaneuver"],"picked":"Poisoned Stab","floor":11},{"not_picked":["Masterful Stab","Bane","Dodge and Roll"],"picked":"Endless Agony","floor":13},{"not_picked":["Prepared","Footwork","Night Terror"],"picked":"PiercingWail","floor":14},{"not_picked":["Tactician","Night Terror","Burst"],"picked":"A Thousand Cuts","floor":16},{"not_picked":["Masterful Stab","Acrobatics","Prepared"],"picked":"Expertise","floor":18},{"not_picked":["Underhanded Strike+1","Malaise","Skewer"],"picked":"Infinite Blades","floor":20},{"not_picked":["Flechettes","Escape Plan+1","Flying Knee+1"],"picked":"Finisher+1","floor":23},{"not_picked":["Backflip+1","PiercingWail","Quick Slash"],"picked":"Outmaneuver","floor":25},{"not_picked":["Night Terror","Dagger Spray","Choke+1"],"picked":"Envenom","floor":29},{"not_picked":["Dodge and Roll+1","Quick Slash+1","Distraction"],"picked":"Endless Agony","floor":31},{"not_picked":["Storm of Steel","Wraith Form v2","Glass Knife"],"picked":"Die Die Die","floor":33},{"not_picked":["Flechettes+1","Outmaneuver","Distraction+1"],"picked":"Bane+1","floor":35},{"not_picked":["Slice","Masterful Stab","Dagger Spray"],"picked":"Bane+1","floor":36},{"not_picked":["Poisoned Stab+1","Outmaneuver+1","Underhanded Strike"],"picked":"Backstab","floor":37},{"not_picked":["Sadistic Nature","Jack Of All Trades","Magnetism"],"picked":"Madness","floor":44},{"not_picked":["PiercingWail","Malaise+1","Backflip"],"picked":"Noxious Fumes","floor":45},{"not_picked":["Terror","Deadly Poison+1","PiercingWail+1"],"picked":"Backstab+1","floor":46},{"not_picked":["Deflect","Malaise+1","Outmaneuver"],"picked":"Flying Knee+1","floor":47},{"not_picked":["Glass Knife","Outmaneuver+1","Blade Dance+1"],"picked":"Backstab","floor":48}],"player_experience":112733,"relics_obtained":[{"floor":6,"key":"Bronze Scales"},{"floor":9,"key":"Question Card"},{"floor":11,"key":"Ninja Scroll"},{"floor":23,"key":"Lantern"},{"floor":26,"key":"Shovel"},{"floor":27,"key":"Bag of Marbles"},{"floor":29,"key":"Vajra"},{"floor":30,"key":"Gremlin Horn"},{"floor":32,"key":"Pen Nib"},{"floor":36,"key":"Gambling Chip"},{"floor":40,"key":"Strawberry"},{"floor":42,"key":"Ancient Tea Set"},{"floor":43,"key":"Snake Skull"},{"floor":49,"key":"Darkstone Periapt"}],"event_choices":[{"event_name":"Big Fish","player_choice":"Box","floor":3,"damage_taken":0},{"event_name":"World of Goop","player_choice":"Left","floor":4,"damage_taken":0},{"event_name":"Ghosts","player_choice":"Ignored","floor":19,"damage_taken":0},{"event_name":"Upgrade Shrine","player_choice":"Upgraded","floor":21,"damage_taken":0},{"event_name":"Knowing Skull","player_choice":"","floor":28,"damage_taken":0},{"event_name":"MindBloom","player_choice":"Fight","floor":36,"damage_taken":0},{"event_name":"Upgrade Shrine","player_choice":"Upgraded","floor":39,"damage_taken":0},{"event_name":"Winding Halls","player_choice":"Writhe","floor":41,"damage_taken":0},{"event_name":"SensoryStone","player_choice":"Memory 1","floor":44,"damage_taken":0}],"boss_relics":[{"not_picked":["Calling Bell","Orrery"],"picked":"Eternal Feather"},{"not_picked":["Empty Cage","Runic Dome"],"picked":"Cursed Key"}],"items_purged_floors":[8],"is_endless":false,"potions_floor_spawned":[7,10,16,20,29,33,35,37,46],"ascension_level":0}