{"gold_per_floor":[112,112,112,39,214,214,244,244,271,282,298,311,236,311,311,413,413,423,423,443,458,166,166,76,76,151,169,179,194,194,194,194,194],"floor_reached":33,"playtime":850,"items_purged":["Strike_R","Strike_R"],"score":270,"play_id":"d687241b-e0d4-413e-a6ee-540078b1b942","local_time":"20190216150019","is_ascension_mode":false,"campfire_choices":[{"data":"Doubt","floor":6,"key":"PURGE"},{"data":"Strike_R","floor":8,"key":"PURGE"},{"data":"Strike_R","floor":15,"key":"PURGE"},{"data":"Defend_R","floor":23,"key":"PURGE"},{"data":"Defend_R","floor":25,"key":"PURGE"},{"data":"Rampage","floor":30,"key":"PURGE"},{"data":"Bludgeon","floor":32,"key":"PURGE"}],"neow_cost":"CURSE","seed_source_timestamp":1936013006643,"circlet_count":0,"master_deck":["Bash+1","Whirlwind+1","Feed","Flex+1","Thunderclap+1","Ghostly","Ghostly","Ghostly","Ghostly","Ghostly"],"relics":["Burning Blood","Peace Pipe","Kunai","Whetstone","Sozu","Vajra","Self Forming Clay"],"potions_floor_usage":[7,16,29],"damage_taken":[{"damage":5,"enemies":"Jaw Worm","floor":1,"turns":5},{"damage":14,"enemies":"Gremlin Nob","floor":7,"turns":3},{"damage":0,"enemies":"Small Slimes","floor":10,"turns":3},{"damage":0,"enemies":"2 Louse","floor":11,"turns":1},{"damage":0,"enemies":"2 Fungi Beasts","floor":12,"turns":2},{"damage":58,"enemies":"Hexaghost","floor":16,"turns":11},{"damage":28,"enemies":"Shell Parasite","floor":18,"turns":6},{"damage":0,"enemies":"Chosen","floor":20,"turns":3},{"damage":39,"enemies":"Shelled Parasite and Fungi","floor":21,"turns":6},{"damage":12,"enemies":"Centurion and Healer","floor":27,"turns":3},{"damage":0,"enemies":"Snecko","floor":28,"turns":2},{"damage":15,"enemies":"Shelled Parasite and Fungi","floor":29,"turns":2},{"damage":55,"enemies":"Automaton","floor":33,"turns":6}],"seed_played":"-1388592588695628985","potions_obtained":[{"floor":1,"key":"AttackPotion"},{"floor":7,"key":"SkillPotion"},{"floor":16,"key":"Fire Potion"}],"is_trial":false,"path_per_floor":["M","?","?","$","?","R","E","R","T","M","M","M","$","?","R","B",null,"M","?","M","M","$","R","?","R","T","M","M","M","R","?","R","B"],"character_chosen":"IRONCLAD","items_purchased":["Whirlwind","Vajra","Flex"],"campfire_rested":0,"item_purchase_floors":[4,22,22],"current_hp_per_floor":[80,85,78,78,78,78,70,70,70,76,82,85,85,74,74,22,85,63,63,72,42,42,42,42,42,42,39,45,39,39,39,39,0],"gold":194,"neow_bonus":"ONE_RARE_RELIC","is_prod":false,"is_daily":false,"chose_seed":false,"campfire_upgraded":0,"win_rate":0,"timestamp":1550350819,"path_taken":["M","?","?","$","?","R","E","R","T","M","M","M","$","?","R","BOSS","M","?","M","M","$","R","?","R","T","?","M","M","R","?","R","BOSS"],"build_version":"2019-01-23","purchased_purges":2,"victory":false,"max_hp_per_floor":[80,85,85,85,85,85,85,85,85,85,85,85,85,85,85,85,85,85,85,88,91,91,91,91,91,91,94,94,97,97,48,48,48],"card_choices":[{"not_picked":["True Grit","Anger","Sword Boomerang"],"picked":"SKIP","floor":1},{"not_picked":["True Grit","Warcry","Wild Strike"],"picked":"SKIP","floor":7},{"not_picked":["Clash","Heavy Blade"],"picked":"Rampage","floor":10},{"not_picked":["Sword Boomerang","Cleave","Seeing Red"],"picked":"SKIP","floor":11},{"not_picked":["Bloodletting","Clothesline","True Grit"],"picked":"SKIP","floor":12},{"not_picked":["Clothesline","Burning Pact","Shrug It Off"],"picked":"SKIP","floor":18},{"not_picked":["Clothesline","Heavy Blade","Iron Wave"],"picked":"SKIP","floor":20},{"not_picked":["Shrug It Off+1","Cleave","Clash"],"picked":"SKIP","floor":21},{"not_picked":["Wild Strike","Hemokinesis","Dropkick"],"picked":"SKIP","floor":27},{"not_picked":["Wild Strike","Hemokinesis","Dropkick"],"picked":"SKIP","floor":27},{"not_picked":["Twin Strike","Seeing Red"],"picked":"Thunderclap+1","floor":28},{"not_picked":["Infernal Blade","Shrug It Off","Anger"],"picked":"SKIP","floor":29}],"player_experience":839255,"relics_obtained":[{"floor":7,"key":"Kunai"},{"floor":9,"key":"Whetstone"},{"floor":26,"key":"Self Forming Clay"}],"event_choices":[{"damage_healed":0,"gold_gain":0,"player_choice":"Donut","damage_taken":0,"max_hp_gain":5,"max_hp_loss":0,"event_name":"Big Fish","floor":2,"gold_loss":0},{"cards_removed":["Writhe"],"damage_healed":0,"gold_gain":0,"player_choice":"Card Removal","damage_taken":7,"max_hp_gain":0,"max_hp_loss":0,"event_name":"Golden Wing","floor":3,"gold_loss":0},{"damage_healed":0,"gold_gain":175,"player_choice":"AGREE","damage_taken":0,"max_hp_gain":0,"max_hp_loss":0,"event_name":"Liars Game","floor":5,"gold_loss":0,"cards_obtained":["Doubt"]},{"damage_healed":0,"gold_gain":75,"player_choice":"Gather Gold","damage_taken":11,"max_hp_gain":0,"max_hp_loss":0,"event_name":"World of Goop","floor":14,"gold_loss":0},{"damage_healed":0,"gold_gain":0,"cards_transformed":["Strike_R","Defend_R"],"player_choice":"Became Test Subject","damage_taken":0,"max_hp_gain":0,"max_hp_loss":0,"event_name":"Drug Dealer","floor":19,"gold_loss":0,"cards_obtained":["Bludgeon","Feed"]},{"cards_removed":["Defend_R"],"damage_healed":0,"gold_gain":0,"player_choice":"Upgrade and Remove","damage_taken":0,"max_hp_gain":0,"max_hp_loss":0,"event_name":"Designer","floor":24,"gold_loss":90,"cards_upgraded":["Flex"]},{"damage_healed":0,"gold_gain":0,"player_choice":"Became a Ghost","damage_taken":0,"max_hp_gain":0,"max_hp_loss":49,"event_name":"Ghosts","floor":31,"gold_loss":0,"cards_obtained":["Ghostly","Ghostly","Ghostly","Ghostly","Ghostly"]}],"is_beta":false,"boss_relics":[{"not_picked":["Fusion Hammer","Ectoplasm"],"picked":"Sozu"}],"items_purged_floors":[13,22],"is_endless":false,"potions_floor_spawned":[1,7,16,20,27,28,29],"killed_by":"Automaton","ascension_level":0}