{"gold_per_floor":[116,116,136,97,97,97,132,132,132,155,155,155,173,249,249,375,375,400,400,400,388,227,246,246],"floor_reached":24,"playtime":2076,"items_purged":["Strike_B"],"score":252,"play_id":"350bdbb9-1a4a-4ec7-ab71-0490031f9f66","local_time":"20190217213838","is_ascension_mode":true,"campfire_choices":[{"data":"Gash","floor":6,"key":"SMITH"},{"data":"Creative AI","floor":8,"key":"SMITH"},{"data":"Storm","floor":11,"key":"SMITH"},{"floor":15,"key":"REST"}],"neow_cost":"NONE","seed_source_timestamp":258713019540132,"circlet_count":0,"master_deck":["Strike_B","Strike_B","Defend_B","Defend_B","Defend_B","Defend_B","Zap","Dualcast","Gash+1","Storm+1","Creative AI+1","Leap","Echo Form","Steam","Bandage Up"],"relics":["Cracked Core","NeowsBlessing","Golden Idol","Boot","Bottled Flame","Kunai","Lizard Tail","Pear"],"potions_floor_usage":[13,16,21],"damage_taken":[{"damage":0,"enemies":"2 Louse","floor":1,"turns":1},{"damage":0,"enemies":"Jaw Worm","floor":3,"turns":1},{"damage":0,"enemies":"Lagavulin","floor":7,"turns":1},{"damage":6,"enemies":"Cultist","floor":10,"turns":4},{"damage":19,"enemies":"Exordium Thugs","floor":13,"turns":4},{"damage":21,"enemies":"The Guardian","floor":16,"turns":12},{"damage":5,"enemies":"Chosen","floor":18,"turns":4},{"damage":29,"enemies":"2 Thieves","floor":21,"turns":4},{"damage":58,"enemies":"Snake Plant","floor":23,"turns":6},{"damage":63,"enemies":"Slavers","floor":24,"turns":4}],"seed_played":"7183654999957413588","potions_obtained":[{"floor":1,"key":"SneckoOil"},{"floor":13,"key":"Strength Potion"},{"floor":18,"key":"Fire Potion"}],"is_trial":false,"path_per_floor":["M","?","M","?","?","R","E","R","T","M","R","?","M","T","R","B",null,"M","?","T","M","$","M","E"],"character_chosen":"DEFECT","items_purchased":["Bandage Up"],"campfire_rested":1,"item_purchase_floors":[22],"current_hp_per_floor":[75,57,57,57,57,57,57,57,57,51,51,51,32,32,54,33,75,70,70,80,51,51,1,0],"gold":246,"neow_bonus":"THREE_ENEMY_KILL","is_prod":false,"is_daily":false,"chose_seed":false,"campfire_upgraded":3,"win_rate":0,"timestamp":1550461118,"path_taken":["M","?","M","?","?","R","E","R","T","M","R","?","?","?","R","BOSS","M","?","?","M","$","M","E"],"build_version":"2019-01-23","purchased_purges":1,"victory":false,"max_hp_per_floor":[75,75,75,75,75,75,75,75,75,75,75,75,75,75,75,75,75,75,75,85,85,85,85,85],"card_choices":[{"not_picked":["Chill","BootSequence"],"picked":"Gash","floor":1},{"not_picked":["Stack","Ball Lightning"],"picked":"Storm","floor":3},{"not_picked":["Leap","Steam"],"picked":"Creative AI","floor":7},{"not_picked":["Cold Snap","Ball Lightning"],"picked":"Leap","floor":10},{"not_picked":["Turbo","Hologram","Fusion"],"picked":"SKIP","floor":13},{"not_picked":["Rainbow","Meteor Strike"],"picked":"Echo Form","floor":16},{"not_picked":["Leap","Beam Cell","Reinforced Body"],"picked":"SKIP","floor":18},{"not_picked":["Compile Driver","Doom and Gloom"],"picked":"Steam","floor":21},{"not_picked":["Hologram","Stack","Capacitor"],"picked":"SKIP","floor":23}],"player_experience":503558,"relics_obtained":[{"floor":7,"key":"Boot"},{"floor":9,"key":"Bottled Flame"},{"floor":14,"key":"Kunai"},{"floor":20,"key":"Pear"}],"event_choices":[{"damage_healed":0,"gold_gain":0,"player_choice":"Take Damage","damage_taken":18,"relics_obtained":["Golden Idol"],"max_hp_gain":0,"max_hp_loss":0,"event_name":"Golden Idol","floor":2,"gold_loss":0},{"damage_healed":0,"gold_gain":0,"player_choice":"Left Gold","damage_taken":0,"max_hp_gain":0,"max_hp_loss":0,"event_name":"World of Goop","floor":4,"gold_loss":39},{"damage_healed":0,"gold_gain":0,"player_choice":"Ignored","damage_taken":0,"max_hp_gain":0,"max_hp_loss":0,"event_name":"Liars Game","floor":5,"gold_loss":0},{"cards_removed":["Strike_B"],"damage_healed":0,"gold_gain":0,"player_choice":"Forget","damage_taken":0,"max_hp_gain":0,"max_hp_loss":0,"event_name":"Living Wall","floor":12,"gold_loss":0},{"damage_healed":0,"gold_gain":0,"player_choice":"Ignored","damage_taken":0,"max_hp_gain":0,"max_hp_loss":0,"event_name":"Cursed Tome","floor":19,"gold_loss":0}],"is_beta":false,"boss_relics":[{"not_picked":["Ectoplasm","Orrery"],"picked":"Lizard Tail"}],"items_purged_floors":[22],"is_endless":false,"potions_floor_spawned":[1,13,18],"killed_by":"Slavers","ascension_level":3}