{"gold_per_floor":[212,387,36,36,36,75,75,90,90,90,90,19,53,89,101,208,220,255,150,168,95,114,114,133,133,158,58,82,105,105,9,9,9],"floor_reached":33,"playtime":2258,"items_purged":["Doubt","Strike_B"],"score":417,"play_id":"ced294ac-c38f-4ef6-8c3d-1b186b3cf970","local_time":"20190215170730","is_ascension_mode":true,"campfire_choices":[{"floor":7,"key":"REST"},{"floor":15,"key":"REST"},{"floor":23,"key":"REST"},{"floor":25,"key":"REST"},{"floor":32,"key":"REST"}],"neow_cost":"NONE","seed_source_timestamp":16359052652418,"circlet_count":0,"master_deck":["AscendersBane","Strike_B","Strike_B","Strike_B","Defend_B","Defend_B","Defend_B","Defend_B","Zap","Dualcast","Conserve Battery","Apotheosis+1","Capacitor","Go for the Eyes+1","Tempest","Static Discharge","Defragment","Electrodynamics","Glacier","FTL","Creative AI","Storm","Chill+1","Cold Snap","Ball Lightning","Capacitor"],"relics":["Cracked Core","Golden Idol","Bottled Flame","Unceasing Top","MawBank","Nuclear Battery","Bronze Scales","Potion Belt"],"potions_floor_usage":[13,16,20,33],"damage_taken":[{"damage":7,"enemies":"Jaw Worm","floor":1,"turns":4},{"damage":31,"enemies":"3 Sentries","floor":6,"turns":9},{"damage":5,"enemies":"2 Louse","floor":8,"turns":3},{"damage":36,"enemies":"Gremlin Nob","floor":13,"turns":5},{"damage":12,"enemies":"Small Slimes","floor":14,"turns":4},{"damage":13,"enemies":"Hexaghost","floor":16,"turns":7},{"damage":3,"enemies":"Shell Parasite","floor":18,"turns":4},{"damage":19,"enemies":"2 Thieves","floor":20,"turns":2},{"damage":9,"enemies":"Cultist and Chosen","floor":22,"turns":5},{"damage":27,"enemies":"Shelled Parasite and Fungi","floor":24,"turns":6},{"damage":13,"enemies":"Chosen and Byrds","floor":28,"turns":5},{"damage":16,"enemies":"Snecko","floor":29,"turns":5},{"damage":42,"enemies":"Collector","floor":33,"turns":3}],"seed_played":"4975035184233141375","potions_obtained":[{"floor":13,"key":"Fruit Juice"},{"floor":14,"key":"AttackPotion"},{"floor":16,"key":"LiquidBronze"},{"floor":22,"key":"SpeedPotion"},{"floor":29,"key":"SpeedPotion"}],"is_trial":false,"path_per_floor":["M","?","$","?","?","E","R","M","T","$","?","$","E","M","R","B",null,"M","$","M","$","M","R","M","R","T","$","M","M","T","$","R","B"],"character_chosen":"DEFECT","items_purchased":["Apotheosis","Capacitor","Go for the Eyes","Static Discharge","Glacier","FTL","Storm","Ball Lightning","Capacitor"],"campfire_rested":5,"item_purchase_floors":[3,3,3,12,19,19,21,31,31],"current_hp_per_floor":[61,61,61,61,61,30,50,45,45,45,45,45,14,2,24,11,58,55,55,36,36,27,49,22,44,44,44,31,15,15,15,37,0],"gold":9,"neow_bonus":"HUNDRED_GOLD","is_prod":false,"is_daily":false,"chose_seed":false,"campfire_upgraded":0,"win_rate":0,"timestamp":1550272050,"path_taken":["M","?","$","?","?","E","R","M","T","?","?","$","E","M","R","BOSS","M","?","M","$","M","R","M","R","T","$","M","M","?","?","R","BOSS"],"build_version":"2019-01-23","purchased_purges":2,"victory":false,"max_hp_per_floor":[75,75,75,75,69,69,69,69,69,69,69,69,74,74,74,74,74,74,74,74,74,74,74,74,74,74,74,74,74,74,74,74,74],"card_choices":[{"not_picked":["Streamline","Reinforced Body"],"picked":"Conserve Battery","floor":1},{"not_picked":["Beam Cell","Turbo","Compile Driver"],"picked":"SKIP","floor":6},{"not_picked":["Beam Cell","Gash"],"picked":"Tempest","floor":8},{"not_picked":["Lockon","Conserve Battery","Gash"],"picked":"SKIP","floor":13},{"not_picked":["Lockon","Barrage"],"picked":"Defragment","floor":14},{"not_picked":["Buffer","Multi-Cast"],"picked":"Electrodynamics","floor":16},{"not_picked":["Gash","Undo","Consume"],"picked":"SKIP","floor":18},{"not_picked":["Leap","Stack"],"picked":"Creative AI","floor":20},{"not_picked":["Auto Shields","Go for the Eyes"],"picked":"Chill+1","floor":22},{"not_picked":["Reinforced Body+1","Leap"],"picked":"Cold Snap","floor":24},{"not_picked":["Compile Driver","Beam Cell","Barrage"],"picked":"SKIP","floor":28},{"not_picked":["Barrage","Leap","Compile Driver+1"],"picked":"SKIP","floor":29}],"player_experience":344219,"relics_obtained":[{"floor":6,"key":"Bottled Flame"},{"floor":9,"key":"Unceasing Top"},{"floor":13,"key":"MawBank"},{"floor":26,"key":"Bronze Scales"},{"floor":30,"key":"Potion Belt"}],"event_choices":[{"damage_healed":0,"gold_gain":175,"player_choice":"AGREE","damage_taken":0,"max_hp_gain":0,"max_hp_loss":0,"event_name":"Liars Game","floor":2,"gold_loss":0,"cards_obtained":["Doubt"]},{"damage_healed":0,"gold_gain":0,"player_choice":"Grow","damage_taken":0,"max_hp_gain":0,"max_hp_loss":0,"event_name":"Living Wall","floor":4,"gold_loss":0,"cards_upgraded":["Apotheosis"]},{"damage_healed":0,"gold_gain":0,"player_choice":"Lose Max HP","damage_taken":0,"relics_obtained":["Golden Idol"],"max_hp_gain":0,"max_hp_loss":6,"event_name":"Golden Idol","floor":5,"gold_loss":0},{"damage_healed":0,"gold_gain":0,"player_choice":"Forge","damage_taken":0,"max_hp_gain":0,"max_hp_loss":0,"event_name":"Accursed Blacksmith","floor":11,"gold_loss":0,"cards_upgraded":["Go for the Eyes"]}],"is_beta":false,"boss_relics":[{"not_picked":["Runic Pyramid","Cursed Key"],"picked":"Nuclear Battery"}],"items_purged_floors":[3,27],"is_endless":false,"potions_floor_spawned":[13,14,16,22,29],"killed_by":"Collector","ascension_level":13}