{"path_per_floor":["M","M","?","?","M","R","E","M","T","M","$","R","M","M","R","B",null,"M","M","?","M","M","R","$","R","T","R","M","?","M","?","R","B",null,"M","?","M","$","?","R","?","M","T","$","R","M","?","M","R","B"],"character_chosen":"THE_SILENT","items_purchased":["Noxious Fumes","Catalyst","Singing Bowl","Juzu Bracelet"],"gold_per_floor":[112,129,129,129,145,145,178,193,193,206,64,64,81,94,94,191,191,206,220,220,234,248,248,148,148,197,197,215,215,233,233,233,332,332,343,689,700,238,238,238,238,257,257,107,107,118,118,132,132,132],"floor_reached":51,"campfire_rested":4,"playtime":7656,"item_purchase_floors":[],"current_hp_per_floor":[70,56,44,44,44,65,43,40,40,40,40,40,25,25,46,35,70,58,53,53,48,45,45,45,45,45,45,45,29,29,29,50,16,70,70,62,60,60,60,60,56,58,58,58,58,57,57,47,71,55],"items_purged":["Strike_G","Normality","Strike_G","Strike_G"],"gold":132,"score":745,"play_id":"63378d3a-6908-48a8-9cfd-b500c6c22def","local_time":"20180617221202","is_prod":false,"is_daily":false,"chose_seed":false,"is_ascension_mode":true,"campfire_upgraded":6,"win_rate":0,"timestamp":1529291522,"campfire_choices":[{"floor":6.0,"key":"REST"},{"data":"Noxious Fumes","floor":12.0,"key":"SMITH"},{"floor":15.0,"key":"REST"},{"data":"Adrenaline","floor":23,"key":"SMITH"},{"data":"Footwork","floor":25,"key":"SMITH"},{"data":"Neutralize","floor":27,"key":"SMITH"},{"floor":32,"key":"REST"},{"data":"Catalyst","floor":40,"key":"SMITH"},{"data":"PiercingWail","floor":45,"key":"SMITH"},{"floor":49,"key":"REST"}],"path_taken":["M","M","?","?","M","R","E","M","T","M","$","R","M","M","R","BOSS","M","M","?","?","M","R","$","R","T","R","M","?","?","?","R","BOSS","M","?","M","$","?","R","?","M","T","$","R","M","?","M","R","BOSS"],"build_version":"2018-06-14v2","seed_source_timestamp":0,"purchased_purges":4,"victory":true,"master_deck":["Defend_G","Defend_G","Defend_G","Defend_G","Survivor","Neutralize+1","Escape Plan+1","PiercingWail+1","Footwork+1","Deadly Poison","Noxious Fumes+1","Backstab+1","Escape Plan","Adrenaline+1","Deadly Poison","Dodge and Roll","Dodge and Roll+1","Deadly Poison","Deadly Poison","Backstab+1","Catalyst+1","Terror+1","Blur"],"max_hp_per_floor":[70,70,70,70,70,70,70,70,70,70,70,70,70,70,70,70,70,70,70,70,70,70,70,70,70,70,70,70,70,70,70,70,70,70,70,70,70,70,70,70,76,78,78,78,78,80,80,80,80,80],"special_seed":0,"relics":["Ring of the Snake","War Paint","Molten Egg 2","Bag of Preparation","Orrery","Bronze Scales","Lantern","Nilry\u0027s Codex","Busted Crown","Old Coin","Singing Bowl","Juzu Bracelet","Tough Bandages","Turnip"],"card_choices":[{"not_picked":["Predator","Deflect"],"picked":"Escape Plan","floor":1.0},{"not_picked":["Malaise","Distraction","Eviscerate"],"picked":"SKIP","floor":2.0},{"not_picked":["Acrobatics","Poisoned Stab"],"picked":"PiercingWail","floor":5.0},{"not_picked":["Bane","Quick Slash","Malaise"],"picked":"SKIP","floor":7.0},{"not_picked":["Poisoned Stab+1","Setup"],"picked":"Footwork","floor":8.0},{"not_picked":["Setup","Sucker Punch+1"],"picked":"Deadly Poison","floor":10.0},{"not_picked":["Riddle With Holes+1","Distraction"],"picked":"Backstab+1","floor":13.0},{"not_picked":["Acrobatics","Poisoned Stab+1"],"picked":"Escape Plan","floor":14.0},{"not_picked":["Glass Knife+1","Bullet Time"],"picked":"Adrenaline","floor":16.0},{"not_picked":["Backflip","Skewer+1"],"picked":"Deadly Poison","floor":17},{"not_picked":["All Out Attack+1","Skewer+1"],"picked":"Dodge and Roll","floor":17},{"not_picked":["Flying Knee+1","Dagger Spray+1"],"picked":"Dodge and Roll+1","floor":18},{"not_picked":["Deflect","Flying Knee+1"],"picked":"Deadly Poison","floor":19},{"not_picked":["PiercingWail","Skewer+1","Flechettes+1"],"picked":"SKIP","floor":21},{"not_picked":["Dagger Spray+1","Heel Hook+1","Quick Slash+1"],"picked":"SKIP","floor":22},{"not_picked":["Underhanded Strike+1","Quick Slash+1"],"picked":"Deadly Poison","floor":28},{"not_picked":["Masterful Stab+1","Grand Finale+1"],"picked":"Backstab+1","floor":30},{"not_picked":["Sucker Punch+1"],"picked":"SKIP","floor":35},{"not_picked":["Escape Plan"],"picked":"SKIP","floor":37},{"not_picked":["Trip"],"picked":"Singing Bowl","floor":41},{"not_picked":["Trip"],"picked":"Singing Bowl","floor":41},{"not_picked":["Dramatic Entrance+1"],"picked":"Singing Bowl","floor":41},{"not_picked":["Quick Slash+1"],"picked":"Singing Bowl","floor":42},{"not_picked":["Acrobatics+1"],"picked":"Singing Bowl","floor":46},{"not_picked":[],"picked":"Terror+1","floor":47},{"not_picked":[],"picked":"Blur","floor":48}],"player_experience":191135,"potions_floor_usage":[22,30,33,33,42,47,50,50],"damage_taken":[{"damage":0.0,"enemies":"2 Louse","floor":1.0,"turns":3.0},{"damage":14.0,"enemies":"Small Slimes","floor":2.0,"turns":5.0},{"damage":0.0,"enemies":"Cultist","floor":5.0,"turns":5.0},{"damage":22.0,"enemies":"3 Sentries","floor":7.0,"turns":15.0},{"damage":3.0,"enemies":"Lots of Slimes","floor":8.0,"turns":5.0},{"damage":0.0,"enemies":"Blue Slaver","floor":10.0,"turns":6.0},{"damage":15.0,"enemies":"Gremlin Gang","floor":13.0,"turns":6.0},{"damage":0.0,"enemies":"Looter","floor":14.0,"turns":4.0},{"damage":11.0,"enemies":"The Guardian","floor":16.0,"turns":11.0},{"damage":12,"enemies":"Spheric Guardian","floor":18,"turns":5},{"damage":5,"enemies":"3 Byrds","floor":19,"turns":6},{"damage":5,"enemies":"Snake Plant","floor":21,"turns":4},{"damage":3,"enemies":"Sentry and Sphere","floor":22,"turns":6},{"damage":0,"enemies":"Centurion and Healer","floor":28,"turns":8},{"damage":0,"enemies":"Cultist and Chosen","floor":30,"turns":5},{"damage":34,"enemies":"Collector","floor":33,"turns":7},{"damage":0,"enemies":"3 Shapes","floor":35,"turns":5},{"damage":8,"floor":36,"turns":7},{"damage":2,"enemies":"Orb Walker","floor":37,"turns":4},{"damage":0,"enemies":"4 Shapes","floor":42,"turns":7},{"damage":3,"enemies":"Sphere and 2 Shapes","floor":46,"turns":5},{"damage":0,"floor":47,"turns":6},{"damage":10,"enemies":"Maw","floor":48,"turns":6},{"damage":16,"enemies":"Donu and Deca","floor":50,"turns":10}],"relics_obtained":[{"floor":7.0,"key":"Molten Egg 2"},{"floor":9.0,"key":"Bag of Preparation"},{"floor":26,"key":"Lantern"},{"floor":29,"key":"Nilry\u0027s Codex"},{"floor":36,"key":"Old Coin"},{"floor":43,"key":"Tough Bandages"},{"floor":47,"key":"Turnip"}],"event_choices":[{"event_name":"Scrap Ooze","player_choice":"success","floor":3.0,"damage_taken":12.0},{"event_name":"Purifier","player_choice":"One Purge","floor":4.0,"damage_taken":0.0},{"event_name":"Accursed Blacksmith","player_choice":"Rummage","floor":20,"damage_taken":0},{"event_name":"Cursed Tome","player_choice":"Obtained Book","floor":29,"damage_taken":0},{"event_name":"Back to Basics","player_choice":"Elegance","floor":31,"damage_taken":0},{"event_name":"Mysterious Sphere","player_choice":"Fight","floor":36,"damage_taken":0},{"event_name":"Falling","player_choice":"Removed Skill","floor":39,"damage_taken":0},{"event_name":"SensoryStone","player_choice":"Memory 3","floor":41,"damage_taken":0},{"event_name":"MindBloom","player_choice":"Fight","floor":47,"damage_taken":0}],"boss_relics":[{"not_picked":["Eternal Feather","Runic Dome"],"picked":"Orrery"},{"not_picked":["Snecko Eye","Velvet Choker"],"picked":"Busted Crown"}],"items_purged_floors":[],"is_endless":false,"potions_floor_spawned":[1,7,10,13,18,22,28,30,35,37,42],"seed_played":"-3161101111928366627","ascension_level":3,"potions_obtained":[{"floor":1.0,"key":"PowerPotion"},{"floor":7.0,"key":"AttackPotion"},{"floor":10.0,"key":"Swift Potion"},{"floor":13.0,"key":"AttackPotion"},{"floor":18,"key":"PowerPotion"},{"floor":22,"key":"AttackPotion"},{"floor":28,"key":"Ancient Potion"},{"floor":30,"key":"Explosive Potion"},{"floor":35,"key":"Fire Potion"},{"floor":37,"key":"PowerPotion"},{"floor":42,"key":"Weak Potion"}],"is_trial":false}