{"gold_per_floor":[110,110,110,110,130,162,162,177,177,177,177,231,231,91,91,91],"floor_reached":16,"playtime":457,"items_purged":[],"score":96,"play_id":"aa53c262-1b93-4f55-8a4d-0c8768d83134","local_time":"20190214221618","is_ascension_mode":false,"campfire_choices":[{"floor":7,"key":"REST"},{"floor":10,"key":"RECALL"},{"floor":15,"key":"REST"}],"neow_cost":"NONE","seed_source_timestamp":12926494612529,"circlet_count":0,"master_deck":["Strike_R","Strike_R","Strike_R","Strike_R","Strike_R","Defend_R","Defend_R","Defend_R","Defend_R","Bash","Heavy Blade","Regret","Pommel Strike","Anger","Dropkick","Shrug It Off","Finesse"],"relics":["Burning Blood","Blood Vial","Self Forming Clay","Bottled Lightning","Strawberry","Art of War","Golden Idol"],"potions_floor_usage":[16],"damage_taken":[{"damage":4,"enemies":"2 Louse","floor":1,"turns":3},{"damage":9,"enemies":"Jaw Worm","floor":5,"turns":3},{"damage":31,"enemies":"Gremlin Nob","floor":6,"turns":5},{"damage":0,"enemies":"Small Slimes","floor":8,"turns":2},{"damage":84,"enemies":"The Guardian","floor":16,"turns":11}],"seed_played":"6524268646604008804","potions_obtained":[{"floor":5,"key":"FearPotion"}],"is_trial":false,"path_per_floor":["M","?","$","?","M","E","R","M","T","R","?","T","?","$","R","B"],"character_chosen":"IRONCLAD","items_purchased":["Shrug It Off","Finesse"],"campfire_rested":2,"item_purchase_floors":[14,14],"current_hp_per_floor":[80,80,80,80,77,54,78,80,80,80,62,62,41,41,67,0],"gold":91,"neow_bonus":"RANDOM_COMMON_RELIC","is_prod":false,"is_daily":false,"chose_seed":false,"campfire_upgraded":0,"win_rate":0,"timestamp":1550200578,"path_taken":["M","?","$","?","M","E","R","M","T","R","?","?","?","?","R","BOSS"],"build_version":"2019-01-23","purchased_purges":0,"victory":false,"max_hp_per_floor":[80,80,80,80,80,80,80,80,80,80,87,87,87,87,87,87],"card_choices":[{"not_picked":["Warcry","Body Slam"],"picked":"Heavy Blade","floor":1},{"not_picked":["Heavy Blade","Shockwave"],"picked":"Pommel Strike","floor":5},{"not_picked":["Corruption","Warcry"],"picked":"Anger","floor":6},{"not_picked":["Seeing Red","Anger"],"picked":"Dropkick","floor":8}],"player_experience":42751,"relics_obtained":[{"floor":6,"key":"Bottled Lightning"},{"floor":12,"key":"Art of War"}],"event_choices":[{"damage_healed":0,"gold_gain":0,"player_choice":"Ignored","damage_taken":0,"max_hp_gain":0,"max_hp_loss":0,"event_name":"Liars Game","floor":2,"gold_loss":0},{"damage_healed":0,"gold_gain":0,"player_choice":"Box","damage_taken":0,"relics_obtained":["Self Forming Clay"],"max_hp_gain":0,"max_hp_loss":0,"event_name":"Big Fish","floor":4,"gold_loss":0,"cards_obtained":["Regret"]},{"damage_healed":0,"gold_gain":0,"player_choice":"Success","damage_taken":25,"relics_obtained":["Strawberry"],"max_hp_gain":0,"max_hp_loss":0,"event_name":"Scrap Ooze","floor":11,"gold_loss":0},{"damage_healed":0,"gold_gain":0,"player_choice":"Take Damage","damage_taken":21,"relics_obtained":["Golden Idol"],"max_hp_gain":0,"max_hp_loss":0,"event_name":"Golden Idol","floor":13,"gold_loss":0}],"is_beta":false,"boss_relics":[],"items_purged_floors":[],"is_endless":false,"potions_floor_spawned":[5],"killed_by":"The Guardian","ascension_level":0}