{"path_per_floor":["M","?","M","?","$","R","E","M","T","E","R","M","R","M","R","B",null,"M","M","?","?","M","R"],"character_chosen":"THE_SILENT","items_purchased":["Envenom"],"gold_per_floor":[219,219,230,230,73,73,99,112,165,195,195,212,212,223,223,327,327,337,317,417,417,437,437,437],"floor_reached":24,"campfire_rested":1,"playtime":2152,"item_purchase_floors":[],"current_hp_per_floor":[70,70,70,56,56,56,46,44,44,42,42,41,41,41,41,43,70,70,56,56,43,28,50,0],"items_purged":["Defend_G"],"gold":437,"score":256,"play_id":"7893e4dd-0850-4024-9357-1cd7274656cd","local_time":"20180609094032","is_prod":false,"is_daily":false,"chose_seed":false,"is_ascension_mode":false,"campfire_upgraded":4,"win_rate":0.0,"timestamp":1528555232,"campfire_choices":[{"data":"Envenom","floor":6.0,"key":"SMITH"},{"data":"Choke","floor":11.0,"key":"SMITH"},{"data":"Tools of the Trade","floor":13.0,"key":"SMITH"},{"data":"Poisoned Stab","floor":15.0,"key":"SMITH"},{"floor":23,"key":"REST"}],"path_taken":["M","?","?","?","$","R","E","M","T","E","R","M","R","M","R","BOSS","M","M","?","?","M","R","E"],"build_version":"2018-06-07v3","seed_source_timestamp":0,"purchased_purges":1,"victory":false,"master_deck":["Defend_G+1","Strike_G","Strike_G","Strike_G","Strike_G","Strike_G","Survivor+1","Neutralize","Deflect","Neutralize+1","Poisoned Stab+1","Finisher","Envenom+1","Tools of the Trade+1","Choke+1","Blade Dance","After Image","Underhanded Strike+1","Quick Slash+1","Blur+1","Prepared+1","Terror+1","Backflip"],"max_hp_per_floor":[70,70,70,70,70,70,70,70,70,70,70,70,70,70,70,70,70,70,70,70,75,75,75,75],"relics":["Ring of the Snake","Happy Flower","War Paint","Blood Vial","Astrolabe"],"card_choices":[{"not_picked":["Bane","Dagger Throw"],"picked":"Deflect","floor":1.0},{"not_picked":["PiercingWail","Riddle With Holes"],"picked":"Finisher","floor":3.0},{"not_picked":["Masterful Stab","Eviscerate"],"picked":"Tools of the Trade","floor":7.0},{"not_picked":["Quick Slash","Outmaneuver","Flying Knee"],"picked":"SKIP","floor":8.0},{"not_picked":["Prepared","Dagger Throw"],"picked":"Choke","floor":10.0},{"not_picked":["Flying Knee","Choke"],"picked":"Blade Dance","floor":12.0},{"not_picked":["Eviscerate","PiercingWail","Underhanded Strike"],"picked":"SKIP","floor":14.0},{"not_picked":["Tools of the Trade","Burst"],"picked":"After Image","floor":16.0},{"not_picked":["PiercingWail","Choke"],"picked":"Prepared+1","floor":18},{"not_picked":["Dodge and Roll+1","Bouncing Flask"],"picked":"Terror+1","floor":19},{"not_picked":["Expertise","Deadly Poison"],"picked":"Backflip","floor":22}],"player_experience":131030,"potions_floor_usage":[19,22,22,24,24],"damage_taken":[{"damage":0.0,"enemies":"Jaw Worm","floor":1.0,"turns":6.0},{"damage":0.0,"enemies":"Cultist","floor":3.0,"turns":4.0},{"damage":10.0,"enemies":"Gremlin Nob","floor":7.0,"turns":4.0},{"damage":2.0,"enemies":"2 Louse","floor":8.0,"turns":3.0},{"damage":2.0,"enemies":"Lagavulin","floor":10.0,"turns":6.0},{"damage":3.0,"enemies":"Lots of Slimes","floor":12.0,"turns":5.0},{"damage":2.0,"enemies":"2 Fungi Beasts","floor":14.0,"turns":3.0},{"damage":0.0,"enemies":"Slime Boss","floor":16.0,"turns":6.0},{"damage":0,"enemies":"3 Byrds","floor":18,"turns":5},{"damage":14,"enemies":"2 Thieves","floor":19,"turns":4},{"damage":17,"enemies":"Snake Plant","floor":22,"turns":4},{"damage":59,"enemies":"Gremlin Leader","floor":24,"turns":4}],"relics_obtained":[{"floor":7.0,"key":"Happy Flower"},{"floor":9.0,"key":"War Paint"},{"floor":10.0,"key":"Blood Vial"}],"event_choices":[{"event_name":"Match and Keep!","player_choice":"2 cards matched","floor":2.0,"damage_taken":0.0},{"event_name":"Shining Light","player_choice":"Entered Light","floor":4.0,"damage_taken":0.0},{"event_name":"Golden Shrine","player_choice":"Pray","floor":20,"damage_taken":0},{"event_name":"Forgotten Altar","player_choice":"Shed Blood","floor":21,"damage_taken":0}],"boss_relics":[{"not_picked":["Calling Bell","Snecko Eye"],"picked":"Astrolabe"}],"items_purged_floors":[],"potions_floor_spawned":[7,12,14,19,22],"seed_played":"652554797176083043","killed_by":"Gremlin Leader","ascension_level":0,"potions_obtained":[{"floor":7.0,"key":"SkillPotion"},{"floor":12.0,"key":"Weak Potion"},{"floor":14.0,"key":"EssenceOfSteel"},{"floor":19,"key":"Weak Potion"},{"floor":22,"key":"EssenceOfSteel"}],"is_trial":false}