{"gold_per_floor":[118,118,128,128,78,78,147,162,162,17,17,44,44,59,59,158,158,173,183,183,213,4,4,16,16,16,16,16,28,43,43,43,43],"floor_reached":33,"playtime":720,"items_purged":[],"score":243,"play_id":"2a25d100-7400-4f2d-a2d5-d6a2fb13fba2","local_time":"20190215151849","is_ascension_mode":false,"campfire_choices":[{"data":"Envenom","floor":6,"key":"SMITH"},{"data":"Footwork","floor":11,"key":"SMITH"},{"data":"Neutralize","floor":15,"key":"SMITH"},{"floor":23,"key":"REST"},{"floor":28,"key":"REST"},{"floor":32,"key":"REST"}],"neow_cost":"NONE","seed_source_timestamp":12673642437010,"circlet_count":0,"master_deck":["Defend_G","Defend_G","Defend_G","Defend_G","Defend_G","Strike_G","Strike_G","Survivor","Neutralize+1","Envenom+1","Dagger Spray","Footwork+1","Footwork+1","Slice","Envenom","Dagger Spray","Slice+1","Slice","Escape Plan","Masterful Stab","Flying Knee","Blade Dance","Leg Sweep","Shame"],"relics":["Ring of the Snake","Bottled Tornado","Shuriken","PreservedInsect","The Specimen","Sozu","Red Mask","Juzu Bracelet","Nunchaku","Art of War"],"potions_floor_usage":[21],"damage_taken":[{"damage":2,"enemies":"Cultist","floor":1,"turns":5},{"damage":0,"enemies":"Small Slimes","floor":3,"turns":3},{"damage":0,"enemies":"2 Louse","floor":8,"turns":2},{"damage":28,"enemies":"Gremlin Nob","floor":12,"turns":4},{"damage":0,"enemies":"Looter","floor":14,"turns":4},{"damage":1,"enemies":"The Guardian","floor":16,"turns":13},{"damage":20,"enemies":"2 Thieves","floor":18,"turns":4},{"damage":0,"enemies":"Chosen","floor":19,"turns":6},{"damage":44,"enemies":"Masked Bandits","floor":21,"turns":4},{"damage":9,"enemies":"Centurion and Healer","floor":24,"turns":5},{"damage":12,"enemies":"3 Cultists","floor":29,"turns":4},{"damage":21,"enemies":"Cultist and Chosen","floor":30,"turns":6},{"damage":27,"enemies":"Collector","floor":33,"turns":2}],"seed_played":"8703342448151138330","potions_obtained":[{"floor":14,"key":"Ancient Potion"}],"is_trial":false,"path_per_floor":["M","$","M","?","?","R","T","M","T","$","R","E","?","M","R","B",null,"M","M","?","?","$","R","M","?","T","$","R","M","M","?","R","B"],"character_chosen":"THE_SILENT","items_purchased":["PreservedInsect","Juzu Bracelet","Slice"],"campfire_rested":3,"item_purchase_floors":[10,22,22],"current_hp_per_floor":[68,68,68,68,68,68,68,68,68,68,68,40,70,70,70,69,70,50,50,50,6,6,27,18,18,18,18,39,27,6,6,27,0],"gold":43,"neow_bonus":"ONE_RANDOM_RARE_CARD","is_prod":false,"is_daily":false,"chose_seed":false,"campfire_upgraded":3,"win_rate":0,"timestamp":1550265529,"path_taken":["M","?","M","?","?","R","?","?","T","$","R","E","?","M","R","BOSS","M","M","?","?","$","R","M","?","T","?","R","M","M","?","R","BOSS"],"build_version":"2019-01-23","purchased_purges":0,"victory":false,"max_hp_per_floor":[70,70,70,70,70,70,70,70,70,70,70,70,70,70,70,70,70,70,70,70,70,70,70,70,70,70,70,70,70,70,70,70,70],"card_choices":[{"not_picked":["PiercingWail","Prepared"],"picked":"Dagger Spray","floor":1},{"not_picked":["Deflect","Quick Slash"],"picked":"Footwork","floor":3},{"not_picked":["PiercingWail","Flying Knee"],"picked":"Footwork","floor":8},{"not_picked":["Well Laid Plans","Bane"],"picked":"Predator","floor":12},{"not_picked":["Outmaneuver","Masterful Stab"],"picked":"Slice","floor":14},{"not_picked":["Storm of Steel","After Image"],"picked":"Envenom","floor":16},{"not_picked":["Quick Slash+1","Concentrate"],"picked":"Dagger Spray","floor":18},{"not_picked":["PiercingWail","Deadly Poison"],"picked":"Slice+1","floor":19},{"not_picked":["Finisher+1","Bane"],"picked":"Escape Plan","floor":24},{"not_picked":["Acrobatics+1","Underhanded Strike"],"picked":"Blade Dance","floor":29},{"not_picked":["Acrobatics","Distraction+1"],"picked":"Leg Sweep","floor":30}],"player_experience":828030,"relics_obtained":[{"floor":7,"key":"Bottled Tornado"},{"floor":9,"key":"Shuriken"},{"floor":12,"key":"The Specimen"},{"floor":21,"key":"Red Mask"},{"floor":26,"key":"Nunchaku"}],"event_choices":[{"damage_healed":0,"gold_gain":0,"player_choice":"Grow","damage_taken":0,"max_hp_gain":0,"max_hp_loss":0,"event_name":"Living Wall","floor":4,"gold_loss":0,"cards_upgraded":["Footwork"]},{"cards_removed":["Strike_G"],"damage_healed":0,"gold_gain":0,"player_choice":"Card Removal","damage_taken":0,"max_hp_gain":0,"max_hp_loss":0,"event_name":"The Cleric","floor":5,"gold_loss":50},{"cards_removed":["Predator"],"damage_healed":30,"gold_gain":0,"player_choice":"Offered Uncommon","damage_taken":0,"max_hp_gain":0,"max_hp_loss":0,"event_name":"Bonfire Elementals","floor":13,"gold_loss":0},{"damage_healed":0,"gold_gain":0,"player_choice":"Ignored","damage_taken":0,"max_hp_gain":0,"max_hp_loss":0,"event_name":"Vampires","floor":20,"gold_loss":0},{"damage_healed":0,"gold_gain":0,"player_choice":"Fought Bandits","damage_taken":0,"max_hp_gain":0,"max_hp_loss":0,"event_name":"Masked Bandits","floor":21,"gold_loss":0},{"damage_healed":0,"gold_gain":0,"cards_transformed":["Strike_G","Strike_G"],"player_choice":"Became Test Subject","damage_taken":0,"max_hp_gain":0,"max_hp_loss":0,"event_name":"Drug Dealer","floor":25,"gold_loss":0,"cards_obtained":["Masterful Stab","Flying Knee"]},{"damage_healed":0,"gold_gain":0,"player_choice":"Stole Relic","damage_taken":0,"relics_obtained":["Art of War"],"max_hp_gain":0,"max_hp_loss":0,"event_name":"Addict","floor":31,"gold_loss":0,"cards_obtained":["Shame"]}],"is_beta":false,"boss_relics":[{"not_picked":["Calling Bell","Ring of the Serpent"],"picked":"Sozu"}],"items_purged_floors":[],"is_endless":false,"potions_floor_spawned":[14,19,21,29],"killed_by":"Collector","ascension_level":0}