{"gold_per_floor":[364,364,34,34,34,34,68,68,118,118,141,45,61,11,11,140,140,163,288,301,301,314,314,160,200,281,316,316,35,35,55,55,186,186,210,1209,236,236,251,251,76,76,158,158,172,512,512,35,35,35,35,35,35,76,76],"floor_reached":56,"playtime":1698,"items_purged":["Regret","Strike_R","Strike_R","Normality","Normality","Strike_R"],"score":1778,"play_id":"d4f9ca86-cc29-4fb0-9152-1ac9623a9a92","local_time":"20190202004909","is_ascension_mode":true,"campfire_choices":[{"data":"Apotheosis","floor":6.0,"key":"SMITH"},{"data":"Entrench","floor":8.0,"key":"SMITH"},{"data":"Warcry","floor":10.0,"key":"SMITH"},{"data":"Spot Weakness","floor":15.0,"key":"SMITH"},{"data":"Ghostly Armor","floor":23.0,"key":"SMITH"},{"data":"Limit Break","floor":28,"key":"SMITH"},{"data":"True Grit","floor":30,"key":"SMITH"},{"data":"Battle Trance","floor":32,"key":"SMITH"},{"data":"Defend_R","floor":40,"key":"SMITH"},{"data":"Defend_R","floor":42,"key":"SMITH"},{"data":"Defend_R","floor":44,"key":"SMITH"},{"floor":49,"key":"RECALL"},{"data":"Iron Wave","floor":52,"key":"SMITH"}],"neow_cost":"PERCENT_DAMAGE","seed_source_timestamp":343375979175990,"circlet_count":0,"master_deck":["Strike_R","Defend_R","Defend_R+1","Defend_R+1","Defend_R+1","Bash","Entrench+1","Apotheosis+1","Battle Trance+1","Warcry+1","Sword Boomerang","Spot Weakness+1","Iron Wave+1","Limit Break+1","Disarm+1","Ghostly Armor+1","True Grit+1","Inflame+1","Shrug It Off+1","Warcry+1","Uppercut+1","Ghostly Armor+1"],"special_seed":0,"relics":["Burning Blood","Pocketwatch","Golden Idol","Vajra","Coffee Dripper","Incense Burner","Singing Bowl","Oddly Smooth Stone","Toxic Egg 2","Mummified Hand","Anchor","Busted Crown","Calipers","Art of War","Frozen Eye","Question Card","Old Coin","ClockworkSouvenir","Torii"],"potions_floor_usage":[55,55],"damage_taken":[{"damage":11.0,"enemies":"Small Slimes","floor":1.0,"turns":5.0},{"damage":12.0,"enemies":"3 Sentries","floor":7.0,"turns":11.0},{"damage":0.0,"enemies":"2 Louse","floor":11.0,"turns":3.0},{"damage":0.0,"enemies":"Cultist","floor":13.0,"turns":2.0},{"damage":5.0,"enemies":"The Guardian","floor":16.0,"turns":11.0},{"damage":1.0,"enemies":"3 Byrds","floor":18.0,"turns":4.0},{"damage":18.0,"enemies":"Colosseum Slavers","floor":19.0,"turns":4.0},{"damage":23.0,"enemies":"Colosseum Nobs","floor":19.0,"turns":4.0},{"damage":1.0,"enemies":"Spheric Guardian","floor":20.0,"turns":3.0},{"damage":8.0,"enemies":"Centurion and Healer","floor":22.0,"turns":5.0},{"damage":0.0,"enemies":"Book of Stabbing","floor":25.0,"turns":5.0},{"damage":17.0,"enemies":"Slavers","floor":27.0,"turns":5.0},{"damage":17,"enemies":"Snecko","floor":31,"turns":4},{"damage":21,"enemies":"Collector","floor":33,"turns":7},{"damage":10,"enemies":"3 Darklings","floor":35,"turns":4},{"damage":0,"enemies":"3 Shapes","floor":39,"turns":3},{"damage":0,"enemies":"3 Darklings","floor":45,"turns":4},{"damage":0,"enemies":"Giant Head","floor":46,"turns":6},{"damage":10,"enemies":"Donu and Deca","floor":50,"turns":10},{"damage":18,"enemies":"Shield and Spear","floor":54,"turns":8},{"damage":51,"enemies":"The Heart","floor":55,"turns":10}],"seed_played":"3305528770896811599","potions_obtained":[{"floor":1.0,"key":"SpeedPotion"},{"floor":20.0,"key":"SmokeBomb"},{"floor":31,"key":"Poison Potion"}],"is_trial":false,"path_per_floor":["M","?","$","?","?","R","E","R","T","R","M","$","M","?","R","B",null,"M","?","M","?","M","R","$","E","T","E","R","$","R","M","R","B",null,"M","?","$","?","M","R","$","R","T","R","M","E","?","$","R","B",null,"R","$","E","B",null],"character_chosen":"IRONCLAD","items_purchased":["Apotheosis","Battle Trance","Warcry","Spot Weakness","Iron Wave","True Grit","Anchor","Calipers","Warcry+1","LiquidBronze","Ancient Potion","Art of War","Frozen Eye","ClockworkSouvenir","Ghostly Armor+1"],"campfire_rested":0,"item_purchase_floors":[3,3,3,12,12,24,29,37,37,37,37,37,37,48,48],"current_hp_per_floor":[46,46,46,46,46,46,40,40,40,40,46,46,52,52,52,53,69,74,47,54,54,52,52,52,60,60,49,49,49,49,40,40,27,70,66,66,66,68,76,76,76,76,76,76,82,90,90,90,90,86,89,89,89,79,34],"gold":76,"neow_bonus":"TWO_FIFTY_GOLD","is_prod":false,"is_daily":false,"chose_seed":false,"campfire_upgraded":12,"win_rate":0,"timestamp":1549079349,"path_taken":["M","?","$","?","?","R","E","R","T","R","M","$","M","?","R","BOSS","M","?","M","?","?","R","$","E","T","E","R","$","R","M","R","BOSS","M","?","$","?","M","R","?","R","T","R","M","E","?","$","R","BOSS","R","$","E","BOSS"],"build_version":"2018-11-15","purchased_purges":6,"victory":true,"max_hp_per_floor":[80,80,80,80,74,74,74,74,74,74,74,74,74,74,74,74,74,74,76,78,78,78,78,78,80,80,80,80,80,80,82,82,84,84,84,84,84,86,88,88,88,88,88,88,88,90,90,90,90,90,90,90,90,92,92],"card_choices":[{"not_picked":["Clash","Fire Breathing"],"picked":"Entrench","floor":1.0},{"not_picked":["Clash","Twin Strike"],"picked":"Sword Boomerang","floor":7.0},{"not_picked":["Power Through","Wild Strike","Twin Strike"],"picked":"SKIP","floor":11.0},{"not_picked":["Wild Strike","Reckless Charge"],"picked":"Pummel","floor":13.0},{"not_picked":["Exhume","Immolate"],"picked":"Limit Break","floor":16.0},{"not_picked":["Pommel Strike","Sever Soul+1"],"picked":"Disarm+1","floor":18.0},{"not_picked":["Twin Strike+1","Carnage","Havoc+1"],"picked":"Singing Bowl","floor":19.0},{"not_picked":["Whirlwind","Carnage","Rupture"],"picked":"Singing Bowl","floor":20.0},{"not_picked":["Iron Wave","Sword Boomerang"],"picked":"Ghostly Armor","floor":22.0},{"not_picked":["Headbutt","Spot Weakness+1","Infernal Blade"],"picked":"Singing Bowl","floor":25.0},{"not_picked":["Thunderclap","Demon Form"],"picked":"Inflame+1","floor":27.0},{"not_picked":["Infernal Blade+1","Dual Wield+1","Pommel Strike"],"picked":"Singing Bowl","floor":31},{"not_picked":["Immolate","Brutality","Dark Embrace"],"picked":"Singing Bowl","floor":33},{"not_picked":[],"picked":"Shrug It Off+1","floor":35},{"not_picked":["Swift Strike"],"picked":"Singing Bowl","floor":38},{"not_picked":["Infernal Blade+1"],"picked":"Singing Bowl","floor":39},{"not_picked":["Headbutt+1"],"picked":"Uppercut+1","floor":45},{"not_picked":["Pommel Strike+1","Perfected Strike"],"picked":"Singing Bowl","floor":46},{"not_picked":["Clash","Flex+1"],"picked":"Singing Bowl","floor":54}],"player_experience":67341,"relics_obtained":[{"floor":7.0,"key":"Vajra"},{"floor":19.0,"key":"Incense Burner"},{"floor":19.0,"key":"Singing Bowl"},{"floor":25.0,"key":"Oddly Smooth Stone"},{"floor":26.0,"key":"Toxic Egg 2"},{"floor":27.0,"key":"Mummified Hand"},{"floor":43,"key":"Question Card"},{"floor":46,"key":"Old Coin"},{"floor":54,"key":"Torii"}],"event_choices":[{"damage_healed":0.0,"max_hp_gain":0.0,"max_hp_loss":0.0,"gold_gain":0.0,"event_name":"Big Fish","player_choice":"Box","floor":2.0,"gold_loss":0.0,"damage_taken":0.0,"relics_obtained":["Pocketwatch"],"cards_obtained":["Regret"]},{"damage_healed":0.0,"max_hp_gain":0.0,"max_hp_loss":0.0,"gold_gain":0.0,"event_name":"Liars Game","player_choice":"Ignored","floor":4.0,"gold_loss":0.0,"damage_taken":0.0},{"damage_healed":0.0,"max_hp_gain":0.0,"max_hp_loss":6.0,"gold_gain":0.0,"event_name":"Golden Idol","player_choice":"Lose Max HP","floor":5.0,"gold_loss":0.0,"damage_taken":0.0,"relics_obtained":["Golden Idol"]},{"cards_removed":["Strike_R"],"damage_healed":0.0,"max_hp_gain":0.0,"max_hp_loss":0.0,"gold_gain":0.0,"event_name":"The Cleric","player_choice":"Card Removal","floor":14.0,"gold_loss":50.0,"damage_taken":0.0},{"damage_healed":0.0,"max_hp_gain":0.0,"max_hp_loss":0.0,"gold_gain":0.0,"event_name":"Colosseum","player_choice":"Fight","floor":19.0,"gold_loss":0.0,"damage_taken":0.0},{"damage_healed":0.0,"max_hp_gain":0.0,"max_hp_loss":0.0,"gold_gain":0.0,"event_name":"Colosseum","player_choice":"Fought Nobs","floor":19.0,"gold_loss":0.0,"damage_taken":0.0},{"damage_healed":0.0,"max_hp_gain":0.0,"max_hp_loss":0.0,"gold_gain":0.0,"event_name":"N\u0027loth","player_choice":"Ignored","floor":21.0,"gold_loss":0.0,"damage_taken":0.0},{"damage_healed":0,"gold_gain":999,"player_choice":"Gold","damage_taken":0,"max_hp_gain":0,"max_hp_loss":0,"event_name":"MindBloom","floor":36,"gold_loss":0,"cards_obtained":["Normality","Normality"]},{"damage_healed":0,"gold_gain":0,"player_choice":"Memory 1","damage_taken":0,"max_hp_gain":0,"max_hp_loss":0,"event_name":"SensoryStone","floor":38,"gold_loss":0},{"cards_removed":["Pummel"],"damage_healed":0,"gold_gain":0,"player_choice":"Removed Attack","damage_taken":0,"max_hp_gain":0,"max_hp_loss":0,"event_name":"Falling","floor":47,"gold_loss":0}],"is_beta":false,"boss_relics":[{"not_picked":["Runic Cube","Lizard Tail"],"picked":"Coffee Dripper"},{"not_picked":["Philosopher\u0027s Stone","White Beast Statue"],"picked":"Busted Crown"}],"items_purged_floors":[3,24,29,37,41,48],"is_endless":false,"potions_floor_spawned":[1,19,20,31,39],"ascension_level":9}