{"gold_per_floor":[19,31,47,58,73,73,102,102,156,168,168,178,190,254,254,354,354,372,372],"floor_reached":19,"playtime":2483,"items_purged":[],"score":301,"play_id":"2d38f98b-ba8c-43a1-aeed-fd20b416528b","local_time":"20180827193045","is_ascension_mode":true,"campfire_choices":[{"data":"Terror","floor":6,"key":"SMITH"},{"data":"Well Laid Plans","floor":8,"key":"SMITH"},{"floor":15,"key":"REST"}],"neow_cost":"NO_GOLD","seed_source_timestamp":1002886124166667,"circlet_count":0,"master_deck":["Defend_G","Defend_G","Defend_G","Defend_G","Defend_G","Strike_G","Strike_G","Survivor","Neutralize","Dash","Endless Agony","Well Laid Plans+1","Endless Agony","Terror+1","Bouncing Flask","Escape Plan","Caltrops","Storm of Steel","Pain","Parasite","Pain","Endless Agony"],"relics":["Ring of the Snake","Thread and Needle","Pen Nib","Paper Crane","Calling Bell","Strawberry","Singing Bowl","Incense Burner"],"potions_floor_usage":[12,14,16,16,16,18,18,19],"damage_taken":[{"damage":0,"enemies":"Cultist","floor":1,"turns":4},{"damage":1,"enemies":"Small Slimes","floor":2,"turns":4},{"damage":1,"enemies":"Jaw Worm","floor":3,"turns":4},{"damage":6,"enemies":"Exordium Wildlife","floor":4,"turns":6},{"damage":3,"enemies":"Looter","floor":5,"turns":3},{"damage":12,"enemies":"Lagavulin","floor":7,"turns":6},{"damage":1,"enemies":"Large Slime","floor":10,"turns":6},{"damage":0,"enemies":"2 Fungi Beasts","floor":12,"turns":4},{"damage":0,"enemies":"Red Slaver","floor":13,"turns":4},{"damage":1,"enemies":"3 Sentries","floor":14,"turns":9},{"damage":0,"enemies":"Slime Boss","floor":16,"turns":7},{"damage":11,"enemies":"Shell Parasite","floor":18,"turns":5},{"damage":62,"enemies":"Masked Bandits","floor":19,"turns":6}],"seed_played":"4206776290659952342","potions_obtained":[{"floor":1,"key":"SkillPotion"},{"floor":3,"key":"EntropicBrew"},{"floor":7,"key":"Block Potion"},{"floor":12,"key":"SkillPotion"},{"floor":16,"key":"PowerPotion"}],"is_trial":false,"path_per_floor":["M","M","M","M","M","R","E","R","T","M","?","M","M","?","R","B",null,"M"],"character_chosen":"THE_SILENT","items_purchased":[],"campfire_rested":1,"item_purchase_floors":[],"current_hp_per_floor":[63,62,61,55,52,52,40,40,40,39,32,32,32,31,52,52,73,62,0],"gold":372,"neow_bonus":"TRANSFORM_TWO_CARDS","is_prod":false,"is_daily":false,"chose_seed":false,"campfire_upgraded":2,"win_rate":0,"timestamp":1535416245,"path_taken":["M","?","?","?","M","R","E","R","T","M","?","M","M","?","R","BOSS","M","?"],"build_version":"2018-08-23v2","purchased_purges":0,"victory":false,"max_hp_per_floor":[70,70,70,70,70,70,70,70,70,70,70,70,70,70,70,70,77,77,77],"card_choices":[{"not_picked":["Bouncing Flask","Dagger Spray"],"picked":"Well Laid Plans","floor":1},{"not_picked":["Deflect","Prepared"],"picked":"Endless Agony","floor":2},{"not_picked":["Poisoned Stab","Masterful Stab"],"picked":"Terror","floor":3},{"not_picked":["Outmaneuver","Cloak And Dagger"],"picked":"Bouncing Flask","floor":4},{"not_picked":["Expertise","Underhanded Strike"],"picked":"Escape Plan","floor":5},{"not_picked":["Poisoned Stab","Backflip"],"picked":"Caltrops","floor":7},{"not_picked":["Poisoned Stab","Bouncing Flask","Predator"],"picked":"SKIP","floor":10},{"not_picked":["PiercingWail","Prepared","Tactician"],"picked":"SKIP","floor":12},{"not_picked":["Flechettes","Terror","Sucker Punch"],"picked":"SKIP","floor":13},{"not_picked":["Venomology","Phantasmal Killer"],"picked":"Storm of Steel","floor":16},{"not_picked":["Reflex","Dodge and Roll"],"picked":"Endless Agony","floor":18}],"player_experience":352124,"relics_obtained":[{"floor":7,"key":"Thread and Needle"},{"floor":9,"key":"Pen Nib"},{"floor":14,"key":"Paper Crane"},{"floor":17,"key":"Strawberry"},{"floor":17,"key":"Singing Bowl"},{"floor":17,"key":"Incense Burner"}],"event_choices":[{"event_name":"Golden Wing","player_choice":"Card Removal","floor":11,"damage_taken":0},{"event_name":"Dead Adventurer","player_choice":"Searched \u00273\u0027 times","floor":14,"damage_taken":0},{"event_name":"Masked Bandits","player_choice":"Fought Bandits","floor":19,"damage_taken":0}],"is_beta":false,"boss_relics":[{"not_picked":["Velvet Choker","Fusion Hammer"],"picked":"Calling Bell"}],"items_purged_floors":[],"is_endless":false,"potions_floor_spawned":[1,3,7,12,13,16],"killed_by":"Masked Bandits","ascension_level":7}