{"path_per_floor":["M","M","?","?","M","R","$","M","T","R","M","M","R","M","R","B",null,"M","M","?","$","M","R"],"character_chosen":"THE_SILENT","items_purchased":["Bottled Lightning","Letter Opener"],"gold_per_floor":[118,128,303,553,563,563,233,247,247,247,259,273,273,291,291,386,386,397,408,331,34,47,47,47],"floor_reached":24,"campfire_rested":2,"playtime":3368,"item_purchase_floors":[],"current_hp_per_floor":[70,70,70,70,70,70,70,44,44,44,41,28,28,28,49,41,70,70,48,48,48,42,63,0],"items_purged":["Regret","Doubt"],"gold":47,"score":190,"play_id":"a3be81c4-f870-41cd-938e-7bb7bdf8c700","local_time":"20180605221756","is_prod":false,"is_daily":false,"chose_seed":false,"is_ascension_mode":false,"campfire_upgraded":3,"win_rate":0.0,"timestamp":1528255076,"campfire_choices":[{"data":"Well Laid Plans","floor":6.0,"key":"SMITH"},{"data":"Prepared","floor":10.0,"key":"SMITH"},{"data":"After Image","floor":13.0,"key":"SMITH"},{"floor":15.0,"key":"REST"},{"floor":23,"key":"REST"}],"path_taken":["M","M","?","?","M","R","$","?","T","R","?","?","R","M","R","BOSS","M","M","?","$","M","R","E"],"build_version":"2018-05-31","seed_source_timestamp":0,"purchased_purges":2,"victory":false,"master_deck":["Defend_G","Defend_G","Defend_G","Strike_G","Strike_G","Strike_G","Strike_G","Survivor","Neutralize","Terror","Well Laid Plans+1","Prepared+1","Poisoned Stab","After Image+1","Blur","Bullet Time","Deflect+1","Dash+1","Finisher+1","Outmaneuver","J.A.X.","Footwork+1"],"max_hp_per_floor":[70,70,70,70,70,70,70,70,70,70,70,70,70,70,70,70,70,70,70,70,70,70,70,70],"relics":["Ring of the Snake","Snake Skull","Bottled Lightning","Smiling Mask","Astrolabe","Letter Opener"],"card_choices":[{"not_picked":["Backflip","Dagger Spray"],"picked":"Terror","floor":1.0},{"not_picked":["Deflect","Dodge and Roll"],"picked":"Well Laid Plans","floor":2.0},{"not_picked":["Quick Slash","Deflect"],"picked":"Prepared","floor":5.0},{"not_picked":["Flechettes","Dodge and Roll"],"picked":"Poisoned Stab","floor":8.0},{"not_picked":["PiercingWail","Dodge and Roll","Sucker Punch"],"picked":"SKIP","floor":11.0},{"not_picked":["Quick Slash","Distraction"],"picked":"After Image","floor":12.0},{"not_picked":["Sucker Punch","Poisoned Stab"],"picked":"Blur","floor":14.0},{"not_picked":["Unload","Phantasmal Killer"],"picked":"Bullet Time","floor":16.0},{"not_picked":["Dagger Spray+1","Eviscerate"],"picked":"Outmaneuver","floor":18},{"not_picked":["Dodge and Roll","Deflect+1","Predator"],"picked":"SKIP","floor":19},{"not_picked":["Outmaneuver","Quick Slash"],"picked":"Footwork+1","floor":22}],"player_experience":115989,"potions_floor_usage":[],"damage_taken":[{"damage":0.0,"enemies":"Jaw Worm","floor":1.0,"turns":4.0},{"damage":0.0,"enemies":"Cultist","floor":2.0,"turns":3.0},{"damage":0.0,"enemies":"2 Louse","floor":5.0,"turns":3.0},{"damage":26.0,"enemies":"Exordium Wildlife","floor":8.0,"turns":8.0},{"damage":3.0,"enemies":"Lots of Slimes","floor":11.0,"turns":6.0},{"damage":13.0,"enemies":"Red Slaver","floor":12.0,"turns":5.0},{"damage":0.0,"enemies":"Large Slime","floor":14.0,"turns":4.0},{"damage":8.0,"enemies":"Slime Boss","floor":16.0,"turns":26.0},{"damage":0,"enemies":"Shell Parasite","floor":18,"turns":6},{"damage":22,"enemies":"3 Byrds","floor":19,"turns":11},{"damage":6,"enemies":"Centurion and Healer","floor":22,"turns":6},{"damage":65,"enemies":"Book of Stabbing","floor":24,"turns":8}],"relics_obtained":[{"floor":9.0,"key":"Smiling Mask"}],"event_choices":[{"event_name":"Liars Game","player_choice":"agreed","floor":3.0,"damage_taken":0.0},{"event_name":"Golden Shrine","player_choice":"Desecrate","floor":4.0,"damage_taken":0.0},{"event_name":"Drug Dealer","player_choice":"Got JAXXED","floor":20,"damage_taken":0}],"boss_relics":[{"not_picked":["White Beast Statue","Lizard Tail"],"picked":"Astrolabe"}],"items_purged_floors":[],"potions_floor_spawned":[1,5,11,19],"seed_played":"-3584313081028813221","killed_by":"Book of Stabbing","ascension_level":0,"potions_obtained":[{"floor":1.0,"key":"Dexterity Potion"},{"floor":5.0,"key":"AttackPotion"},{"floor":11.0,"key":"Fire Potion"},{"floor":19,"key":"FearPotion"}],"is_trial":false}