{"gold_per_floor":[111,72,72,91,106,106,142,142,195,195,195,234,234,252,252,371,371,391,407,139,139,152,187,286,286,286,286,309,324,120,139,139,259,259,283,283,283,304,317,317,120,120,120,160,160,160,184,38,38,38],"floor_reached":51,"playtime":1687,"items_purged":["Defend_R","Defend_R","Strike_R"],"score":932,"play_id":"9f56efc9-ae01-4dc1-b563-593af3251ec2","local_time":"20190129114255","is_ascension_mode":true,"campfire_choices":[{"data":"Bash","floor":6.0,"key":"SMITH"},{"data":"Inflame","floor":8.0,"key":"SMITH"},{"data":"Clash","floor":10.0,"key":"SMITH"},{"data":"Dual Wield","floor":13.0,"key":"SMITH"},{"data":"Iron Wave","floor":15.0,"key":"SMITH"},{"data":"Flex","floor":25,"key":"SMITH"},{"data":"Clash","floor":27,"key":"SMITH"},{"data":"Clash","floor":32,"key":"SMITH"},{"floor":40,"key":"REST"},{"data":"Rage","floor":42,"key":"SMITH"},{"floor":45,"key":"REST"},{"floor":49,"key":"REST"}],"neow_cost":"NONE","seed_source_timestamp":37322818517604,"circlet_count":0,"master_deck":["Strike_R","Strike_R","Strike_R","Bash+1","Clash+1","Inflame+1","Clash+1","Clash+1","Rampage","Dual Wield+1","Iron Wave+1","Feed","Flex+1","Metallicize","Pummel+1","Sword Boomerang","Twin Strike+1","Rage+1","Whirlwind+1","Inflame+1","Battle Trance","Blood for Blood+1","Heavy Blade+1","Pommel Strike"],"special_seed":0,"relics":["Burning Blood","Dream Catcher","Golden Idol","Vajra","Oddly Smooth Stone","Art of War","Empty Cage","Red Skull","PreservedInsect","Bottled Flame","Lizard Tail","Ornamental Fan","Centennial Puzzle","Happy Flower"],"potions_floor_usage":[16,18,18,23,30,31,38,44,50,50],"damage_taken":[{"damage":7.0,"enemies":"2 Louse","floor":1.0,"turns":4.0},{"damage":8.0,"enemies":"Small Slimes","floor":4.0,"turns":2.0},{"damage":7.0,"enemies":"Jaw Worm","floor":5.0,"turns":2.0},{"damage":10.0,"enemies":"Lagavulin","floor":7.0,"turns":5.0},{"damage":8.0,"enemies":"3 Sentries","floor":12.0,"turns":4.0},{"damage":8.0,"enemies":"Lots of Slimes","floor":14.0,"turns":2.0},{"damage":25,"enemies":"The Guardian","floor":16,"turns":6},{"damage":12,"enemies":"3 Byrds","floor":18,"turns":5},{"damage":4,"enemies":"Shell Parasite","floor":19,"turns":2},{"damage":24,"enemies":"Snake Plant","floor":22,"turns":2},{"damage":33,"enemies":"Book of Stabbing","floor":23,"turns":3},{"damage":3,"enemies":"3 Cultists","floor":28,"turns":3},{"damage":18,"enemies":"Snecko","floor":29,"turns":3},{"damage":0,"enemies":"Shelled Parasite and Fungi","floor":31,"turns":2},{"damage":18,"enemies":"Champ","floor":33,"turns":5},{"damage":11,"enemies":"Orb Walker","floor":35,"turns":2},{"damage":3,"enemies":"3 Darklings","floor":38,"turns":5},{"damage":45,"enemies":"4 Shapes","floor":39,"turns":5},{"damage":50,"enemies":"Nemesis","floor":44,"turns":8},{"damage":0,"enemies":"Transient","floor":47,"turns":5},{"damage":59,"enemies":"Time Eater","floor":50,"turns":7}],"seed_played":"1338035823198886705","potions_obtained":[{"floor":1.0,"key":"Energy Potion"},{"floor":5.0,"key":"Fire Potion"},{"floor":16,"key":"SkillPotion"},{"floor":19,"key":"Fire Potion"},{"floor":28,"key":"EssenceOfSteel"},{"floor":29,"key":"AttackPotion"},{"floor":33,"key":"Block Potion"},{"floor":39,"key":"EssenceOfSteel"},{"floor":44,"key":"EssenceOfSteel"}],"is_trial":false,"path_per_floor":["M","$","?","M","M","R","E","R","T","R","?","E","R","M","R","B",null,"M","M","$","?","M","E","?","R","T","R","M","M","$","M","R","B",null,"M","?","?","M","M","R","$","R","T","E","R","?","M","$","R","B",null],"character_chosen":"IRONCLAD","items_purchased":["Inflame","Red Skull","Flex","Fruit Juice","Battle Trance","Happy Flower"],"campfire_rested":3,"item_purchase_floors":[2,20,20,30,41,48],"current_hp_per_floor":[71,71,51,49,48,48,44,44,44,44,37,35,35,33,33,14,64,61,63,63,63,45,18,18,18,18,18,24,12,17,23,23,11,71,66,66,66,69,30,55,55,55,55,11,36,36,42,42,67,14],"gold":38,"neow_bonus":"RANDOM_COMMON_RELIC","is_prod":false,"is_daily":false,"chose_seed":false,"campfire_upgraded":9,"win_rate":0,"timestamp":1548772975,"path_taken":["M","$","?","M","M","R","E","R","T","R","?","E","R","M","R","BOSS","M","M","$","?","M","E","?","R","T","R","M","M","$","M","R","BOSS","M","?","?","M","M","R","$","R","T","E","R","?","?","?","R","BOSS"],"build_version":"2018-11-15","purchased_purges":3,"victory":true,"max_hp_per_floor":[80,80,80,80,80,80,80,80,80,80,80,80,80,80,80,80,80,83,83,83,83,83,83,83,83,83,83,86,86,91,91,91,91,91,91,91,86,86,86,86,86,86,86,86,86,86,86,86,86,86],"card_choices":[{"not_picked":["Carnage","Armaments"],"picked":"Clash","floor":1.0},{"not_picked":["Entrench","Armaments"],"picked":"Clash","floor":4.0},{"not_picked":["Burning Pact","Infernal Blade"],"picked":"Clash","floor":5.0},{"not_picked":["Sentinel","Rampage","Shrug It Off"],"picked":"SKIP","floor":7.0},{"not_picked":["Sentinel","Shrug It Off"],"picked":"Rampage","floor":7.0},{"not_picked":["Twin Strike","Thunderclap"],"picked":"Dual Wield","floor":12.0},{"not_picked":["Anger","Uppercut"],"picked":"Iron Wave","floor":14.0},{"not_picked":["Impervious","Reaper"],"picked":"Feed","floor":16},{"not_picked":["Perfected Strike","Body Slam","Power Through"],"picked":"SKIP","floor":18},{"not_picked":["Perfected Strike","Body Slam","Power Through"],"picked":"SKIP","floor":18},{"not_picked":["True Grit","Cleave","Shrug It Off"],"picked":"SKIP","floor":19},{"not_picked":["Thunderclap","Hemokinesis"],"picked":"Metallicize","floor":22},{"not_picked":["Rupture","Reckless Charge+1","Hemokinesis+1"],"picked":"SKIP","floor":23},{"not_picked":["Headbutt","Havoc","Dual Wield"],"picked":"SKIP","floor":28},{"not_picked":["Pommel Strike","Feed"],"picked":"Pummel+1","floor":29},{"not_picked":["Havoc","Cleave"],"picked":"Sword Boomerang","floor":31},{"not_picked":["Havoc","Shockwave"],"picked":"Twin Strike+1","floor":35},{"not_picked":["Clothesline","True Grit+1"],"picked":"Rage","floor":38},{"not_picked":["Heavy Blade","Clothesline+1"],"picked":"Whirlwind+1","floor":39},{"not_picked":["Spot Weakness+1","Iron Wave"],"picked":"Inflame+1","floor":40},{"not_picked":["Clothesline+1","Havoc"],"picked":"Blood for Blood+1","floor":44},{"not_picked":["Thunderclap","Clash"],"picked":"Heavy Blade+1","floor":45},{"not_picked":["Cleave","Intimidate+1"],"picked":"Pommel Strike","floor":47}],"player_experience":49171,"relics_obtained":[{"floor":7.0,"key":"Vajra"},{"floor":9.0,"key":"Oddly Smooth Stone"},{"floor":12.0,"key":"Art of War"},{"floor":23,"key":"PreservedInsect"},{"floor":26,"key":"Bottled Flame"},{"floor":43,"key":"Ornamental Fan"},{"floor":44,"key":"Centennial Puzzle"}],"event_choices":[{"damage_healed":0.0,"max_hp_gain":0.0,"max_hp_loss":0.0,"gold_gain":0.0,"event_name":"Golden Idol","player_choice":"Take Damage","floor":3.0,"gold_loss":0.0,"damage_taken":20.0,"relics_obtained":["Golden Idol"]},{"cards_removed":["Defend_R"],"damage_healed":0.0,"max_hp_gain":0.0,"max_hp_loss":0.0,"gold_gain":0.0,"event_name":"Golden Wing","player_choice":"Card Removal","floor":11.0,"gold_loss":0.0,"damage_taken":7.0},{"damage_healed":0,"gold_gain":0,"player_choice":"Ignored","damage_taken":0,"max_hp_gain":0,"max_hp_loss":0,"event_name":"Ghosts","floor":21,"gold_loss":0},{"damage_healed":0,"gold_gain":99,"player_choice":"Stole From Cult","damage_taken":0,"max_hp_gain":0,"max_hp_loss":0,"event_name":"Nest","floor":24,"gold_loss":0},{"damage_healed":0,"gold_gain":0,"player_choice":"Ignored","damage_taken":0,"max_hp_gain":0,"max_hp_loss":0,"event_name":"Mysterious Sphere","floor":36,"gold_loss":0},{"damage_healed":0,"gold_gain":0,"player_choice":"Max HP","damage_taken":0,"max_hp_gain":0,"max_hp_loss":5,"event_name":"Winding Halls","floor":37,"gold_loss":0},{"damage_healed":0,"gold_gain":0,"player_choice":"Memory 1","damage_taken":0,"max_hp_gain":0,"max_hp_loss":0,"event_name":"SensoryStone","floor":46,"gold_loss":0}],"is_beta":false,"boss_relics":[{"not_picked":["Mark of Pain","Calling Bell"],"picked":"Empty Cage"},{"not_picked":["Black Blood","Pandora\u0027s Box"],"picked":"Lizard Tail"}],"items_purged_floors":[20,30,41],"is_endless":false,"potions_floor_spawned":[1,5,16,19,28,29,33,39,44],"ascension_level":7}