{"gold_per_floor":[119,69,69,69,82,82,116,116,140,154,154,55,79,123,123,248,248,271,292,305,321,321,321,364,364,364,408,244,244,144,168,168,299,299,319,338,64,89,104,142,142,156,156,174,198,119,134,61,61,61],"floor_reached":51,"playtime":1796,"items_purged":["Defend_G","Strike_G","Strike_G"],"score":789,"play_id":"e4113233-5fca-4d3c-b11c-84e3afa67a51","local_time":"20181218105026","is_ascension_mode":true,"campfire_choices":[{"data":"Neutralize","floor":6.0,"key":"SMITH"},{"data":"Flying Knee","floor":8.0,"key":"SMITH"},{"data":"Survivor","floor":11.0,"key":"SMITH"},{"data":"Dagger Spray","floor":15.0,"key":"SMITH"},{"data":"Skewer","floor":23.0,"key":"SMITH"},{"data":"Blade Dance","floor":25.0,"key":"SMITH"},{"data":"Backstab","floor":29.0,"key":"SMITH"},{"data":"Masterful Stab","floor":32.0,"key":"SMITH"},{"data":"Blade Dance","floor":41,"key":"SMITH"},{"data":"Blade Dance","floor":49,"key":"SMITH"}],"neow_cost":"NONE","seed_source_timestamp":39713452761803,"circlet_count":0,"master_deck":["Defend_G","Defend_G","Defend_G","Defend_G","Strike_G","Strike_G","Survivor+1","Neutralize+1","Flying Knee+1","Heel Hook","Dagger Spray+1","Masterful Stab+1","Adrenaline","Backflip+1","Skewer+1","Blade Dance+1","Flash of Steel","Backstab+1","All Out Attack+1","Blade Dance+1","Terror","Blade Dance+1","Endless Agony+1","Backstab","Finisher+1","Escape Plan+1","Infinite Blades","Infinite Blades"],"special_seed":0,"relics":["Ring of the Snake","NeowsBlessing","Golden Idol","Shuriken","Juzu Bracelet","Bag of Preparation","Ancient Tea Set","Sozu","Oddly Smooth Stone","Pear","Paper Crane","Orrery","Bag of Marbles","Boot","Blood Vial"],"potions_floor_usage":[50],"damage_taken":[{"damage":0.0,"enemies":"2 Louse","floor":1.0,"turns":1.0},{"damage":0.0,"enemies":"Jaw Worm","floor":5.0,"turns":1.0},{"damage":0.0,"enemies":"Gremlin Nob","floor":7.0,"turns":1.0},{"damage":0.0,"enemies":"Cultist","floor":10.0,"turns":3.0},{"damage":1.0,"enemies":"2 Fungi Beasts","floor":13.0,"turns":2.0},{"damage":13.0,"enemies":"Lagavulin","floor":14.0,"turns":4.0},{"damage":9.0,"enemies":"Hexaghost","floor":16.0,"turns":6.0},{"damage":10.0,"enemies":"2 Thieves","floor":18.0,"turns":2.0},{"damage":0.0,"enemies":"Chosen","floor":19.0,"turns":3.0},{"damage":0.0,"enemies":"Sentry and Sphere","floor":20.0,"turns":3.0},{"damage":6.0,"enemies":"Shelled Parasite and Fungi","floor":21.0,"turns":3.0},{"damage":3.0,"enemies":"Book of Stabbing","floor":24.0,"turns":3.0},{"damage":7.0,"enemies":"Slavers","floor":27.0,"turns":3.0},{"damage":0.0,"enemies":"Snake Plant","floor":31.0,"turns":1.0},{"damage":36,"enemies":"Automaton","floor":33,"turns":6},{"damage":3,"enemies":"Orb Walker","floor":35,"turns":3},{"damage":1,"enemies":"3 Shapes","floor":36,"turns":4},{"damage":0,"enemies":"Sphere and 2 Shapes","floor":38,"turns":2},{"damage":0,"enemies":"4 Shapes","floor":39,"turns":3},{"damage":9,"enemies":"Reptomancer","floor":40,"turns":3},{"damage":0,"enemies":"Transient","floor":42,"turns":5},{"damage":0,"enemies":"Writhing Mass","floor":44,"turns":2},{"damage":0,"enemies":"Jaw Worm Horde","floor":45,"turns":1},{"damage":0,"enemies":"Transient","floor":47,"turns":5},{"damage":57,"enemies":"Time Eater","floor":50,"turns":6}],"seed_played":"5163139861605320961","potions_obtained":[{"floor":7.0,"key":"Weak Potion"},{"floor":10.0,"key":"SteroidPotion"},{"floor":14.0,"key":"Strength Potion"}],"is_trial":false,"path_per_floor":["M","?","?","T","M","R","E","R","T","M","R","$","M","E","R","B",null,"M","M","M","M","?","R","E","R","T","E","$","R","$","M","R","B",null,"M","M","$","M","M","E","R","M","T","M","M","$","M","$","R","B",null],"character_chosen":"THE_SILENT","items_purchased":["Dagger Spray","Flash of Steel","Backstab","Bag of Marbles","Infinite Blades","Infinite Blades"],"campfire_rested":0,"item_purchase_floors":[12,28,28,37,46,48],"current_hp_per_floor":[70,70,53,53,53,53,53,53,53,53,53,53,52,39,39,30,70,60,60,60,54,54,54,61,61,61,54,54,54,54,54,54,18,80,77,76,76,76,76,67,67,67,67,69,71,71,73,73,73,18],"gold":61,"neow_bonus":"THREE_ENEMY_KILL","is_prod":false,"is_daily":false,"chose_seed":false,"campfire_upgraded":10,"win_rate":0,"timestamp":1545141026,"path_taken":["M","?","?","?","?","R","E","R","T","M","R","$","M","E","R","BOSS","M","M","M","M","?","R","E","R","T","E","$","R","$","M","R","BOSS","M","M","$","M","M","E","R","M","T","M","M","?","M","$","R","BOSS"],"build_version":"2018-11-15","purchased_purges":3,"victory":true,"max_hp_per_floor":[70,70,70,70,70,70,70,70,70,70,70,70,70,70,70,70,70,70,70,70,70,70,70,80,80,80,80,80,80,80,80,80,80,80,80,80,80,80,80,80,80,80,80,80,80,80,80,80,80,80],"card_choices":[{"not_picked":["Prepared","Bane"],"picked":"Flying Knee","floor":1.0},{"not_picked":["Underhanded Strike","Poisoned Stab","Eviscerate"],"picked":"SKIP","floor":5.0},{"not_picked":["Doppelganger","Quick Slash"],"picked":"Heel Hook","floor":7.0},{"not_picked":["Tactician","Reflex","Underhanded Strike"],"picked":"SKIP","floor":10.0},{"not_picked":["Bane","Reflex"],"picked":"Masterful Stab","floor":13.0},{"not_picked":["Reflex","Finisher","Eviscerate"],"picked":"SKIP","floor":14.0},{"not_picked":["Malaise","Doppelganger"],"picked":"Adrenaline","floor":16.0},{"not_picked":["Flying Knee","Dagger Spray"],"picked":"Backflip+1","floor":18.0},{"not_picked":["Masterful Stab","PiercingWail"],"picked":"Skewer","floor":19.0},{"not_picked":["Acrobatics+1","PiercingWail","Deadly Poison"],"picked":"SKIP","floor":20.0},{"not_picked":["Dagger Spray+1","Prepared","Outmaneuver"],"picked":"SKIP","floor":21.0},{"not_picked":["Tools of the Trade","Sucker Punch+1"],"picked":"Blade Dance","floor":24.0},{"not_picked":["Tactician","Deflect","Flying Knee+1"],"picked":"SKIP","floor":27.0},{"not_picked":["Calculated Gamble","Underhanded Strike"],"picked":"All Out Attack+1","floor":31.0},{"not_picked":["Deadly Poison","Calculated Gamble+1"],"picked":"Blade Dance","floor":34},{"not_picked":["PiercingWail+1","Bane"],"picked":"Terror","floor":34},{"not_picked":["Acrobatics","Envenom"],"picked":"Blade Dance","floor":35},{"not_picked":["Backflip+1","Masterful Stab"],"picked":"Endless Agony+1","floor":36},{"not_picked":["Predator","Quick Slash","Outmaneuver"],"picked":"SKIP","floor":38},{"not_picked":["Flying Knee","Deadly Poison+1"],"picked":"Backstab","floor":39},{"not_picked":["Underhanded Strike","Skewer+1"],"picked":"Finisher+1","floor":40},{"not_picked":["Poisoned Stab","Dash","Deflect"],"picked":"SKIP","floor":42},{"not_picked":["Noxious Fumes+1","Terror+1"],"picked":"Escape Plan+1","floor":44},{"not_picked":["Acrobatics+1","Expertise+1","Masterful Stab+1"],"picked":"SKIP","floor":45},{"not_picked":["Noxious Fumes+1","Expertise+1","Dagger Throw"],"picked":"SKIP","floor":47}],"player_experience":10155,"relics_obtained":[{"floor":4.0,"key":"Shuriken"},{"floor":7.0,"key":"Juzu Bracelet"},{"floor":9.0,"key":"Bag of Preparation"},{"floor":14.0,"key":"Ancient Tea Set"},{"floor":24.0,"key":"Pear"},{"floor":27.0,"key":"Paper Crane"},{"floor":40,"key":"Boot"},{"floor":43,"key":"Blood Vial"}],"event_choices":[{"cards_removed":["Strike_G"],"damage_healed":0.0,"max_hp_gain":0.0,"max_hp_loss":0.0,"gold_gain":0.0,"event_name":"The Cleric","player_choice":"Card Removal","floor":2.0,"gold_loss":50.0,"damage_taken":0.0},{"damage_healed":0.0,"max_hp_gain":0.0,"max_hp_loss":0.0,"gold_gain":0.0,"event_name":"Golden Idol","player_choice":"Take Damage","floor":3.0,"gold_loss":0.0,"damage_taken":17.0,"relics_obtained":["Golden Idol"]},{"damage_healed":0.0,"max_hp_gain":0.0,"max_hp_loss":0.0,"gold_gain":0.0,"event_name":"WeMeetAgain","player_choice":"Gave Potion","floor":22.0,"gold_loss":0.0,"damage_taken":0.0,"relics_obtained":["Oddly Smooth Stone"]}],"is_beta":false,"boss_relics":[{"not_picked":["Busted Crown","Ectoplasm"],"picked":"Sozu"},{"not_picked":["Fusion Hammer","Velvet Choker"],"picked":"Orrery"}],"items_purged_floors":[12,30,37],"is_endless":false,"potions_floor_spawned":[7,10,14,18,20,31,33,40,42,44,47],"ascension_level":1}