{"gold_per_floor":[212,229,304,52,52,52,80,10,36,65,79,29,29,57,57,158,158,172,205,205,225,47,77,77,112,168,168,168,168,182,193,193,298,298,312,8,21,243,243,63,76,110,110,126,126,6,6,6,6,6],"floor_reached":51,"playtime":5716,"items_purged":["Strike_G","Strike_G","Defend_G"],"score":1213,"play_id":"ce480fac-d642-4597-bc98-24e4aa482dbd","local_time":"20190211105810","is_ascension_mode":true,"campfire_choices":[{"floor":6,"key":"REST"},{"floor":13,"key":"REST"},{"floor":15,"key":"REST"},{"floor":24,"key":"REST"},{"floor":27,"key":"REST"},{"data":"Dash","floor":29,"key":"SMITH"},{"data":"Infinite Blades","floor":32,"key":"SMITH"},{"data":"After Image","floor":45,"key":"SMITH"},{"data":"Sucker Punch","floor":47,"key":"SMITH"},{"floor":49,"key":"RECALL"}],"neow_cost":"NONE","seed_source_timestamp":323413528997646,"circlet_count":0,"master_deck":["Defend_G+1","Defend_G+1","Defend_G+1","Defend_G+1","Strike_G+1","Survivor+1","Neutralize+1","Infinite Blades+1","Dash+1","Sadistic Nature+1","Footwork+1","Terror+1","Footwork+1","Corpse Explosion+1","Expertise+1","Backflip+1","Glass Knife+1","Deadly Poison+1","Blade Dance+1","Blur+1","Well Laid Plans+1","Sucker Punch+1","Poisoned Stab+1","PiercingWail+1","Deflect+1","Glass Knife+1","Cloak And Dagger+1","Phantasmal Killer+1","After Image+1","Noxious Fumes+1","Discovery+1","Burst+1","Leg Sweep+1","Prepared+1","PiercingWail+1"],"relics":["Ring of the Snake","War Paint","Toxic Egg 2","Happy Flower","Shuriken","The Courier","Philosopher\u0027s Stone","Red Mask","Enchiridion","Molten Egg 2","Mummified Hand","Tiny Chest","Coffee Dripper","OrangePellets","FossilizedHelix","Incense Burner","Mark of the Bloom"],"potions_floor_usage":[7,10,25,33,33,35,50,50],"damage_taken":[{"damage":5,"enemies":"2 Louse","floor":1,"turns":4},{"damage":1,"enemies":"Small Slimes","floor":2,"turns":4},{"damage":18,"enemies":"3 Sentries","floor":7,"turns":7},{"damage":0,"enemies":"Gremlin Nob","floor":10,"turns":5},{"damage":0,"enemies":"Jaw Worm","floor":11,"turns":4},{"damage":15,"enemies":"3 Sentries","floor":14,"turns":8},{"damage":15,"enemies":"The Guardian","floor":16,"turns":10},{"damage":10,"enemies":"3 Byrds","floor":18,"turns":3},{"damage":14,"enemies":"Masked Bandits","floor":19,"turns":2},{"damage":8,"enemies":"Shell Parasite","floor":21,"turns":4},{"damage":2,"enemies":"Book of Stabbing","floor":23,"turns":4},{"damage":11,"enemies":"Gremlin Leader","floor":25,"turns":5},{"damage":0,"enemies":"Centurion and Healer","floor":30,"turns":2},{"damage":0,"enemies":"Snake Plant","floor":31,"turns":2},{"damage":0,"enemies":"Champ","floor":33,"turns":6},{"damage":0,"enemies":"3 Shapes","floor":35,"turns":2},{"damage":0,"enemies":"3 Darklings","floor":37,"turns":2},{"damage":0,"enemies":"Maw","floor":41,"turns":6},{"damage":17,"enemies":"Reptomancer","floor":42,"turns":5},{"damage":0,"enemies":"Jaw Worm Horde","floor":44,"turns":2},{"damage":0,"enemies":"Awakened One","floor":50,"turns":9}],"seed_played":"6983778275440510508","potions_obtained":[{"floor":2,"key":"AttackPotion"},{"floor":7,"key":"Block Potion"},{"floor":16,"key":"GhostInAJar"},{"floor":21,"key":"GamblersBrew"},{"floor":23,"key":"LiquidBronze"},{"floor":30,"key":"GhostInAJar"},{"floor":31,"key":"Block Potion"},{"floor":37,"key":"Ancient Potion"},{"floor":44,"key":"LiquidBronze"}],"is_trial":false,"path_per_floor":["M","M","?","$","?","R","E","$","T","E","M","$","R","E","R","B",null,"M","?","?","M","$","E","R","E","T","R","?","R","M","M","R","B",null,"M","$","M","?","?","$","M","E","T","M","R","$","R","?","R","B",null],"character_chosen":"THE_SILENT","items_purchased":["Sadistic Nature","Footwork","Footwork","Backflip+1","Well Laid Plans","Sucker Punch","Poisoned Stab","After Image","OrangePellets","Burst+1","Leg Sweep+1","PiercingWail+1"],"campfire_rested":5,"item_purchase_floors":[4,4,8,12,22,22,22,36,36,40,40,46],"current_hp_per_floor":[58,57,46,46,28,49,31,31,31,31,31,31,52,37,58,43,63,53,39,23,15,15,13,34,23,23,44,44,44,44,44,44,44,64,64,64,64,64,64,64,64,47,47,47,47,47,47,47,47,47],"gold":6,"neow_bonus":"HUNDRED_GOLD","is_prod":false,"is_daily":false,"chose_seed":false,"campfire_upgraded":4,"win_rate":0,"timestamp":1549904290,"path_taken":["M","M","?","$","?","R","E","$","T","E","M","$","R","E","R","BOSS","M","?","?","M","$","E","R","E","T","R","?","R","M","M","R","BOSS","M","$","M","?","?","$","M","E","T","M","R","?","R","?","R","BOSS"],"build_version":"2019-01-23","purchased_purges":3,"victory":true,"max_hp_per_floor":[70,70,70,70,70,70,70,70,70,70,70,70,70,70,70,70,70,70,70,70,70,70,70,70,70,70,70,70,70,70,70,70,70,70,70,70,70,70,70,70,70,70,70,70,70,70,70,70,70,70],"card_choices":[{"not_picked":["Bane","Slice"],"picked":"Infinite Blades","floor":1},{"not_picked":["Quick Slash","Underhanded Strike"],"picked":"Dash","floor":2},{"not_picked":["Sucker Punch","Prepared"],"picked":"Terror","floor":7},{"not_picked":["Dagger Spray","Acrobatics+1"],"picked":"Corpse Explosion+1","floor":10},{"not_picked":["Acrobatics+1","Outmaneuver+1"],"picked":"Expertise+1","floor":11},{"not_picked":["Predator","Endless Agony","Expertise+1"],"picked":"SKIP","floor":14},{"not_picked":["Adrenaline+1","Tools of the Trade"],"picked":"Glass Knife","floor":16},{"not_picked":["Outmaneuver+1","Riddle With Holes+1"],"picked":"Deadly Poison+1","floor":18},{"not_picked":["Slice","Calculated Gamble+1"],"picked":"Blade Dance+1","floor":19},{"not_picked":["Dodge and Roll+1","Dagger Throw+1"],"picked":"Blur+1","floor":21},{"not_picked":["Doppelganger+1","Bullet Time+1"],"picked":"PiercingWail+1","floor":23},{"not_picked":["Leg Sweep+1","Dodge and Roll+1","Masterful Stab+1"],"picked":"SKIP","floor":25},{"not_picked":["Dagger Throw+1","Quick Slash+1"],"picked":"Cloak And Dagger+1","floor":30},{"not_picked":["Poisoned Stab+1","Sucker Punch+1","Acrobatics+1"],"picked":"SKIP","floor":31},{"not_picked":["Glass Knife+1","Unload+1"],"picked":"Phantasmal Killer+1","floor":33},{"not_picked":["Prepared+1","Concentrate+1","Bane+1"],"picked":"SKIP","floor":35},{"not_picked":["Choke+1","Caltrops"],"picked":"Noxious Fumes+1","floor":37},{"not_picked":["PanicButton+1","HandOfGreed+1"],"picked":"Discovery+1","floor":39},{"not_picked":["Deadly Poison+1","Cloak And Dagger+1","Distraction+1"],"picked":"SKIP","floor":41},{"not_picked":["Dodge and Roll+1","Accuracy","Deadly Poison+1"],"picked":"SKIP","floor":42},{"not_picked":["Choke+1","Tactician+1"],"picked":"Prepared+1","floor":44}],"player_experience":267003,"relics_obtained":[{"floor":7,"key":"Toxic Egg 2"},{"floor":9,"key":"Happy Flower"},{"floor":10,"key":"Shuriken"},{"floor":14,"key":"The Courier"},{"floor":19,"key":"Red Mask"},{"floor":20,"key":"Enchiridion"},{"floor":23,"key":"Molten Egg 2"},{"floor":25,"key":"Mummified Hand"},{"floor":26,"key":"Tiny Chest"},{"floor":42,"key":"FossilizedHelix"},{"floor":43,"key":"Incense Burner"}],"event_choices":[{"damage_healed":0,"gold_gain":75,"player_choice":"Gather Gold","damage_taken":11,"max_hp_gain":0,"max_hp_loss":0,"event_name":"World of Goop","floor":3,"gold_loss":0},{"damage_healed":0,"gold_gain":0,"player_choice":"Success","damage_taken":18,"relics_obtained":["War Paint"],"max_hp_gain":0,"max_hp_loss":0,"event_name":"Scrap Ooze","floor":5,"gold_loss":0},{"damage_healed":0,"gold_gain":0,"player_choice":"Fought Bandits","damage_taken":0,"max_hp_gain":0,"max_hp_loss":0,"event_name":"Masked Bandits","floor":19,"gold_loss":0},{"damage_healed":0,"gold_gain":0,"player_choice":"Obtained Book","damage_taken":16,"max_hp_gain":0,"max_hp_loss":0,"event_name":"Cursed Tome","floor":20,"gold_loss":0},{"damage_healed":0,"gold_gain":0,"cards_transformed":["Strike_G","Strike_G"],"player_choice":"Became Test Subject","damage_taken":0,"max_hp_gain":0,"max_hp_loss":0,"event_name":"Drug Dealer","floor":28,"gold_loss":0,"cards_obtained":["Deflect","Glass Knife"]},{"damage_healed":0,"gold_gain":222,"player_choice":"Wore Mask","damage_taken":0,"max_hp_gain":0,"max_hp_loss":0,"event_name":"Tomb of Lord Red Mask","floor":38,"gold_loss":0},{"damage_healed":0,"gold_gain":0,"player_choice":"Memory 1","damage_taken":0,"max_hp_gain":0,"max_hp_loss":0,"event_name":"SensoryStone","floor":39,"gold_loss":0},{"damage_healed":0,"gold_gain":0,"player_choice":"Upgrade","damage_taken":0,"relics_obtained":["Mark of the Bloom"],"max_hp_gain":0,"max_hp_loss":0,"event_name":"MindBloom","floor":48,"gold_loss":0,"cards_upgraded":["Defend_G","Defend_G","Strike_G","Survivor","Neutralize","Sadistic Nature","Footwork","Footwork","Glass Knife","Well Laid Plans","Poisoned Stab"]}],"is_beta":false,"boss_relics":[{"not_picked":["Snecko Eye","Astrolabe"],"picked":"Philosopher\u0027s Stone"},{"not_picked":["Empty Cage","Black Star"],"picked":"Coffee Dripper"}],"items_purged_floors":[22,36,46],"is_endless":false,"potions_floor_spawned":[2,7,16,21,23,30,31,37,44],"ascension_level":9}