{"gold_per_floor":[114,64,64,64,82,82,103,118,118,118,43,57,77,157,157,157],"floor_reached":16,"playtime":1493,"items_purged":[],"score":101,"play_id":"9ae4c44f-45fb-45e9-9478-6b055a0993e5","local_time":"20180628231131","is_ascension_mode":true,"campfire_choices":[{"floor":6,"key":"REST"},{"data":"Metallicize","floor":10,"key":"SMITH"},{"floor":15,"key":"REST"}],"neow_cost":"FIFTY_PERCENT_DAMAGE","seed_source_timestamp":1380543120938019,"circlet_count":0,"master_deck":["Strike_R","Strike_R","Defend_R","Defend_R","Defend_R","Bash","Metallicize+1","Inflame","Heavy Blade"],"relics":["Burning Blood","Golden Idol","Bag of Preparation","Centennial Puzzle"],"potions_floor_usage":[8,16,16],"damage_taken":[{"damage":1,"enemies":"2 Louse","floor":1,"turns":5},{"damage":3,"enemies":"Jaw Worm","floor":5,"turns":5},{"damage":1,"enemies":"Small Slimes","floor":7,"turns":6},{"damage":15,"enemies":"Looter","floor":8,"turns":5},{"damage":22,"enemies":"Large Slime","floor":12,"turns":9},{"damage":7,"enemies":"2 Fungi Beasts","floor":13,"turns":4},{"damage":8,"enemies":"3 Sentries","floor":14,"turns":11},{"damage":57,"enemies":"Slime Boss","floor":16,"turns":8}],"seed_played":"9222704595944851267","potions_obtained":[{"floor":5,"key":"SkillPotion"},{"floor":8,"key":"BloodPotion"},{"floor":12,"key":"SneckoOil"},{"floor":14,"key":"Ancient Potion"}],"is_trial":false,"path_per_floor":["M","?","?","?","M","R","M","M","T","R","$","M","M","?","R"],"character_chosen":"IRONCLAD","items_purchased":["Inflame"],"campfire_rested":2,"item_purchase_floors":[11],"current_hp_per_floor":[45,45,38,18,21,45,50,41,41,41,41,25,24,22,46,0],"gold":157,"neow_bonus":"REMOVE_TWO","is_prod":false,"is_daily":false,"chose_seed":false,"campfire_upgraded":1,"win_rate":0,"timestamp":1530245491,"path_taken":["M","?","?","?","M","R","?","M","T","R","$","M","M","?","R","BOSS"],"build_version":"2018-06-28","purchased_purges":0,"victory":false,"max_hp_per_floor":[80,80,80,80,80,80,80,80,80,80,80,80,80,80,80,80],"card_choices":[{"not_picked":["Sword Boomerang","Perfected Strike","Rage"],"picked":"SKIP","floor":1},{"not_picked":["Second Wind","Warcry"],"picked":"Metallicize","floor":5},{"not_picked":["Headbutt","Wild Strike","Pommel Strike"],"picked":"SKIP","floor":7},{"not_picked":["Heavy Blade","Whirlwind","Shrug It Off"],"picked":"SKIP","floor":8},{"not_picked":["Cleave","Pommel Strike"],"picked":"Heavy Blade","floor":12},{"not_picked":["Pommel Strike","Shrug It Off","Havoc"],"picked":"SKIP","floor":13}],"player_experience":232964,"relics_obtained":[{"floor":9,"key":"Bag of Preparation"}],"event_choices":[{"event_name":"The Cleric","player_choice":"Card Removal","floor":2,"damage_taken":0},{"event_name":"Golden Wing","player_choice":"Card Removal","floor":3,"damage_taken":0},{"event_name":"Golden Idol","player_choice":"Take Damage","floor":4,"damage_taken":0},{"event_name":"Dead Adventurer","player_choice":"Searched \u00272\u0027 times","floor":14,"damage_taken":0}],"boss_relics":[],"items_purged_floors":[],"is_endless":false,"potions_floor_spawned":[5,8,12,14],"killed_by":"Slime Boss","ascension_level":2}