{"gold_per_floor":[115,115,90,90,110,110,35,54,102,102,102,130,150,168,168,273,273,283,283,310,225,244,244,260,260,313,325,325,325,350,367,367,463,463,477,699,227,227,14,14,41,41],"floor_reached":42,"playtime":2972,"items_purged":["Endless Agony"],"score":424,"play_id":"03b31699-bb5c-46d5-904d-f8c7a72f72c3","local_time":"20190214002445","is_ascension_mode":false,"campfire_choices":[{"data":"Tactician","floor":6,"key":"SMITH"},{"data":"Glass Knife","floor":10,"key":"SMITH"},{"floor":15,"key":"REST"},{"floor":23,"key":"REST"},{"floor":25,"key":"REST"},{"floor":29,"key":"REST"},{"floor":32,"key":"REST"},{"data":"Envenom","floor":40,"key":"SMITH"}],"neow_cost":"NONE","seed_source_timestamp":18594052707674,"circlet_count":0,"master_deck":["Defend_G","Defend_G","Defend_G","Defend_G+1","Strike_G","Strike_G","Strike_G","Strike_G","Survivor","Neutralize+1","Tactician+1","Poisoned Stab","Blade Dance","Glass Knife+1","Expertise","Infinite Blades","Backflip","Sucker Punch","Envenom+1","Noxious Fumes","Deflect+1","Dash+1","Slice+1","Dagger Spray+1","Night Terror","Flying Knee+1","Escape Plan+1","Acrobatics","Phantasmal Killer","PiercingWail+1","Infinite Blades","Bouncing Flask","Noxious Fumes","Tools of the Trade+1"],"relics":["Ring of the Snake","NeowsBlessing","Bag of Preparation","Blood Vial","WristBlade","Red Mask","Boot","Dream Catcher","Bronze Scales","Lizard Tail","Mercury Hourglass","Bag of Marbles","Frozen Egg 2"],"potions_floor_usage":[16,22,33,33,38,41],"damage_taken":[{"damage":0,"enemies":"Jaw Worm","floor":1,"turns":1},{"damage":0,"enemies":"2 Louse","floor":5,"turns":1},{"damage":0,"enemies":"Cultist","floor":8,"turns":1},{"damage":14,"enemies":"Lagavulin","floor":12,"turns":6},{"damage":1,"enemies":"Red Slaver","floor":13,"turns":2},{"damage":0,"enemies":"Blue Slaver","floor":14,"turns":3},{"damage":54,"enemies":"Hexaghost","floor":16,"turns":13},{"damage":15,"enemies":"Shell Parasite","floor":18,"turns":5},{"damage":15,"enemies":"Masked Bandits","floor":20,"turns":4},{"damage":5,"enemies":"2 Thieves","floor":22,"turns":4},{"damage":31,"enemies":"Cultist and Chosen","floor":24,"turns":6},{"damage":5,"enemies":"Snake Plant","floor":27,"turns":4},{"damage":21,"enemies":"Centurion and Healer","floor":31,"turns":4},{"damage":57,"enemies":"Automaton","floor":33,"turns":10},{"damage":8,"enemies":"Orb Walker","floor":35,"turns":3},{"damage":3,"enemies":"3 Shapes","floor":38,"turns":2},{"damage":97,"enemies":"Reptomancer","floor":41,"turns":8},{"damage":10,"enemies":"Writhing Mass","floor":42,"turns":1}],"seed_played":"-5734526325537821992","potions_obtained":[{"floor":4,"key":"EntropicBrew"},{"floor":4,"key":"Regen Potion"},{"floor":4,"key":"SmokeBomb"},{"floor":13,"key":"Energy Potion"},{"floor":16,"key":"Strength Potion"},{"floor":24,"key":"FearPotion"},{"floor":33,"key":"Fire Potion"},{"floor":41,"key":"SteroidPotion"}],"is_trial":false,"path_per_floor":["M","?","$","?","M","R","$","M","T","R","?","E","M","M","R","B",null,"M","?","?","?","M","R","M","R","T","M","?","R","T","M","R","B",null,"M","?","$","M","$","R","E","M"],"character_chosen":"THE_SILENT","items_purchased":["Poisoned Stab","Glass Knife","Mercury Hourglass","Infinite Blades","Bouncing Flask","Bag of Marbles","Noxious Fumes"],"campfire_rested":5,"item_purchase_floors":[3,7,37,37,37,39,39],"current_hp_per_floor":[70,70,70,70,70,70,70,70,70,70,56,42,43,45,66,29,70,55,55,42,42,39,60,31,52,52,49,49,70,70,49,70,13,70,62,62,62,61,61,61,5,0],"gold":41,"neow_bonus":"THREE_ENEMY_KILL","is_prod":false,"is_daily":false,"chose_seed":false,"campfire_upgraded":3,"win_rate":0,"timestamp":1550121885,"path_taken":["M","?","$","?","?","R","?","M","T","R","?","E","M","M","R","BOSS","M","?","?","?","M","R","?","R","T","M","?","R","?","M","R","BOSS","M","?","$","M","$","R","E","M"],"build_version":"2019-01-23","purchased_purges":1,"victory":false,"max_hp_per_floor":[70,70,70,70,70,70,70,70,70,70,70,70,70,70,70,70,70,70,70,70,70,70,70,70,70,70,70,70,70,70,70,70,70,70,70,70,70,70,70,70,70,70],"card_choices":[{"not_picked":["Dagger Spray","Skewer"],"picked":"Tactician","floor":1},{"not_picked":["Leg Sweep","Choke"],"picked":"Blade Dance","floor":5},{"not_picked":["Quick Slash","Sucker Punch"],"picked":"Expertise","floor":8},{"not_picked":["Cloak And Dagger","Wraith Form v2"],"picked":"Infinite Blades","floor":12},{"not_picked":["Prepared","Bane"],"picked":"Backflip","floor":13},{"not_picked":["Dagger Throw","Slice"],"picked":"Sucker Punch","floor":14},{"not_picked":["Night Terror","Adrenaline"],"picked":"Envenom","floor":16},{"not_picked":["Deflect","Slice+1"],"picked":"Noxious Fumes","floor":18},{"not_picked":["Noxious Fumes","Crippling Poison"],"picked":"Deflect+1","floor":20},{"not_picked":["Acrobatics+1","Dagger Throw"],"picked":"Dash+1","floor":22},{"not_picked":["Acrobatics","Poisoned Stab"],"picked":"Slice+1","floor":24},{"not_picked":["Expertise","Night Terror"],"picked":"Dagger Spray+1","floor":27},{"not_picked":["Skewer","Noxious Fumes"],"picked":"Flying Knee+1","floor":29},{"not_picked":["Outmaneuver","Endless Agony"],"picked":"Escape Plan+1","floor":31},{"not_picked":["Sucker Punch","Backflip"],"picked":"Acrobatics","floor":32},{"not_picked":["Unload","Tools of the Trade"],"picked":"Phantasmal Killer","floor":33},{"not_picked":["Bane","Deflect"],"picked":"PiercingWail+1","floor":35},{"not_picked":["Well Laid Plans+1","Flying Knee"],"picked":"Tools of the Trade","floor":41}],"player_experience":30327,"relics_obtained":[{"floor":9,"key":"Bag of Preparation"},{"floor":12,"key":"Blood Vial"},{"floor":20,"key":"Red Mask"},{"floor":26,"key":"Dream Catcher"},{"floor":30,"key":"Bronze Scales"},{"floor":41,"key":"Frozen Egg 2"}],"event_choices":[{"damage_healed":0,"gold_gain":0,"player_choice":"Ignored","damage_taken":0,"max_hp_gain":0,"max_hp_loss":0,"event_name":"Golden Wing","floor":2,"gold_loss":0},{"damage_healed":0,"gold_gain":0,"player_choice":"Got Potions","damage_taken":0,"max_hp_gain":0,"max_hp_loss":0,"event_name":"Lab","floor":4,"gold_loss":0},{"damage_healed":0,"gold_gain":0,"player_choice":"Entered Light","damage_taken":14,"max_hp_gain":0,"max_hp_loss":0,"event_name":"Shining Light","floor":11,"gold_loss":0,"cards_upgraded":["Neutralize","Defend_G"]},{"damage_healed":0,"gold_gain":0,"player_choice":"Ignored","damage_taken":0,"max_hp_gain":0,"max_hp_loss":0,"event_name":"Ghosts","floor":19,"gold_loss":0},{"damage_healed":0,"gold_gain":0,"player_choice":"Fought Bandits","damage_taken":0,"max_hp_gain":0,"max_hp_loss":0,"event_name":"Masked Bandits","floor":20,"gold_loss":0},{"damage_healed":0,"gold_gain":0,"player_choice":"Obtained Relic","damage_taken":0,"relics_obtained":["Boot"],"max_hp_gain":0,"max_hp_loss":0,"event_name":"Addict","floor":21,"gold_loss":85},{"damage_healed":0,"gold_gain":0,"cards_transformed":["Defend_G","Strike_G"],"player_choice":"Became Test Subject","damage_taken":0,"max_hp_gain":0,"max_hp_loss":0,"event_name":"Drug Dealer","floor":28,"gold_loss":0,"cards_obtained":["Endless Agony","Night Terror"]},{"damage_healed":0,"gold_gain":222,"player_choice":"Wore Mask","damage_taken":0,"max_hp_gain":0,"max_hp_loss":0,"event_name":"Tomb of Lord Red Mask","floor":36,"gold_loss":0}],"is_beta":false,"boss_relics":[{"not_picked":["Coffee Dripper","Runic Pyramid"],"picked":"WristBlade"},{"not_picked":["Calling Bell","Philosopher\u0027s Stone"],"picked":"Lizard Tail"}],"items_purged_floors":[37],"is_endless":false,"potions_floor_spawned":[5,12,13,16,24,33,41],"killed_by":"Writhing Mass","ascension_level":0}