{"gold_per_floor":[114,39,52,0,0,31,31,50,73,73,73,97,12,30,30,156,156,171,52,67,67,92,92],"floor_reached":23,"playtime":740,"items_purged":["Defend_B","Strike_B","Strike_B"],"score":191,"play_id":"dd165b0b-4353-448d-8812-e5ec2d123ed1","local_time":"20190215201446","is_ascension_mode":false,"campfire_choices":[{"data":"Static Discharge","floor":7,"key":"SMITH"},{"floor":10,"key":"REST"},{"floor":15,"key":"REST"}],"neow_cost":"NONE","seed_source_timestamp":6149014693003,"circlet_count":0,"master_deck":["Strike_B","Strike_B","Defend_B","Defend_B","Defend_B","Zap","Dualcast","Static Discharge+1","Ball Lightning","Ball Lightning","Beam Cell","Redo","Melter","Storm","Fission","Barrage","Static Discharge","Defragment","Defragment","Steam"],"relics":["Cracked Core","Strawberry","Smiling Mask","Golden Idol","Inserter"],"potions_floor_usage":[16,16,20,22,23],"damage_taken":[{"damage":3,"enemies":"Small Slimes","floor":1,"turns":4},{"damage":0,"enemies":"Cultist","floor":3,"turns":3},{"damage":26,"enemies":"Lagavulin","floor":6,"turns":6},{"damage":8,"enemies":"2 Louse","floor":8,"turns":2},{"damage":10,"enemies":"Looter","floor":12,"turns":2},{"damage":12,"enemies":"2 Fungi Beasts","floor":14,"turns":2},{"damage":33,"enemies":"Hexaghost","floor":16,"turns":5},{"damage":11,"enemies":"3 Byrds","floor":18,"turns":2},{"damage":30,"enemies":"2 Thieves","floor":20,"turns":3},{"damage":31,"enemies":"Centurion and Healer","floor":22,"turns":4},{"damage":13,"enemies":"Gremlin Leader","floor":23,"turns":2}],"seed_played":"-7798617710637354995","potions_obtained":[{"floor":0,"key":"SteroidPotion"},{"floor":0,"key":"SteroidPotion"},{"floor":0,"key":"FearPotion"},{"floor":1,"key":"SpeedPotion"},{"floor":3,"key":"FearPotion"},{"floor":6,"key":"Ancient Potion"},{"floor":18,"key":"SkillPotion"},{"floor":20,"key":"FocusPotion"}],"is_trial":false,"path_per_floor":["M","$","M","$","?","E","R","M","T","R","?","M","$","M","R","B",null,"M","$","M","?","M","E"],"character_chosen":"DEFECT","items_purchased":["Ball Lightning","Melter","Static Discharge"],"campfire_rested":2,"item_purchase_floors":[4,13,19],"current_hp_per_floor":[72,72,72,72,72,53,53,45,45,69,49,39,39,27,51,18,82,71,71,41,41,10,0],"gold":92,"neow_bonus":"THREE_SMALL_POTIONS","is_prod":false,"is_daily":false,"chose_seed":false,"campfire_upgraded":1,"win_rate":0,"timestamp":1550279686,"path_taken":["M","$","M","$","?","E","R","M","T","R","?","M","$","M","R","BOSS","M","$","M","?","M","E"],"build_version":"2019-01-23","purchased_purges":3,"victory":false,"max_hp_per_floor":[75,75,75,75,75,82,82,82,82,82,82,82,82,82,82,82,82,82,82,82,82,82,82],"card_choices":[{"not_picked":["Compile Driver","Chill","Stack"],"picked":"SKIP","floor":1},{"not_picked":["Coolheaded","Darkness"],"picked":"Static Discharge","floor":3},{"not_picked":["Genetic Algorithm","Beam Cell"],"picked":"Ball Lightning","floor":6},{"not_picked":["Rebound","Blizzard"],"picked":"Beam Cell","floor":8},{"not_picked":["Meteor Strike","Compile Driver"],"picked":"Redo","floor":12},{"not_picked":["Turbo","Heatsinks"],"picked":"Storm","floor":14},{"not_picked":["All For One","Seek"],"picked":"Fission","floor":16},{"not_picked":["Cold Snap","Force Field"],"picked":"Barrage","floor":18},{"not_picked":["Turbo+1","Capacitor"],"picked":"Defragment","floor":20},{"not_picked":["Force Field+1","Reprogram+1"],"picked":"Steam","floor":22}],"player_experience":48904,"relics_obtained":[{"floor":6,"key":"Strawberry"},{"floor":9,"key":"Smiling Mask"}],"event_choices":[{"damage_healed":0,"gold_gain":0,"player_choice":"Leave","damage_taken":0,"max_hp_gain":0,"max_hp_loss":0,"event_name":"The Cleric","floor":5,"gold_loss":0},{"damage_healed":0,"gold_gain":0,"player_choice":"Take Damage","damage_taken":20,"relics_obtained":["Golden Idol"],"max_hp_gain":0,"max_hp_loss":0,"event_name":"Golden Idol","floor":11,"gold_loss":0},{"damage_healed":0,"gold_gain":0,"player_choice":"Copied","damage_taken":0,"max_hp_gain":0,"max_hp_loss":0,"event_name":"Duplicator","floor":21,"gold_loss":0,"cards_obtained":["Defragment"]}],"is_beta":false,"boss_relics":[{"not_picked":["Cursed Key","Philosopher\u0027s Stone"],"picked":"Inserter"}],"items_purged_floors":[2,13,19],"is_endless":false,"potions_floor_spawned":[1,3,6,18,20],"killed_by":"Gremlin Leader","ascension_level":0}