{"gold_per_floor":[115,115,40,50,67,92,104,141,180,217,229,241,253,190,190,267,267,277,277,88,13,31,31,49,49,120,136,38,38,38,67,67,146,146,159,78,97,197,215,241,241,270,340,340,353,364,239,259,259,259],"floor_reached":51,"playtime":2022,"items_purged":["Strike_R","Strike_R+1","Impatience"],"score":1421,"play_id":"e442ca77-0fc6-477c-bd59-18d907d9568f","local_time":"20190217155156","is_ascension_mode":true,"campfire_choices":[{"data":"Spot Weakness","floor":7.0,"key":"SMITH"},{"data":"Bash","floor":11.0,"key":"SMITH"},{"floor":13.0,"key":"REST"},{"data":"Defend_R","floor":15.0,"key":"SMITH"},{"data":"Dropkick","floor":23.0,"key":"SMITH"},{"floor":32.0,"key":"REST"},{"data":"Dual Wield","floor":41,"key":"SMITH"},{"floor":44,"key":"REST"},{"floor":49,"key":"REST"}],"neow_cost":"TEN_PERCENT_HP_LOSS","seed_source_timestamp":7503511436001,"circlet_count":0,"master_deck":["AscendersBane","Defend_R+1","Defend_R+1","Bash+1","Spot Weakness+1","Rampage+1","Reaper","Dropkick+1","Flash of Steel","Limit Break","Dropkick","Dual Wield+1","Shrug It Off+1"],"special_seed":0,"relics":["Burning Blood","MawBank","Whetstone","Blood Vial","War Paint","Runic Dome","Bottled Lightning","Bronze Scales","Runic Pyramid","Gambling Chip","Anchor","Art of War","Letter Opener"],"potions_floor_usage":[50,50],"damage_taken":[{"damage":8.0,"enemies":"Small Slimes","floor":1.0,"turns":5.0},{"damage":1.0,"enemies":"Cultist","floor":4.0,"turns":3.0},{"damage":9.0,"enemies":"2 Louse","floor":5.0,"turns":3.0},{"damage":26.0,"enemies":"Gremlin Nob","floor":6.0,"turns":4.0},{"damage":20.0,"enemies":"Lagavulin","floor":8.0,"turns":5.0},{"damage":33.0,"enemies":"Gremlin Nob","floor":10.0,"turns":5.0},{"damage":24.0,"enemies":"The Guardian","floor":16.0,"turns":10.0},{"damage":14.0,"enemies":"Shell Parasite","floor":18.0,"turns":4.0},{"damage":21.0,"enemies":"3 Byrds","floor":22.0,"turns":5.0},{"damage":25.0,"enemies":"Sentry and Sphere","floor":24.0,"turns":6.0},{"damage":32.0,"enemies":"Shelled Parasite and Fungi","floor":27.0,"turns":3.0},{"damage":40.0,"enemies":"Gremlin Leader","floor":31.0,"turns":5.0},{"damage":48,"enemies":"Champ","floor":33,"turns":6},{"damage":29,"enemies":"Orb Walker","floor":35,"turns":3},{"damage":29,"enemies":"3 Darklings","floor":37,"turns":4},{"damage":0,"enemies":"Mind Bloom Boss Battle","floor":38,"turns":3},{"damage":24,"enemies":"Sphere and 2 Shapes","floor":39,"turns":6},{"damage":0,"enemies":"Giant Head","floor":40,"turns":4},{"damage":36,"enemies":"Nemesis","floor":42,"turns":5},{"damage":0,"enemies":"Maw","floor":45,"turns":2},{"damage":63,"enemies":"4 Shapes","floor":46,"turns":7},{"damage":32,"enemies":"Spire Growth","floor":48,"turns":3},{"damage":18,"enemies":"Donu and Deca","floor":50,"turns":5}],"seed_played":"7525201564598828847","potions_obtained":[{"floor":4.0,"key":"FearPotion"},{"floor":5.0,"key":"Poison Potion"},{"floor":6.0,"key":"AttackPotion"},{"floor":24.0,"key":"Fire Potion"},{"floor":31.0,"key":"SpeedPotion"},{"floor":35,"key":"SpeedPotion"}],"is_trial":false,"path_per_floor":["M","?","?","M","M","E","R","E","T","E","R","?","R","$","R","B",null,"M","?","$","?","M","R","M","?","T","M","$","?","?","E","R","B",null,"M","$","M","?","M","E","R","E","T","R","M","M","$","M","R","B",null],"character_chosen":"IRONCLAD","items_purchased":["Flash of Steel","Impatience","Ancient Potion"],"campfire_rested":4,"item_purchase_floors":[20,28,36],"current_hp_per_floor":[66,71,71,73,70,50,50,36,36,15,15,8,29,29,29,13,58,70,70,70,70,73,73,54,54,54,50,50,50,50,46,67,45,66,69,69,73,73,73,73,73,43,43,64,73,53,53,53,73,73],"gold":259,"neow_bonus":"REMOVE_TWO","is_prod":false,"is_daily":false,"chose_seed":false,"campfire_upgraded":5,"win_rate":0,"timestamp":1550429516,"path_taken":["M","?","?","M","M","E","R","E","T","E","R","?","R","$","R","BOSS","M","?","$","?","M","R","M","?","T","?","$","?","?","E","R","BOSS","M","$","M","?","M","E","R","E","T","R","M","M","$","M","R","BOSS"],"build_version":"2018-11-15","purchased_purges":3,"victory":true,"max_hp_per_floor":[68,73,73,73,73,73,73,73,73,73,73,73,73,73,73,73,73,73,73,73,73,73,73,73,73,73,73,73,73,73,73,73,73,73,73,73,73,73,73,73,73,73,73,73,73,73,73,73,73,73],"card_choices":[{"not_picked":["Flex","Whirlwind"],"picked":"Spot Weakness","floor":1.0},{"not_picked":["Fire Breathing","Clash"],"picked":"Rampage","floor":4.0},{"not_picked":["Hemokinesis","Wild Strike","Iron Wave"],"picked":"SKIP","floor":5.0},{"not_picked":["Spot Weakness","Cleave","Rampage"],"picked":"SKIP","floor":6.0},{"not_picked":["Sever Soul","Combust"],"picked":"Reaper","floor":8.0},{"not_picked":["Cleave","Heavy Blade","Armaments"],"picked":"SKIP","floor":10.0},{"not_picked":["Sentinel","Headbutt+1"],"picked":"Pummel","floor":18.0},{"not_picked":["Twin Strike","Pummel","Combust"],"picked":"SKIP","floor":22.0},{"not_picked":["Armaments","Pommel Strike","Anger"],"picked":"SKIP","floor":24.0},{"not_picked":["Armaments","Pommel Strike","Anger"],"picked":"SKIP","floor":24.0},{"not_picked":["Rupture","Armaments","Evolve"],"picked":"SKIP","floor":27.0},{"not_picked":["Feed","Entrench+1","Headbutt"],"picked":"SKIP","floor":31.0},{"not_picked":["Impervious","Berserk"],"picked":"Limit Break","floor":33},{"not_picked":["Disarm","Thunderclap","Havoc+1"],"picked":"SKIP","floor":35},{"not_picked":["Heavy Blade","Flex"],"picked":"Dropkick","floor":37},{"not_picked":["Sword Boomerang","Fire Breathing","Whirlwind"],"picked":"SKIP","floor":39},{"not_picked":["Shrug It Off","Reckless Charge"],"picked":"Dual Wield","floor":40},{"not_picked":["Shockwave+1","Demon Form","Sword Boomerang+1"],"picked":"SKIP","floor":42},{"not_picked":["Spot Weakness","Twin Strike","Pommel Strike"],"picked":"SKIP","floor":45},{"not_picked":["Uppercut","Iron Wave","Armaments+1"],"picked":"SKIP","floor":46},{"not_picked":["Flex","Thunderclap"],"picked":"Shrug It Off+1","floor":48}],"player_experience":154914,"relics_obtained":[{"floor":6.0,"key":"MawBank"},{"floor":8.0,"key":"Whetstone"},{"floor":9.0,"key":"Blood Vial"},{"floor":10.0,"key":"War Paint"},{"floor":26.0,"key":"Bottled Lightning"},{"floor":31.0,"key":"Bronze Scales"},{"floor":38,"key":"Gambling Chip"},{"floor":40,"key":"Anchor"},{"floor":42,"key":"Art of War"},{"floor":43,"key":"Letter Opener"}],"event_choices":[{"damage_healed":0.0,"max_hp_gain":5.0,"max_hp_loss":0.0,"gold_gain":0.0,"event_name":"Big Fish","player_choice":"Donut","floor":2.0,"gold_loss":0.0,"damage_taken":0.0},{"cards_removed":["Strike_R"],"damage_healed":0.0,"max_hp_gain":0.0,"max_hp_loss":0.0,"gold_gain":0.0,"event_name":"The Cleric","player_choice":"Card Removal","floor":3.0,"gold_loss":75.0,"damage_taken":0.0},{"cards_removed":["Strike_R"],"damage_healed":0.0,"max_hp_gain":0.0,"max_hp_loss":0.0,"gold_gain":0.0,"event_name":"Golden Wing","player_choice":"Card Removal","floor":12.0,"gold_loss":0.0,"damage_taken":7.0},{"damage_healed":0.0,"max_hp_gain":0.0,"max_hp_loss":0.0,"gold_gain":0.0,"event_name":"The Library","player_choice":"Read","floor":19.0,"gold_loss":0.0,"damage_taken":0.0,"cards_obtained":["Dropkick"]},{"cards_removed":["Pummel"],"damage_healed":0.0,"max_hp_gain":0.0,"max_hp_loss":0.0,"gold_gain":0.0,"event_name":"Beggar","player_choice":"Gave Gold","floor":21.0,"gold_loss":75.0,"damage_taken":0.0},{"damage_healed":0.0,"max_hp_gain":0.0,"max_hp_loss":0.0,"gold_gain":0.0,"event_name":"Match and Keep!","player_choice":"0 cards matched","floor":25.0,"gold_loss":0.0,"damage_taken":0.0,"cards_obtained":[]},{"cards_removed":["Defend_R"],"damage_healed":0.0,"max_hp_gain":0.0,"max_hp_loss":0.0,"gold_gain":0.0,"event_name":"Back to Basics","player_choice":"Elegance","floor":30.0,"gold_loss":0.0,"damage_taken":0.0},{"damage_healed":0,"gold_gain":0,"player_choice":"Fight","damage_taken":0,"max_hp_gain":0,"max_hp_loss":0,"event_name":"MindBloom","floor":38,"gold_loss":0}],"is_beta":false,"boss_relics":[{"not_picked":["Calling Bell","Astrolabe"],"picked":"Runic Dome"},{"not_picked":["Lizard Tail","Orrery"],"picked":"Runic Pyramid"}],"items_purged_floors":[14,20,47],"is_endless":false,"potions_floor_spawned":[4,5,6,24,31,35,39,42,46,48],"ascension_level":17}