{"gold_per_floor":[110,90,104,33,49,49,49,49,49,49],"floor_reached":10,"playtime":651,"items_purged":[],"score":56,"play_id":"a2c6bc40-3e15-4c76-bc93-980c0b730c0b","local_time":"20190204120149","is_ascension_mode":false,"campfire_choices":[{"floor":6,"key":"REST"}],"neow_cost":"PERCENT_DAMAGE","seed_source_timestamp":47929946273687,"circlet_count":0,"master_deck":["Defend_G","Defend_G","Defend_G","Defend_G","Defend_G","Strike_G+1","Strike_G","Strike_G","Survivor+1","Neutralize","Cloak And Dagger","Eviscerate","Accuracy","Acrobatics"],"relics":["Ring of the Snake","Golden Idol","Shuriken"],"potions_floor_usage":[],"damage_taken":[{"damage":4,"enemies":"Jaw Worm","floor":1,"turns":8},{"damage":0,"enemies":"Small Slimes","floor":3,"turns":6},{"damage":0,"enemies":"2 Louse","floor":5,"turns":5},{"damage":70,"enemies":"Gremlin Nob","floor":10,"turns":6}],"seed_played":"8452136974231783335","potions_obtained":[{"floor":1,"key":"Block Potion"}],"is_trial":false,"path_per_floor":["M","?","M","$","M","R","?","?","T","E"],"character_chosen":"THE_SILENT","items_purchased":["Accuracy"],"campfire_rested":1,"item_purchase_floors":[4],"current_hp_per_floor":[45,45,45,45,45,66,65,52,52,0],"gold":49,"neow_bonus":"REMOVE_TWO","is_prod":false,"is_daily":false,"chose_seed":false,"campfire_upgraded":0,"win_rate":0.0,"timestamp":1549270909,"path_taken":["M","?","M","$","M","R","?","?","T","E"],"build_version":"2019-01-23","purchased_purges":0,"victory":false,"max_hp_per_floor":[70,70,70,70,70,70,65,65,65,65],"card_choices":[{"not_picked":["Dash","Blade Dance"],"picked":"Cloak And Dagger","floor":1},{"not_picked":["Acrobatics","Slice"],"picked":"Eviscerate","floor":3},{"not_picked":["Dodge and Roll","Poisoned Stab"],"picked":"Acrobatics","floor":5}],"player_experience":167916,"relics_obtained":[{"floor":9,"key":"Shuriken"}],"event_choices":[{"damage_healed":0,"gold_gain":0,"player_choice":"Left Gold","damage_taken":0,"max_hp_gain":0,"max_hp_loss":0,"event_name":"World of Goop","floor":2,"gold_loss":20},{"damage_healed":0,"gold_gain":0,"player_choice":"Lose Max HP","damage_taken":0,"relics_obtained":["Golden Idol"],"max_hp_gain":0,"max_hp_loss":5,"event_name":"Golden Idol","floor":7,"gold_loss":0},{"damage_healed":0,"gold_gain":0,"player_choice":"Entered Light","damage_taken":13,"max_hp_gain":0,"max_hp_loss":0,"event_name":"Shining Light","floor":8,"gold_loss":0,"cards_upgraded":["Strike_G","Survivor"]}],"is_beta":false,"boss_relics":[],"items_purged_floors":[],"is_endless":false,"potions_floor_spawned":[1],"killed_by":"Gremlin Nob","ascension_level":0}