{"gold_per_floor":[116,66,66,77,77,108,108,108,108,118,147,37,37,49,49,154,154,171,171,171,16,16,16,16,43,43,43,58,10,35,35,35,140,140,157,157,257,268,96,96,96,115,115,115,145,20,50,50],"floor_reached":48,"playtime":3879,"items_purged":["Parasite","Strike_R","Strike_R"],"score":837,"play_id":"5486ef32-4cdf-4ffd-bc4f-b3c3439defbe","local_time":"20190213191707","is_ascension_mode":true,"campfire_choices":[{"floor":7.0,"key":"REST"},{"data":"Intimidate","floor":13.0,"key":"SMITH"},{"data":"Dropkick","floor":15.0,"key":"SMITH"},{"data":"Bludgeon","floor":23.0,"key":"SMITH"},{"floor":32.0,"key":"REST"},{"data":"Barricade","floor":40.0,"key":"SMITH"},{"floor":44.0,"key":"REST"}],"neow_cost":"NONE","seed_source_timestamp":51650941034275,"circlet_count":0,"master_deck":["AscendersBane","Strike_R+1","Defend_R","Defend_R","Defend_R","Defend_R+1","Bash","Intimidate+1","Shockwave","Ghostly Armor","Carnage","Inflame","Dropkick+1","Bludgeon+1","Corruption","Second Wind+1","Armaments+1","Metallicize","Necronomicurse","Feel No Pain","Barricade+1","Body Slam+1","Entrench+1","Armaments+1","Evolve","Reaper+1","Burning Pact+1","Clash+1"],"special_seed":0,"relics":["Burning Blood","Orichalcum","Strawberry","Darkstone Periapt","PreservedInsect","Juzu Bracelet","Calling Bell","Anchor","Letter Opener","Gambling Chip","Toxic Egg 2","Molten Egg 2","Unceasing Top","Necronomicon","Omamori","Runic Cube","Prayer Wheel","Ornamental Fan","Blue Candle","StoneCalendar"],"potions_floor_usage":[48],"damage_taken":[{"damage":0.0,"enemies":"Cultist","floor":1.0,"turns":4.0},{"damage":2.0,"enemies":"Jaw Worm","floor":4.0,"turns":4.0},{"damage":39.0,"enemies":"Lagavulin","floor":6.0,"turns":8.0},{"damage":4.0,"enemies":"2 Louse","floor":10.0,"turns":3.0},{"damage":7.0,"enemies":"Gremlin Nob","floor":11.0,"turns":3.0},{"damage":9.0,"enemies":"Exordium Wildlife","floor":14.0,"turns":5.0},{"damage":50.0,"enemies":"Hexaghost","floor":16.0,"turns":10.0},{"damage":29.0,"enemies":"Spheric Guardian","floor":18.0,"turns":5.0},{"damage":7.0,"enemies":"Colosseum Slavers","floor":22.0,"turns":4.0},{"damage":33.0,"enemies":"Gremlin Leader","floor":25.0,"turns":6.0},{"damage":0.0,"enemies":"Shell Parasite","floor":28.0,"turns":1.0},{"damage":67.0,"enemies":"Collector","floor":33.0,"turns":11.0},{"damage":30.0,"enemies":"3 Darklings","floor":35.0,"turns":10.0},{"damage":3.0,"enemies":"Mind Bloom Boss Battle","floor":37.0,"turns":8.0},{"damage":5.0,"enemies":"Orb Walker","floor":38.0,"turns":3.0},{"damage":12.0,"enemies":"Jaw Worm Horde","floor":42.0,"turns":5.0},{"damage":69.0,"enemies":"Reptomancer","floor":45.0,"turns":8.0},{"damage":40.0,"enemies":"Nemesis","floor":47.0,"turns":5.0},{"damage":21,"enemies":"Transient","floor":48,"turns":3}],"seed_played":"-8226694715391382067","potions_obtained":[{"floor":4.0,"key":"Fire Potion"},{"floor":10.0,"key":"Strength Potion"},{"floor":14.0,"key":"EntropicBrew"},{"floor":16.0,"key":"Energy Potion"},{"floor":18.0,"key":"AttackPotion"},{"floor":25.0,"key":"SteroidPotion"},{"floor":35.0,"key":"EssenceOfSteel"},{"floor":37.0,"key":"Weak Potion"},{"floor":47.0,"key":"Weak Potion"}],"is_trial":false,"path_per_floor":["M","?","?","M","?","E","R","?","T","M","E","$","R","M","R","B",null,"M","?","?","$","?","R","?","E","T","?","M","$","T","?","R","B",null,"M","?","?","M","$","R","?","M","T","R","E","$","E","M"],"character_chosen":"IRONCLAD","items_purchased":["Inflame","Corruption","Second Wind+1","Armaments+1","Fire Potion","Evolve"],"campfire_rested":3,"item_purchase_floors":[12,21,21,21,29,39],"current_hp_per_floor":[78,78,62,66,61,28,54,81,81,83,82,82,82,79,79,35,94,71,71,71,71,70,70,70,43,43,33,39,39,39,39,73,12,89,65,65,68,69,69,69,69,63,63,97,51,51,17,0],"gold":50,"neow_bonus":"RANDOM_COMMON_RELIC","is_prod":false,"is_daily":false,"chose_seed":false,"campfire_upgraded":4,"win_rate":0,"timestamp":1550107027,"path_taken":["M","?","?","M","?","E","R","?","T","M","E","$","R","M","R","BOSS","M","?","?","$","?","R","?","E","T","?","M","$","?","?","R","BOSS","M","?","?","M","$","R","?","M","T","R","E","$","E","M"],"build_version":"2019-01-23","purchased_purges":3,"victory":false,"max_hp_per_floor":[80,80,80,80,87,87,87,93,93,93,93,90,90,90,90,90,108,108,108,108,108,108,108,108,108,108,114,114,114,114,114,114,114,114,114,114,114,114,114,114,114,114,114,114,114,114,114,114],"card_choices":[{"not_picked":["Twin Strike","Sword Boomerang"],"picked":"Intimidate","floor":1.0},{"not_picked":["Clothesline","Twin Strike"],"picked":"Shockwave","floor":4.0},{"not_picked":["Havoc","Twin Strike","Headbutt"],"picked":"SKIP","floor":6.0},{"not_picked":["Wild Strike","Power Through"],"picked":"Ghostly Armor","floor":10.0},{"not_picked":["Anger","Flex"],"picked":"Carnage","floor":11.0},{"not_picked":["Clothesline","Hemokinesis"],"picked":"Dropkick","floor":14.0},{"not_picked":["Reaper","Barricade"],"picked":"Bludgeon","floor":16.0},{"not_picked":["Clothesline+1","Reckless Charge","Sword Boomerang"],"picked":"SKIP","floor":18.0},{"not_picked":["Body Slam","Armaments+1"],"picked":"Metallicize","floor":25.0},{"not_picked":["Thunderclap+1","Pommel Strike+1"],"picked":"Feel No Pain","floor":28.0},{"not_picked":["Fiend Fire+1","Bludgeon+1"],"picked":"Barricade","floor":33.0},{"not_picked":["Twin Strike+1","Wild Strike+1","Anger+1"],"picked":"SKIP","floor":35.0},{"not_picked":["Perfected Strike+1","Cleave+1"],"picked":"Body Slam+1","floor":37.0},{"not_picked":["Twin Strike+1","Intimidate+1"],"picked":"Entrench+1","floor":38.0},{"not_picked":["Rampage+1","Dropkick+1"],"picked":"Armaments+1","floor":38.0},{"not_picked":["Carnage+1","Perfected Strike+1"],"picked":"Reaper+1","floor":42.0},{"not_picked":["Flex+1","Havoc+1"],"picked":"Burning Pact+1","floor":42.0},{"not_picked":["Disarm+1","Twin Strike+1"],"picked":"Clash+1","floor":45.0},{"not_picked":["Heavy Blade+1","Warcry+1","Flex+1"],"picked":"SKIP","floor":47.0}],"player_experience":305208,"relics_obtained":[{"floor":6.0,"key":"Darkstone Periapt"},{"floor":9.0,"key":"PreservedInsect"},{"floor":11.0,"key":"Juzu Bracelet"},{"floor":17.0,"key":"Anchor"},{"floor":17.0,"key":"Letter Opener"},{"floor":17.0,"key":"Gambling Chip"},{"floor":25.0,"key":"Molten Egg 2"},{"floor":26.0,"key":"Unceasing Top"},{"floor":27.0,"key":"Necronomicon"},{"floor":30.0,"key":"Omamori"},{"floor":37.0,"key":"Prayer Wheel"},{"floor":43.0,"key":"Ornamental Fan"},{"floor":45.0,"key":"Blue Candle"},{"floor":47.0,"key":"StoneCalendar"}],"event_choices":[{"cards_removed":["Strike_R"],"damage_healed":0.0,"max_hp_gain":0.0,"max_hp_loss":0.0,"gold_gain":0.0,"event_name":"The Cleric","player_choice":"Card Removal","floor":2.0,"gold_loss":50.0,"damage_taken":0.0},{"damage_healed":0.0,"max_hp_gain":0.0,"max_hp_loss":0.0,"gold_gain":0.0,"event_name":"Shining Light","player_choice":"Entered Light","floor":3.0,"gold_loss":0.0,"damage_taken":16.0,"cards_upgraded":["Defend_R","Strike_R"]},{"damage_healed":0.0,"max_hp_gain":0.0,"max_hp_loss":0.0,"gold_gain":0.0,"event_name":"Scrap Ooze","player_choice":"Success","floor":5.0,"gold_loss":0.0,"damage_taken":12.0,"relics_obtained":["Strawberry"]},{"damage_healed":21.0,"max_hp_gain":0.0,"max_hp_loss":0.0,"gold_gain":0.0,"event_name":"Mushrooms","player_choice":"Healed and dodged fight","floor":8.0,"gold_loss":0.0,"damage_taken":0.0,"cards_obtained":["Parasite"]},{"damage_healed":0.0,"max_hp_gain":0.0,"max_hp_loss":0.0,"gold_gain":0.0,"event_name":"The Mausoleum","player_choice":"Opened","floor":19.0,"gold_loss":0.0,"damage_taken":0.0,"relics_obtained":["Toxic Egg 2"]},{"cards_removed":["Regret"],"damage_healed":0.0,"max_hp_gain":0.0,"max_hp_loss":0.0,"gold_gain":0.0,"event_name":"Purifier","player_choice":"Purged","floor":20.0,"gold_loss":0.0,"damage_taken":0.0},{"damage_healed":0.0,"max_hp_gain":0.0,"max_hp_loss":0.0,"gold_gain":0.0,"event_name":"Colosseum","player_choice":"Fight","floor":22.0,"gold_loss":0.0,"damage_taken":0.0},{"damage_healed":0.0,"max_hp_gain":0.0,"max_hp_loss":0.0,"gold_gain":0.0,"event_name":"Colosseum","player_choice":"Fled From Nobs","floor":22.0,"gold_loss":0.0,"damage_taken":0.0},{"damage_healed":0.0,"max_hp_gain":0.0,"max_hp_loss":0.0,"gold_gain":0.0,"event_name":"Beggar","player_choice":"Ignored","floor":24.0,"gold_loss":0.0,"damage_taken":0.0},{"damage_healed":0.0,"max_hp_gain":0.0,"max_hp_loss":0.0,"gold_gain":0.0,"event_name":"Cursed Tome","player_choice":"Obtained Book","floor":27.0,"gold_loss":0.0,"damage_taken":16.0},{"damage_healed":0.0,"max_hp_gain":0.0,"max_hp_loss":0.0,"gold_gain":0.0,"cards_transformed":["Pain","Normality"],"event_name":"Drug Dealer","player_choice":"Became Test Subject","floor":31.0,"gold_loss":0.0,"damage_taken":0.0,"cards_obtained":["Writhe","Writhe"]},{"damage_healed":0.0,"max_hp_gain":0.0,"max_hp_loss":0.0,"gold_gain":0.0,"event_name":"Tomb of Lord Red Mask","player_choice":"Ignored","floor":36.0,"gold_loss":0.0,"damage_taken":0.0},{"damage_healed":0.0,"max_hp_gain":0.0,"max_hp_loss":0.0,"gold_gain":0.0,"event_name":"MindBloom","player_choice":"Fight","floor":37.0,"gold_loss":0.0,"damage_taken":0.0},{"cards_removed":["Strike_R"],"damage_healed":0.0,"max_hp_gain":0.0,"max_hp_loss":0.0,"gold_gain":0.0,"event_name":"Bonfire Elementals","player_choice":"Offered Basic","floor":41.0,"gold_loss":0.0,"damage_taken":0.0}],"is_beta":false,"boss_relics":[{"not_picked":["Astrolabe","Runic Pyramid"],"picked":"Calling Bell"},{"not_picked":["Tiny House","Empty Cage"],"picked":"Runic Cube"}],"items_purged_floors":[12,39,46],"is_endless":false,"potions_floor_spawned":[4,10,14,16,18,22,25,35,37,38,47],"killed_by":"Transient","ascension_level":11}