{"gold_per_floor":[110,110,130,55,72,72,72,72,153,153,164,38,65,94,106,217,229,261,20,20,119,139,139,153,153,153,153,28,42,42,42,42,42],"floor_reached":33,"playtime":2007,"items_purged":["Defend_B","Strike_B","Strike_B"],"score":304,"play_id":"11a820a3-3283-4d7b-b162-baa9b37f08b9","local_time":"20181210224000","is_ascension_mode":true,"campfire_choices":[{"data":"Scrape","floor":6,"key":"SMITH"},{"data":"Streamline","floor":8,"key":"SMITH"},{"data":"Zap","floor":10,"key":"SMITH"},{"floor":15,"key":"REST"},{"data":"Redo","floor":23,"key":"SMITH"},{"data":"Scrape","floor":27,"key":"SMITH"},{"floor":30,"key":"REST"},{"floor":32,"key":"REST"}],"neow_cost":"NONE","seed_source_timestamp":11745492446213,"circlet_count":0,"master_deck":["Defend_B","Defend_B","Defend_B","Zap+1","Dualcast","Scrape+1","Streamline+1","Streamline+1","Streamline","Auto Shields","Darkness","Fission","Streamline+1","Panache","BootSequence","Redo+1","Scrape+1","Fission","Writhe"],"relics":["Empty Cage","Sundial","White Beast Statue","Nloth\u0027s Gift","Juzu Bracelet","Frozen Egg 2"],"potions_floor_usage":[16,16,24,24,24,29,33],"damage_taken":[{"damage":1,"enemies":"2 Louse","floor":1,"turns":2},{"damage":1,"enemies":"Cultist","floor":3,"turns":4},{"damage":0,"enemies":"Small Slimes","floor":5,"turns":3},{"damage":9,"enemies":"Red Slaver","floor":11,"turns":2},{"damage":35,"enemies":"Lagavulin","floor":13,"turns":4},{"damage":0,"enemies":"2 Fungi Beasts","floor":14,"turns":3},{"damage":20,"enemies":"Hexaghost","floor":16,"turns":7},{"damage":23,"enemies":"2 Thieves","floor":18,"turns":4},{"damage":13,"enemies":"Shell Parasite","floor":22,"turns":5},{"damage":20,"enemies":"Chosen and Byrds","floor":24,"turns":6},{"damage":28,"enemies":"Centurion and Healer","floor":29,"turns":5},{"damage":54,"enemies":"Automaton","floor":33,"turns":8}],"seed_played":"-1861307018904042330","potions_obtained":[{"floor":13,"key":"LiquidBronze"},{"floor":14,"key":"SpeedPotion"},{"floor":16,"key":"Dexterity Potion"},{"floor":18,"key":"EssenceOfSteel"},{"floor":22,"key":"Regen Potion"},{"floor":24,"key":"Strength Potion"},{"floor":29,"key":"GamblersBrew"}],"is_trial":false,"path_per_floor":["M","?","M","$","M","R","?","R","T","R","M","$","E","M","R","B",null,"M","$","?","?","M","R","M","?","T","R","$","M","R","?","R","B"],"character_chosen":"DEFECT","items_purchased":["Streamline","Panache","BootSequence"],"campfire_rested":3,"item_purchase_floors":[12,19,19],"current_hp_per_floor":[74,74,73,73,73,73,73,73,73,73,64,64,29,29,51,31,75,52,52,52,52,39,39,34,34,34,34,34,6,28,28,50,0],"gold":42,"neow_bonus":"BOSS_RELIC","is_prod":false,"is_daily":false,"chose_seed":false,"campfire_upgraded":5,"win_rate":0,"timestamp":1544503200,"path_taken":["M","?","?","$","M","R","?","R","T","R","?","$","E","M","R","BOSS","M","$","?","?","M","R","M","?","T","R","$","M","R","?","R","BOSS"],"build_version":"2018-12-06","purchased_purges":3,"victory":false,"max_hp_per_floor":[75,75,75,75,75,75,75,75,75,75,75,75,75,75,75,75,75,75,75,75,75,75,75,75,75,75,75,75,75,75,75,75,75],"card_choices":[{"not_picked":["Turbo","White Noise"],"picked":"Scrape","floor":1},{"not_picked":["Leap","Steam"],"picked":"Streamline","floor":3},{"not_picked":["Steam","Beam Cell"],"picked":"Streamline","floor":5},{"not_picked":["Beam Cell","Gash","Stack"],"picked":"SKIP","floor":11},{"not_picked":["Rainbow","Gash"],"picked":"Auto Shields","floor":13},{"not_picked":["Sweeping Beam","Hello World"],"picked":"Darkness","floor":14},{"not_picked":["Reboot","Creative AI"],"picked":"Fission","floor":16},{"not_picked":["Leap","Hologram+1"],"picked":"Streamline+1","floor":18},{"not_picked":["Stack+1","Barrage"],"picked":"Redo","floor":22},{"not_picked":["Beam Cell+1","Turbo+1"],"picked":"Scrape","floor":24},{"not_picked":["Steam Power+1","Go for the Eyes+1"],"picked":"Fission","floor":29}],"player_experience":447890,"relics_obtained":[{"floor":9,"key":"Sundial"},{"floor":13,"key":"MawBank"},{"floor":26,"key":"Juzu Bracelet"}],"event_choices":[{"damage_healed":0,"gold_gain":0,"player_choice":"Bought 0 Potions","damage_taken":0,"max_hp_gain":0,"max_hp_loss":0,"event_name":"The Woman in Blue","floor":2,"gold_loss":0},{"damage_healed":0,"gold_gain":0,"player_choice":"Upgraded","damage_taken":0,"max_hp_gain":0,"max_hp_loss":0,"event_name":"Upgrade Shrine","floor":7,"gold_loss":0,"cards_upgraded":["Streamline"]},{"damage_healed":0,"gold_gain":0,"player_choice":"Ignored","damage_taken":0,"max_hp_gain":0,"max_hp_loss":0,"event_name":"Vampires","floor":20,"gold_loss":0},{"damage_healed":0,"gold_gain":99,"player_choice":"Stole From Cult","damage_taken":0,"max_hp_gain":0,"max_hp_loss":0,"event_name":"Nest","floor":21,"gold_loss":0},{"damage_healed":0,"gold_gain":0,"player_choice":"Traded Relic","damage_taken":0,"relics_obtained":["Nloth\u0027s Gift"],"max_hp_gain":0,"max_hp_loss":0,"event_name":"N\u0027loth","floor":25,"relics_lost":["MawBank"],"gold_loss":0},{"damage_healed":0,"gold_gain":0,"player_choice":"Opened","damage_taken":0,"relics_obtained":["Frozen Egg 2"],"max_hp_gain":0,"max_hp_loss":0,"event_name":"The Mausoleum","floor":31,"gold_loss":0,"cards_obtained":["Writhe"]}],"is_beta":false,"boss_relics":[{"not_picked":["Runic Pyramid","Orrery"],"picked":"White Beast Statue"}],"items_purged_floors":[4,12,28],"is_endless":false,"potions_floor_spawned":[13,14,16,18,22,24,29],"killed_by":"Automaton","ascension_level":3}