{"gold_per_floor":[118,118,118,135,151,151,165,181,228,254,264,148,159,129,129,129],"floor_reached":16,"playtime":921,"items_purged":[],"score":104,"play_id":"96581fb2-b602-4ee3-90e1-4e9829b41fd0","local_time":"20190212235145","is_ascension_mode":false,"campfire_choices":[{"data":"Neutralize","floor":6,"key":"SMITH"},{"floor":15,"key":"REST"}],"neow_cost":"NONE","seed_source_timestamp":18448948269395,"circlet_count":0,"master_deck":["Defend_G","Defend_G","Defend_G","Defend_G","Defend_G","Strike_G","Strike_G","Strike_G","Strike_G","Survivor","Neutralize+1","Riddle With Holes","Burst","Dagger Spray","Dodge and Roll","All Out Attack","Wraith Form v2","Flying Knee","Well Laid Plans","Noxious Fumes","All Out Attack","Prepared"],"relics":["Ring of the Snake","NeowsBlessing","Orichalcum","Ornamental Fan"],"potions_floor_usage":[16,16],"damage_taken":[{"damage":0,"enemies":"Jaw Worm","floor":1,"turns":1},{"damage":0,"enemies":"2 Louse","floor":4,"turns":1},{"damage":0,"enemies":"Cultist","floor":5,"turns":1},{"damage":8,"enemies":"Lots of Slimes","floor":7,"turns":3},{"damage":0,"enemies":"2 Fungi Beasts","floor":8,"turns":4},{"damage":34,"enemies":"Lagavulin","floor":10,"turns":10},{"damage":22,"enemies":"Large Slime","floor":11,"turns":10},{"damage":0,"enemies":"Red Slaver","floor":13,"turns":4},{"damage":28,"enemies":"The Guardian","floor":16,"turns":9}],"seed_played":"-7808833487832659375","potions_obtained":[{"floor":1,"key":"SpeedPotion"},{"floor":5,"key":"Ancient Potion"},{"floor":8,"key":"Energy Potion"}],"is_trial":false,"path_per_floor":["M","?","?","M","M","R","M","M","T","E","M","$","M","?","R","B"],"character_chosen":"THE_SILENT","items_purchased":["Noxious Fumes","All Out Attack"],"campfire_rested":1,"item_purchase_floors":[12,12],"current_hp_per_floor":[70,70,70,70,70,70,62,62,62,28,6,6,6,6,27,0],"gold":129,"neow_bonus":"THREE_ENEMY_KILL","is_prod":false,"is_daily":false,"chose_seed":false,"campfire_upgraded":1,"win_rate":0.0,"timestamp":1550033505,"path_taken":["M","?","?","M","M","R","M","?","T","E","?","$","M","?","R","BOSS"],"build_version":"2019-01-23","purchased_purges":0,"victory":false,"max_hp_per_floor":[70,70,70,70,70,70,70,70,70,70,70,70,70,70,70,70],"card_choices":[{"not_picked":["Bouncing Flask","Skewer"],"picked":"Riddle With Holes","floor":1},{"not_picked":["Expertise","Choke"],"picked":"Dagger Spray","floor":4},{"not_picked":["Calculated Gamble","Outmaneuver"],"picked":"Dodge and Roll","floor":5},{"not_picked":["Sucker Punch","Prepared"],"picked":"All Out Attack","floor":7},{"not_picked":["Poisoned Stab","Blade Dance"],"picked":"Wraith Form v2","floor":8},{"not_picked":["Masterful Stab","Flechettes"],"picked":"Flying Knee","floor":10},{"not_picked":["Finisher","Quick Slash"],"picked":"Well Laid Plans","floor":11},{"not_picked":["Sucker Punch","Eviscerate"],"picked":"Prepared","floor":13}],"player_experience":12451,"relics_obtained":[{"floor":9,"key":"Orichalcum"},{"floor":10,"key":"Ornamental Fan"}],"event_choices":[{"damage_healed":0,"gold_gain":0,"cards_transformed":["Strike_G"],"player_choice":"Change","damage_taken":0,"max_hp_gain":0,"max_hp_loss":0,"event_name":"Living Wall","floor":2,"gold_loss":0,"cards_obtained":["Burst"]},{"damage_healed":0,"gold_gain":0,"player_choice":"Ignored","damage_taken":0,"max_hp_gain":0,"max_hp_loss":0,"event_name":"Purifier","floor":3,"gold_loss":0},{"damage_healed":0,"gold_gain":0,"player_choice":"Left Gold","damage_taken":0,"max_hp_gain":0,"max_hp_loss":0,"event_name":"World of Goop","floor":14,"gold_loss":30}],"is_beta":false,"boss_relics":[],"items_purged_floors":[],"is_endless":false,"potions_floor_spawned":[1,5,8],"killed_by":"The Guardian","ascension_level":0}