{"path_per_floor":["M","M","?","M","M","?","R","E","T","$","T","R","?","M","R","B",null,"M","?","?","M","$","R"],"character_chosen":"DEFECT","items_purchased":["Tempest","Storm"],"gold_per_floor":[20,38,38,55,68,68,68,95,119,38,38,38,38,48,48,149,149,164,164,264,274,125,125,125],"floor_reached":24,"campfire_rested":2,"playtime":2159,"item_purchase_floors":[10,22],"current_hp_per_floor":[75,67,67,67,66,66,66,57,57,57,57,57,57,49,75,39,75,48,34,34,13,13,52,0],"items_purged":["Regret"],"gold":125,"score":194,"play_id":"3657e982-eed3-4eca-9bd0-06e7c976902b","local_time":"20180605064402","is_prod":false,"is_daily":false,"chose_seed":false,"is_ascension_mode":false,"campfire_upgraded":2,"win_rate":0,"timestamp":1528199042,"campfire_choices":[{"data":"Double Energy","floor":7,"key":"SMITH"},{"data":"Rainbow","floor":12,"key":"SMITH"},{"floor":15,"key":"REST"},{"floor":23,"key":"REST"}],"path_taken":["M","M","?","?","M","?","R","E","T","$","?","R","?","M","R","BOSS","M","?","?","M","$","R","E"],"build_version":"2018-05-31","seed_source_timestamp":152183703021037,"purchased_purges":1,"victory":false,"master_deck":["Strike_B","Strike_B","Strike_B","Defend_B","Defend_B","Defend_B","Defend_B","Zap","Dualcast","Rainbow+1","Rip and Tear","Melter","Double Energy+1","Coolheaded","Buffer","Tempest","Coolheaded","Seek","Blizzard+1","Cold Snap","Storm"],"max_hp_per_floor":[75,75,75,75,75,75,75,75,75,75,75,75,75,75,75,75,75,75,80,80,80,80,80,80],"relics":["Cracked Core","Oddly Smooth Stone","Ancient Tea Set","Bottled Tornado","Regal Pillow","Runic Pyramid"],"card_choices":[{"not_picked":["Multi-Cast","Fission"],"picked":"Rainbow","floor":0},{"not_picked":["Steam Power","Beam Cell"],"picked":"Rip and Tear","floor":1},{"not_picked":["Stack","Aggregate"],"picked":"Melter","floor":2},{"not_picked":["Sweeping Beam","Aggregate"],"picked":"Double Energy","floor":4},{"not_picked":["Barrage","Ball Lightning"],"picked":"Coolheaded","floor":5},{"not_picked":["Redo","Double Energy"],"picked":"Buffer","floor":8},{"not_picked":["Steam","Doom and Gloom"],"picked":"Coolheaded","floor":14},{"not_picked":["Reboot","Meteor Strike"],"picked":"Seek","floor":16},{"not_picked":["Sweeping Beam","Aggregate"],"picked":"Blizzard+1","floor":18},{"not_picked":["Sweeping Beam","Stack+1"],"picked":"Cold Snap","floor":21}],"player_experience":110122,"potions_floor_usage":[16,16,18],"damage_taken":[{"damage":0,"enemies":"Jaw Worm","floor":1,"turns":5},{"damage":8,"enemies":"Small Slimes","floor":2,"turns":3},{"damage":0,"enemies":"Cultist","floor":4,"turns":3},{"damage":1,"enemies":"Exordium Wildlife","floor":5,"turns":3},{"damage":9,"enemies":"3 Sentries","floor":8,"turns":9},{"damage":8,"enemies":"Exordium Thugs","floor":14,"turns":4},{"damage":51,"enemies":"Hexaghost","floor":16,"turns":13},{"damage":27,"enemies":"3 Byrds","floor":18,"turns":5},{"damage":21,"enemies":"Chosen","floor":21,"turns":6},{"damage":54,"enemies":"Gremlin Leader","floor":24,"turns":5}],"relics_obtained":[{"floor":8,"key":"Oddly Smooth Stone"},{"floor":9,"key":"Ancient Tea Set"},{"floor":11,"key":"Bottled Tornado"}],"event_choices":[{"event_name":"The Cleric","player_choice":"Leave","floor":3,"damage_taken":0},{"event_name":"Bonfire Elementals","player_choice":"BASIC","floor":6,"damage_taken":0},{"event_name":"Big Fish","player_choice":"Box","floor":13,"damage_taken":0},{"event_name":"Forgotten Altar","player_choice":"Shed Blood","floor":19,"damage_taken":0},{"event_name":"Golden Shrine","player_choice":"Pray","floor":20,"damage_taken":0}],"boss_relics":[{"not_picked":["Snecko Eye","Eternal Feather"],"picked":"Runic Pyramid"}],"items_purged_floors":[22],"potions_floor_spawned":[1,2,8,18],"seed_played":"8694598334930940860","killed_by":"Gremlin Leader","ascension_level":0,"potions_obtained":[{"floor":1,"key":"Swift Potion"},{"floor":2,"key":"Regen Potion"},{"floor":8,"key":"EssenceOfSteel"},{"floor":18,"key":"Strength Potion"}],"is_trial":false}