{"gold_per_floor":[131,163,175,187,210,222,248,260,299,339,381,393,440,452,464,476],"floor_reached":16,"playtime":845,"items_purged":[],"score":189,"play_id":"e8d87bb4-f862-498e-b1ff-71052670bf82","local_time":"20190210221133","is_ascension_mode":true,"campfire_choices":[{"data":"Zap","floor":6.0,"key":"SMITH"},{"data":"Dualcast","floor":8.0,"key":"SMITH"},{"data":"Go for the Eyes","floor":12.0,"key":"SMITH"},{"floor":15,"key":"REST"}],"neow_cost":"NONE","seed_source_timestamp":0,"circlet_count":0,"master_deck":["AscendersBane","Strike_B","Strike_B","Strike_B","Defend_B","Defend_B","Defend_B","Defend_B","Zap+1","Dualcast+1","Leap","Chill","Coolheaded","BootSequence","Go for the Eyes+1","Self Repair"],"special_seed":0,"relics":["Cracked Core","MawBank","Art of War","Pen Nib","Regal Pillow","Juzu Bracelet","Bird Faced Urn"],"potions_floor_usage":[16],"damage_taken":[{"damage":10.0,"enemies":"2 Louse","floor":1.0,"turns":3.0},{"damage":12.0,"enemies":"Small Slimes","floor":2.0,"turns":3.0},{"damage":2.0,"enemies":"Jaw Worm","floor":5.0,"turns":4.0},{"damage":6.0,"enemies":"Large Slime","floor":7.0,"turns":8.0},{"damage":5.0,"enemies":"Lagavulin","floor":10.0,"turns":9.0},{"damage":26,"enemies":"3 Sentries","floor":13,"turns":10},{"damage":54,"enemies":"Hexaghost","floor":16,"turns":16}],"seed_played":"-6181679651399442800","potions_obtained":[{"floor":2.0,"key":"PowerPotion"},{"floor":5.0,"key":"Energy Potion"}],"is_trial":false,"path_per_floor":["M","M","?","?","M","R","M","R","T","E","?","R","E","?","R","B"],"character_chosen":"DEFECT","items_purchased":[],"campfire_rested":1,"item_purchase_floors":[],"current_hp_per_floor":[54,42,37,60,58,58,52,52,52,47,47,47,21,14,50,0],"gold":476,"neow_bonus":"RANDOM_COMMON_RELIC","is_prod":false,"is_daily":false,"chose_seed":false,"campfire_upgraded":3,"win_rate":0,"timestamp":1549854693,"path_taken":["M","M","?","?","M","R","M","R","T","E","?","R","E","?","R","BOSS"],"build_version":"2019-01-23","purchased_purges":0,"victory":false,"max_hp_per_floor":[71,71,71,71,71,71,71,71,71,71,71,71,71,71,71,71],"card_choices":[{"not_picked":["Beam Cell","Steam Power"],"picked":"Leap","floor":1.0},{"not_picked":["Rebound","BootSequence"],"picked":"Chill","floor":2.0},{"not_picked":["Barrage","Force Field"],"picked":"Coolheaded","floor":5.0},{"not_picked":["Reinforced Body","Undo"],"picked":"BootSequence","floor":7.0},{"not_picked":["Skim","Rebound"],"picked":"Go for the Eyes","floor":10.0},{"not_picked":["Seek","Hologram"],"picked":"Self Repair","floor":13}],"player_experience":443269,"relics_obtained":[{"floor":9.0,"key":"Pen Nib"},{"floor":10.0,"key":"Regal Pillow"},{"floor":13,"key":"Bird Faced Urn"}],"event_choices":[{"damage_healed":0.0,"max_hp_gain":0.0,"max_hp_loss":0.0,"gold_gain":0.0,"event_name":"Scrap Ooze","player_choice":"Success","floor":3.0,"gold_loss":0.0,"damage_taken":5.0,"relics_obtained":["Art of War"]},{"damage_healed":23.0,"max_hp_gain":0.0,"max_hp_loss":0.0,"gold_gain":0.0,"event_name":"Big Fish","player_choice":"Banana","floor":4.0,"gold_loss":0.0,"damage_taken":0.0},{"damage_healed":0.0,"max_hp_gain":0.0,"max_hp_loss":0.0,"gold_gain":30.0,"event_name":"Dead Adventurer","player_choice":"Searched \u00272\u0027 times","floor":11.0,"gold_loss":0.0,"damage_taken":0.0,"relics_obtained":["Juzu Bracelet"]},{"cards_removed":["Strike_B"],"damage_healed":0,"gold_gain":0,"player_choice":"Card Removal","damage_taken":7,"max_hp_gain":0,"max_hp_loss":0,"event_name":"Golden Wing","floor":14,"gold_loss":0}],"is_beta":false,"boss_relics":[],"items_purged_floors":[],"is_endless":false,"potions_floor_spawned":[2,5,10],"killed_by":"Hexaghost","ascension_level":15}