{"gold_per_floor":[115,134,151,210,310,336,349,349,372,384,384,384,408,408,408,539,539,524,75,100,114,134,134,149,149,149,188,207,14,34,59,59,182,182,196,221,221,221,75,75],"floor_reached":40,"playtime":7258,"items_purged":["Injury"],"score":417,"play_id":"db80d727-3846-4589-bdba-3ba62dbd3e63","local_time":"20180715033413","is_ascension_mode":false,"campfire_choices":[{"floor":8.0,"key":"REST"},{"data":"Rage","floor":12.0,"key":"SMITH"},{"floor":15.0,"key":"REST"},{"floor":23.0,"key":"REST"},{"data":"Flex","floor":25.0,"key":"SMITH"},{"floor":32.0,"key":"REST"}],"neow_cost":"NONE","seed_source_timestamp":636466839671777,"circlet_count":0,"master_deck":["Strike_R","Strike_R","Strike_R","Strike_R","Strike_R","Defend_R","Defend_R","Defend_R","Defend_R","Bash","Clothesline","Metallicize","Flex+1","Sword Boomerang","Rage+1","Seeing Red","Inflame","Feed","Shrug It Off","Panache","Armaments","Cleave","Body Slam","Shrug It Off+1","Clash","Sword Boomerang","Heavy Blade","Juggernaut","Fiend Fire","Cleave","Entrench","Blind","Double Tap"],"special_seed":0,"relics":["Burning Blood","Bag of Preparation","Strawberry","Lantern","Golden Idol","Lizard Tail","Juzu Bracelet","Bottled Lightning","Red Mask","HandDrill","Velvet Choker"],"potions_floor_usage":[40],"damage_taken":[{"damage":16.0,"enemies":"Jaw Worm","floor":1.0,"turns":6.0},{"damage":7.0,"enemies":"2 Louse","floor":2.0,"turns":4.0},{"damage":0.0,"enemies":"Cultist","floor":3.0,"turns":4.0},{"damage":37.0,"enemies":"Lagavulin","floor":6.0,"turns":11.0},{"damage":17.0,"enemies":"Gremlin Gang","floor":7.0,"turns":7.0},{"damage":0.0,"enemies":"Blue Slaver","floor":10.0,"turns":3.0},{"damage":12.0,"enemies":"Exordium Thugs","floor":13.0,"turns":3.0},{"damage":56.0,"enemies":"Slime Boss","floor":16.0,"turns":14.0},{"damage":17.0,"enemies":"2 Thieves","floor":18.0,"turns":4.0},{"damage":11.0,"enemies":"3 Byrds","floor":20.0,"turns":6.0},{"damage":9.0,"enemies":"Centurion and Healer","floor":21.0,"turns":10.0},{"damage":18.0,"enemies":"3 Cultists","floor":22.0,"turns":5.0},{"damage":15.0,"enemies":"Slaver and Parasite","floor":24.0,"turns":11.0},{"damage":18.0,"floor":27.0,"turns":4.0},{"damage":12.0,"enemies":"Centurion and Healer","floor":28.0,"turns":6.0},{"damage":17.0,"enemies":"Snecko","floor":30.0,"turns":6.0},{"damage":12.0,"enemies":"Sentry and Sphere","floor":31.0,"turns":5.0},{"damage":143.0,"enemies":"Automaton","floor":33.0,"turns":15.0},{"damage":23.0,"enemies":"Flame Bruiser 1 Orb","floor":35.0,"turns":5.0},{"damage":71.0,"enemies":"3 Darklings","floor":36.0,"turns":8.0},{"damage":28,"enemies":"2 Orb Walkers","floor":40,"turns":2}],"seed_played":"-7466444045840131023","potions_obtained":[{"floor":3.0,"key":"Explosive Potion"},{"floor":6.0,"key":"AttackPotion"},{"floor":7.0,"key":"AttackPotion"},{"floor":21.0,"key":"Fire Potion"},{"floor":24.0,"key":"Fire Potion"},{"floor":28.0,"key":"Weak Potion"},{"floor":33.0,"key":"SpeedPotion"}],"is_trial":false,"path_per_floor":["M","M","M","?","?","E","M","R","T","M","?","R","M","?","R","B",null,"M","$","M","M","M","R","M","R","T","?","M","$","M","M","R","B",null,"M","M","?","?","$"],"character_chosen":"IRONCLAD","items_purchased":["Juzu Bracelet","Panache","Armaments","HandDrill","Double Tap"],"campfire_rested":4,"item_purchase_floors":[19,19,19,29,39],"current_hp_per_floor":[70,69,75,75,75,51,40,66,66,72,72,72,66,66,87,37,87,76,76,71,71,59,86,80,80,80,71,78,78,67,64,94,14,102,85,20,20,20,20,0],"gold":75,"neow_bonus":"RANDOM_COMMON_RELIC","is_prod":false,"is_daily":false,"chose_seed":false,"campfire_upgraded":2,"win_rate":0,"timestamp":1531614853,"path_taken":["M","M","M","?","?","E","M","R","T","?","?","R","?","?","R","BOSS","M","$","M","M","M","R","M","R","T","?","M","$","M","M","R","BOSS","M","M","?","?","$","E"],"build_version":"2018-07-12","purchased_purges":1,"victory":false,"max_hp_per_floor":[80,80,80,80,80,87,87,87,87,87,87,87,87,87,87,87,87,87,87,87,90,90,90,93,93,93,96,99,99,99,102,102,102,102,102,102,102,102,102,102],"card_choices":[{"not_picked":["Warcry","Twin Strike"],"picked":"Clothesline","floor":1.0},{"not_picked":["Sword Boomerang","Body Slam"],"picked":"Metallicize","floor":2.0},{"not_picked":["Sword Boomerang","Rupture"],"picked":"Flex","floor":3.0},{"not_picked":["Bloodletting","Reckless Charge"],"picked":"Sword Boomerang","floor":6.0},{"not_picked":["True Grit","Inflame"],"picked":"Rage","floor":7.0},{"not_picked":["Clothesline","Headbutt"],"picked":"Seeing Red","floor":10.0},{"not_picked":["Pommel Strike","Iron Wave"],"picked":"Inflame","floor":13.0},{"not_picked":["Brutality","Offering"],"picked":"Feed","floor":16.0},{"not_picked":["Twin Strike+1","Fire Breathing"],"picked":"Shrug It Off","floor":18.0},{"not_picked":["Ghostly Armor","Warcry"],"picked":"Cleave","floor":20.0},{"not_picked":["Pummel","Brutality"],"picked":"Body Slam","floor":21.0},{"not_picked":["Headbutt","Twin Strike","Body Slam"],"picked":"SKIP","floor":22.0},{"not_picked":["True Grit","Warcry+1"],"picked":"Shrug It Off+1","floor":24.0},{"not_picked":["Inflame","Battle Trance"],"picked":"Clash","floor":27.0},{"not_picked":["Metallicize","True Grit+1"],"picked":"Sword Boomerang","floor":28.0},{"not_picked":["Shrug It Off","Second Wind"],"picked":"Heavy Blade","floor":30.0},{"not_picked":["Twin Strike","Thunderclap"],"picked":"Juggernaut","floor":31.0},{"not_picked":["Demon Form","Offering"],"picked":"Fiend Fire","floor":33.0},{"not_picked":["Perfected Strike","True Grit"],"picked":"Cleave","floor":35.0},{"not_picked":["Cleave","Body Slam+1"],"picked":"Entrench","floor":36.0},{"not_picked":["Jack Of All Trades","Good Instincts"],"picked":"Blind","floor":38.0}],"player_experience":22732,"relics_obtained":[{"floor":6.0,"key":"Strawberry"},{"floor":9.0,"key":"Lantern"},{"floor":26.0,"key":"Bottled Lightning"},{"floor":27.0,"key":"Red Mask"}],"event_choices":[{"event_name":"Golden Wing","player_choice":"Gained Gold","floor":4.0,"damage_taken":0.0},{"event_name":"Golden Shrine","player_choice":"Pray","floor":5.0,"damage_taken":0.0},{"event_name":"Golden Idol","player_choice":"Take Wound","floor":11.0,"damage_taken":0.0},{"event_name":"The Woman in Blue","player_choice":"Bought 0 Potions","floor":14.0,"damage_taken":0.0},{"event_name":"Masked Bandits","player_choice":"Fought over 149 gold","floor":27.0,"damage_taken":0.0},{"event_name":"Mysterious Sphere","player_choice":"Ignore","floor":37.0,"damage_taken":0.0},{"event_name":"SensoryStone","player_choice":"Memory 1","floor":38.0,"damage_taken":0.0}],"boss_relics":[{"not_picked":["Empty Cage","Busted Crown"],"picked":"Lizard Tail"},{"not_picked":["Cursed Key","Black Star"],"picked":"Velvet Choker"}],"items_purged_floors":[19],"is_endless":false,"potions_floor_spawned":[3,6,7,21,22,24,28,33],"killed_by":"2 Orb Walkers","ascension_level":0}