{"path_per_floor":["M","?","$","?","M","E","R","?","T","R","E","M","R","M","R","B",null,"M","$","M","?","M","E","R","E","T","R","M","?","R","?","R"],"character_chosen":"IRONCLAD","items_purchased":["Armaments","Meat on the Bone","Peace Pipe"],"gold_per_floor":[109,359,19,194,213,239,239,239,239,239,269,283,283,294,294,389,389,401,6,25,25,43,68,68,94,94,94,112,112,112,112,112,112],"floor_reached":33,"campfire_rested":1,"playtime":2714,"item_purchase_floors":[3,3,19],"current_hp_per_floor":[76,76,76,76,76,54,54,54,54,54,55,61,61,67,67,44,80,66,66,62,62,57,53,53,60,60,60,60,60,60,40,71,0],"items_purged":["Defend_R","Strike_R"],"gold":112,"score":316,"play_id":"f4ffcf10-c977-4497-a89c-24b25e1bc40e","local_time":"20180528205024","is_prod":false,"is_daily":false,"chose_seed":false,"is_ascension_mode":false,"campfire_upgraded":4,"win_rate":0,"timestamp":1527558624,"campfire_choices":[{"data":"Armaments","floor":7,"key":"SMITH"},{"data":"Headbutt","floor":10,"key":"SMITH"},{"data":"Cleave","floor":13,"key":"SMITH"},{"data":"Blood for Blood","floor":15,"key":"SMITH"},{"data":"Strike_R","floor":24,"key":"PURGE"},{"data":"Defend_R","floor":27,"key":"PURGE"},{"data":"Writhe","floor":30,"key":"PURGE"},{"floor":32,"key":"REST"}],"path_taken":["M","?","$","?","M","E","R","?","T","R","E","M","R","M","R","BOSS","M","$","M","?","M","E","R","E","T","R","M","?","R","?","R","BOSS"],"build_version":"2018-05-24","seed_source_timestamp":510765430795851,"purchased_purges":2,"victory":false,"master_deck":["Strike_R","Strike_R","Defend_R","Defend_R","Bash","Headbutt+1","Armaments+1","Cleave+1","Blood for Blood+1","Feed","Flame Barrier","Metallicize","Dark Embrace"],"max_hp_per_floor":[80,80,80,80,80,80,80,80,80,80,80,80,80,80,80,80,80,83,83,86,86,89,92,92,95,95,95,99,99,99,104,104,104],"relics":["Burning Blood","Omamori","Meat on the Bone","Lantern","Mercury Hourglass","Charon\u0027s Ashes","White Beast Statue","Peace Pipe","Bottled Lightning","Bag of Preparation","Toolbox","Juzu Bracelet"],"card_choices":[{"not_picked":["Shockwave","Twin Strike"],"picked":"Headbutt","floor":1},{"not_picked":["Shrug It Off","Headbutt"],"picked":"Cleave","floor":5},{"not_picked":["Sever Soul","Second Wind","Iron Wave"],"picked":"SKIP","floor":6},{"not_picked":["Flex","Twin Strike","Clash"],"picked":"SKIP","floor":11},{"not_picked":["Iron Wave","Sword Boomerang","Bloodletting"],"picked":"SKIP","floor":12},{"not_picked":["Shrug It Off","Whirlwind"],"picked":"Blood for Blood","floor":14},{"not_picked":["Impervious","Juggernaut"],"picked":"Feed","floor":16},{"not_picked":["Pommel Strike","Heavy Blade","Sword Boomerang"],"picked":"SKIP","floor":18},{"not_picked":["Dropkick","Flex"],"picked":"Flame Barrier","floor":20},{"not_picked":["Reckless Charge","Body Slam","Thunderclap"],"picked":"SKIP","floor":22},{"not_picked":["Juggernaut","Anger"],"picked":"Metallicize","floor":23},{"not_picked":["Havoc+1","Twin Strike"],"picked":"Dark Embrace","floor":25},{"not_picked":["Havoc+1","Flex","Carnage"],"picked":"SKIP","floor":28}],"player_experience":47325,"potions_floor_usage":[11,22,23,23,25,33,33,33],"damage_taken":[{"damage":10,"enemies":"Jaw Worm","floor":1,"turns":4},{"damage":6,"enemies":"Cultist","floor":5,"turns":3},{"damage":28,"enemies":"Gremlin Nob","floor":6,"turns":4},{"damage":5,"enemies":"Lagavulin","floor":11,"turns":5},{"damage":0,"enemies":"Small Slimes","floor":12,"turns":1},{"damage":0,"enemies":"3 Louse","floor":14,"turns":2},{"damage":41,"enemies":"Hexaghost","floor":16,"turns":7},{"damage":23,"enemies":"3 Byrds","floor":18,"turns":4},{"damage":13,"enemies":"Chosen","floor":20,"turns":4},{"damage":26,"enemies":"Slaver and Parasite","floor":22,"turns":6},{"damage":13,"enemies":"Book of Stabbing","floor":23,"turns":4},{"damage":14,"enemies":"Gremlin Leader","floor":25,"turns":7},{"damage":10,"enemies":"3 Cultists","floor":28,"turns":5},{"damage":85,"enemies":"Champ","floor":33,"turns":11}],"relics_obtained":[{"floor":6,"key":"Lantern"},{"floor":9,"key":"Mercury Hourglass"},{"floor":11,"key":"Charon\u0027s Ashes"},{"floor":23,"key":"Bottled Lightning"},{"floor":25,"key":"Bag of Preparation"},{"floor":26,"key":"Toolbox"}],"event_choices":[{"event_name":"Golden Shrine","player_choice":"Desecrate","floor":2,"damage_taken":0},{"event_name":"Liars Game","player_choice":"agreed","floor":4,"damage_taken":0},{"event_name":"Purifier","player_choice":"One Purge","floor":8,"damage_taken":0},{"event_name":"Addict","player_choice":"Ignored","floor":21,"damage_taken":0},{"event_name":"The Mausoleum","player_choice":"Yes","floor":29,"damage_taken":0},{"event_name":"Forgotten Altar","player_choice":"Shed Blood","floor":31,"damage_taken":0}],"boss_relics":[{"not_picked":["Eternal Feather","Philosopher\u0027s Stone"],"picked":"White Beast Statue"}],"items_purged_floors":[3,19],"potions_floor_spawned":[1,6,14,18,20,22,23,25,28],"seed_played":"-4464228690327039970","killed_by":"Champ","ascension_level":0,"potions_obtained":[{"floor":1,"key":"SkillPotion"},{"floor":6,"key":"SneckoOil"},{"floor":14,"key":"GamblersBrew"},{"floor":18,"key":"Energy Potion"},{"floor":20,"key":"SkillPotion"},{"floor":22,"key":"Energy Potion"},{"floor":23,"key":"EssenceOfSteel"},{"floor":25,"key":"SteroidPotion"},{"floor":28,"key":"Energy Potion"}],"is_trial":false}