{"gold_per_floor":[117,117,117,136,136,169,169,204,204,204,273,323,88,98,98,172,172,192,242,207,225,275,275,305,305,305,305,340,80,98,115,115,189,189,208,218,218,268,281,281,296,296,296,315,315,334,345,0,0,0],"floor_reached":51,"playtime":4736,"items_purged":["Strike_G"],"score":1191,"play_id":"d4500310-d815-4815-b0f4-eb16ac8d7e47","local_time":"20190212215005","is_ascension_mode":true,"campfire_choices":[{"data":"Corpse Explosion","floor":7,"key":"SMITH"},{"data":"Calculated Gamble","floor":10,"key":"SMITH"},{"data":"Dodge and Roll","floor":15,"key":"SMITH"},{"floor":23,"key":"REST"},{"data":"Wraith Form v2","floor":25,"key":"SMITH"},{"floor":27,"key":"REST"},{"floor":32,"key":"REST"},{"data":"1","floor":40,"key":"LIFT"},{"data":"2","floor":42,"key":"LIFT"},{"floor":45,"key":"REST"},{"floor":49,"key":"REST"}],"neow_cost":"NONE","seed_source_timestamp":96354388810300,"circlet_count":0,"master_deck":["AscendersBane","Defend_G+1","Defend_G+1","Defend_G+1","Defend_G+1","Defend_G+1","Strike_G+1","Strike_G+1","Strike_G+1","Survivor","Neutralize","Poisoned Stab","Quick Slash","Corpse Explosion+1","Calculated Gamble+1","Footwork+1","Dodge and Roll+1","Wraith Form v2+1","Dash","Noxious Fumes","Footwork","Corpse Explosion","Underhanded Strike+1","Bouncing Flask","Crippling Poison+1","Leg Sweep+1"],"relics":["Ring of the Snake","NeowsBlessing","Regal Pillow","SsserpentHead","Omamori","Pen Nib","Mercury Hourglass","Membership Card","Snecko Eye","Nilry\u0027s Codex","Ninja Scroll","Dream Catcher","Gambling Chip","Turnip","Snake Skull","Girya","Lizard Tail","Kunai","Red Mask"],"potions_floor_usage":[21,24,33,35,37,44],"damage_taken":[{"damage":0,"enemies":"2 Louse","floor":1,"turns":1},{"damage":0,"enemies":"Jaw Worm","floor":4,"turns":1},{"damage":0,"enemies":"Gremlin Nob","floor":6,"turns":1},{"damage":14,"enemies":"3 Sentries","floor":8,"turns":5},{"damage":0,"enemies":"Cultist","floor":11,"turns":4},{"damage":0,"enemies":"Looter","floor":14,"turns":4},{"damage":34,"enemies":"Hexaghost","floor":16,"turns":14},{"damage":1,"enemies":"Shell Parasite","floor":18,"turns":6},{"damage":0,"enemies":"Spheric Guardian","floor":21,"turns":4},{"damage":14,"enemies":"Book of Stabbing","floor":24,"turns":7},{"damage":0,"enemies":"Gremlin Leader","floor":28,"turns":7},{"damage":18,"enemies":"Shelled Parasite and Fungi","floor":30,"turns":5},{"damage":16,"enemies":"Snake Plant","floor":31,"turns":4},{"damage":65,"enemies":"Champ","floor":33,"turns":11},{"damage":41,"enemies":"3 Darklings","floor":35,"turns":3},{"damage":7,"enemies":"3 Shapes","floor":36,"turns":3},{"damage":0,"enemies":"Spire Growth","floor":37,"turns":1},{"damage":3,"enemies":"4 Shapes","floor":39,"turns":2},{"damage":0,"enemies":"3 Darklings","floor":41,"turns":2},{"damage":9,"enemies":"Jaw Worm Horde","floor":44,"turns":2},{"damage":12,"enemies":"Transient","floor":46,"turns":5},{"damage":0,"enemies":"Sphere and 2 Shapes","floor":47,"turns":2},{"damage":67,"enemies":"Awakened One","floor":50,"turns":18}],"seed_played":"-4991690534026998728","potions_obtained":[{"floor":4,"key":"FearPotion"},{"floor":6,"key":"Explosive Potion"},{"floor":18,"key":"Poison Potion"},{"floor":24,"key":"GamblersBrew"},{"floor":28,"key":"Poison Potion"},{"floor":33,"key":"FairyPotion"},{"floor":35,"key":"SmokeBomb"},{"floor":41,"key":"AttackPotion"}],"is_trial":false,"path_per_floor":["M","?","T","M","?","E","R","E","T","R","M","?","$","M","R","B",null,"M","?","?","M","?","R","E","R","T","R","E","$","M","M","R","B",null,"M","M","M","?","M","R","M","R","T","M","R","M","M","?","R","B",null],"character_chosen":"THE_SILENT","items_purchased":["Membership Card","Footwork","Snake Skull","Girya"],"campfire_rested":5,"item_purchase_floors":[13,29,29,29],"current_hp_per_floor":[63,56,56,56,56,56,56,42,42,42,42,42,42,42,42,8,55,54,38,38,38,38,70,56,56,56,70,70,70,52,36,70,5,54,13,6,6,24,21,21,21,21,21,12,48,36,36,36,70,3],"gold":0,"neow_bonus":"THREE_ENEMY_KILL","is_prod":false,"is_daily":false,"chose_seed":false,"campfire_upgraded":4,"win_rate":0,"timestamp":1550033405,"path_taken":["M","?","?","M","?","E","R","E","T","R","?","?","$","M","R","BOSS","M","?","?","M","?","R","E","R","T","R","E","$","M","M","R","BOSS","M","M","M","?","M","R","M","R","T","M","R","M","M","?","R","BOSS"],"build_version":"2019-01-23","purchased_purges":1,"victory":true,"max_hp_per_floor":[70,70,70,70,70,70,70,70,70,70,70,70,70,70,70,70,70,70,70,70,70,70,70,70,70,70,70,70,70,70,70,70,70,70,70,70,70,70,70,70,70,70,70,70,70,70,70,70,70,70],"card_choices":[{"not_picked":["Backflip","Riddle With Holes"],"picked":"Poisoned Stab","floor":1},{"not_picked":["Sucker Punch","Poisoned Stab"],"picked":"Quick Slash","floor":4},{"not_picked":["Tactician","Caltrops"],"picked":"Corpse Explosion","floor":6},{"not_picked":["Slice","Bane"],"picked":"Calculated Gamble","floor":8},{"not_picked":["Slice","Finisher"],"picked":"Footwork","floor":11},{"not_picked":["Glass Knife","Outmaneuver"],"picked":"Dodge and Roll","floor":14},{"not_picked":["Phantasmal Killer","Corpse Explosion"],"picked":"Wraith Form v2","floor":16},{"not_picked":["Blade Dance","Cloak And Dagger+1","All Out Attack"],"picked":"SKIP","floor":18},{"not_picked":["Slice","Riddle With Holes+1","Calculated Gamble"],"picked":"SKIP","floor":21},{"not_picked":["Heel Hook","Well Laid Plans","Riddle With Holes"],"picked":"SKIP","floor":24},{"not_picked":["Acrobatics","Concentrate"],"picked":"Dash","floor":27},{"not_picked":["Outmaneuver","Tools of the Trade"],"picked":"Noxious Fumes","floor":28},{"not_picked":["Underhanded Strike","Dagger Spray","Flechettes"],"picked":"SKIP","floor":30},{"not_picked":["Dagger Throw","Well Laid Plans","Acrobatics"],"picked":"SKIP","floor":31},{"not_picked":["Unload","Burst"],"picked":"Corpse Explosion","floor":33},{"not_picked":["Poisoned Stab","Sucker Punch"],"picked":"Underhanded Strike+1","floor":35},{"not_picked":["Slice+1","Quick Slash+1","Blade Dance"],"picked":"SKIP","floor":36},{"not_picked":["Dagger Spray","Slice","Deflect"],"picked":"SKIP","floor":39},{"not_picked":["Underhanded Strike+1","Dagger Throw"],"picked":"Bouncing Flask","floor":41},{"not_picked":["Footwork+1","Outmaneuver"],"picked":"Crippling Poison+1","floor":44},{"not_picked":["Cloak And Dagger","Slice+1","Flying Knee+1"],"picked":"SKIP","floor":46},{"not_picked":["Dash","Riddle With Holes+1"],"picked":"Leg Sweep+1","floor":47}],"player_experience":914338,"relics_obtained":[{"floor":3,"key":"Regal Pillow"},{"floor":6,"key":"Omamori"},{"floor":8,"key":"Pen Nib"},{"floor":9,"key":"Mercury Hourglass"},{"floor":19,"key":"Nilry\u0027s Codex"},{"floor":24,"key":"Dream Catcher"},{"floor":26,"key":"Gambling Chip"},{"floor":28,"key":"Turnip"},{"floor":43,"key":"Kunai"}],"event_choices":[{"cards_removed":["Strike_G"],"damage_healed":0,"gold_gain":0,"player_choice":"Card Removal","damage_taken":7,"max_hp_gain":0,"max_hp_loss":0,"event_name":"Golden Wing","floor":2,"gold_loss":0},{"damage_healed":0,"gold_gain":0,"player_choice":"Trade","damage_taken":0,"relics_obtained":["SsserpentHead"],"max_hp_gain":0,"max_hp_loss":0,"event_name":"FaceTrader","floor":5,"gold_loss":0},{"damage_healed":0,"gold_gain":0,"player_choice":"Grow","damage_taken":0,"max_hp_gain":0,"max_hp_loss":0,"event_name":"Living Wall","floor":12,"gold_loss":0,"cards_upgraded":["Footwork"]},{"damage_healed":0,"gold_gain":0,"player_choice":"Obtained Book","damage_taken":16,"max_hp_gain":0,"max_hp_loss":0,"event_name":"Cursed Tome","floor":19,"gold_loss":0},{"damage_healed":0,"gold_gain":0,"player_choice":"Obtained Relic","damage_taken":0,"relics_obtained":["Ninja Scroll"],"max_hp_gain":0,"max_hp_loss":0,"event_name":"Addict","floor":20,"gold_loss":85},{"damage_healed":0,"gold_gain":0,"player_choice":"Simplicity","damage_taken":0,"max_hp_gain":0,"max_hp_loss":0,"event_name":"Back to Basics","floor":22,"gold_loss":0,"cards_upgraded":["Defend_G","Defend_G","Defend_G","Defend_G","Defend_G","Strike_G","Strike_G","Strike_G"]},{"damage_healed":18,"gold_gain":0,"player_choice":"Writhe","damage_taken":0,"max_hp_gain":0,"max_hp_loss":0,"event_name":"Winding Halls","floor":38,"gold_loss":0,"cards_obtained":["Writhe"]},{"damage_healed":0,"gold_gain":0,"player_choice":"Paid","damage_taken":0,"relics_obtained":["Red Mask"],"max_hp_gain":0,"max_hp_loss":0,"event_name":"Tomb of Lord Red Mask","floor":48,"gold_loss":395}],"is_beta":false,"boss_relics":[{"not_picked":["Eternal Feather","Black Star"],"picked":"Snecko Eye"},{"not_picked":["White Beast Statue","Astrolabe"],"picked":"Lizard Tail"}],"items_purged_floors":[13],"is_endless":false,"potions_floor_spawned":[4,6,14,18,24,28,33,35,37,41],"ascension_level":13}