{"gold_per_floor":[113,123,123,133,144,144,160,160,228,245,257,257,432,446,446,551,551,569,185,195,470,484,500,535,562,862,343,373,385,385,401,401,505,505,521,541,560,560,573,573,584,599,624,624],"floor_reached":44,"playtime":1978,"items_purged":["Doubt","Regret"],"score":475,"play_id":"447dd6d0-7701-481d-8207-2f3bfda6138e","local_time":"20190217212539","is_ascension_mode":false,"campfire_choices":[{"data":"Bash","floor":6,"key":"SMITH"},{"floor":8,"key":"REST"},{"data":"Disarm","floor":12,"key":"SMITH"},{"data":"Double Tap","floor":15,"key":"SMITH"},{"floor":30,"key":"REST"},{"floor":32,"key":"REST"},{"floor":40,"key":"REST"}],"neow_cost":"NONE","seed_source_timestamp":19333093365149,"circlet_count":0,"master_deck":["Strike_R","Strike_R","Strike_R","Defend_R","Defend_R","Defend_R+1","Bash+1","Bloodletting+1","Clothesline+1","Uppercut+1","Disarm+1","Shrug It Off+1","Offering","Double Tap+1","Bludgeon","Wild Strike+1","Metallicize","Flame Barrier","Carnage","Headbutt+1","Good Instincts","Magnetism","Battle Trance","Rage+1","Disarm","Shockwave+1","Immolate","Battle Trance","Burning Pact+1","Rage+1","Iron Wave+1","Metallicize+1","Carnage+1","Fiend Fire"],"relics":["Astrolabe","Kunai","Fusion Hammer","Chemical X","Prayer Wheel","Smiling Mask","Old Coin","Toy Ornithopter","War Paint","Sozu","Omamori"],"potions_floor_usage":[23,24,33,33,33],"damage_taken":[{"damage":8,"enemies":"2 Louse","floor":1,"turns":2},{"damage":0,"enemies":"Cultist","floor":2,"turns":3},{"damage":6,"enemies":"Jaw Worm","floor":4,"turns":2},{"damage":11,"enemies":"Red Slaver","floor":5,"turns":3},{"damage":19,"enemies":"Exordium Thugs","floor":7,"turns":3},{"damage":0,"enemies":"Large Slime","floor":10,"turns":7},{"damage":13,"enemies":"Gremlin Gang","floor":11,"turns":5},{"damage":4,"enemies":"3 Louse","floor":14,"turns":4},{"damage":18,"enemies":"The Guardian","floor":16,"turns":14},{"damage":6,"enemies":"Shell Parasite","floor":18,"turns":4},{"damage":6,"enemies":"Spheric Guardian","floor":20,"turns":3},{"damage":6,"enemies":"Snake Plant","floor":22,"turns":3},{"damage":0,"enemies":"Shelled Parasite and Fungi","floor":23,"turns":2},{"damage":26,"enemies":"Gremlin Leader","floor":24,"turns":3},{"damage":29,"enemies":"Slavers","floor":28,"turns":5},{"damage":2,"enemies":"Snecko","floor":29,"turns":5},{"damage":6,"enemies":"Snake Plant","floor":31,"turns":3},{"damage":15,"enemies":"Champ","floor":33,"turns":10},{"damage":20,"enemies":"3 Darklings","floor":35,"turns":4},{"damage":5,"enemies":"3 Shapes","floor":36,"turns":3},{"damage":6,"enemies":"Jaw Worm Horde","floor":37,"turns":5},{"damage":6,"enemies":"3 Darklings","floor":39,"turns":3},{"damage":29,"enemies":"Sphere and 2 Shapes","floor":41,"turns":8},{"damage":8,"enemies":"Transient","floor":42,"turns":5},{"damage":40,"enemies":"Nemesis","floor":44,"turns":2}],"seed_played":"-8006481050204410634","potions_obtained":[{"floor":2,"key":"Energy Potion"},{"floor":3,"key":"LiquidBronze"},{"floor":3,"key":"FearPotion"},{"floor":14,"key":"Energy Potion"},{"floor":22,"key":"Dexterity Potion"},{"floor":23,"key":"Swift Potion"},{"floor":28,"key":"GamblersBrew"}],"is_trial":false,"path_per_floor":["M","M","?","M","M","R","M","R","T","M","M","R","?","M","R","B",null,"M","$","M","?","M","M","E","T","T","$","E","M","R","M","R","B",null,"M","M","M","?","M","R","M","M","T","E"],"character_chosen":"IRONCLAD","items_purchased":["Chemical X","Metallicize","Flame Barrier","Good Instincts","Magnetism","Toy Ornithopter"],"campfire_rested":4,"item_purchase_floors":[19,19,19,27,27,27],"current_hp_per_floor":[72,72,72,66,55,55,36,60,60,60,47,47,47,43,43,25,80,74,74,68,68,62,62,36,36,36,36,7,5,29,23,47,47,80,60,55,49,49,43,67,38,30,30,0],"gold":624,"neow_bonus":"BOSS_RELIC","is_prod":false,"is_daily":false,"chose_seed":false,"campfire_upgraded":3,"win_rate":0,"timestamp":1550460339,"path_taken":["M","M","?","?","M","R","M","R","T","M","M","R","?","M","R","BOSS","M","$","M","?","?","M","E","?","T","$","E","M","R","M","R","BOSS","M","M","M","?","M","R","M","?","T","E"],"build_version":"2019-01-23","purchased_purges":2,"victory":false,"max_hp_per_floor":[80,80,80,80,80,80,80,80,80,80,80,80,80,80,80,80,80,80,80,80,80,80,80,80,80,80,80,80,80,80,80,80,80,80,80,80,80,80,80,80,80,80,80,80],"card_choices":[{"not_picked":["Pommel Strike","Armaments","Sentinel"],"picked":"SKIP","floor":1},{"not_picked":["Cleave","Power Through","Hemokinesis"],"picked":"SKIP","floor":2},{"not_picked":["Metallicize","Thunderclap"],"picked":"Disarm","floor":4},{"not_picked":["Armaments","Feel No Pain"],"picked":"Shrug It Off","floor":5},{"not_picked":["Power Through","Flex"],"picked":"Offering","floor":7},{"not_picked":["True Grit","Wild Strike","Clash"],"picked":"SKIP","floor":10},{"not_picked":["Perfected Strike","Sever Soul","Iron Wave"],"picked":"SKIP","floor":11},{"not_picked":["Rupture","Havoc"],"picked":"Double Tap","floor":14},{"not_picked":["Fiend Fire","Juggernaut"],"picked":"Bludgeon","floor":16},{"not_picked":["Rage","Clash"],"picked":"Wild Strike+1","floor":18},{"not_picked":["Cleave","Twin Strike"],"picked":"Carnage","floor":20},{"not_picked":["Armaments","Anger","Warcry"],"picked":"SKIP","floor":22},{"not_picked":["Perfected Strike","Havoc"],"picked":"Headbutt+1","floor":23},{"not_picked":["Havoc","Twin Strike","Sever Soul"],"picked":"SKIP","floor":24},{"not_picked":["Second Wind","True Grit","Anger"],"picked":"SKIP","floor":28},{"not_picked":["Carnage+1","Twin Strike"],"picked":"Battle Trance","floor":29},{"not_picked":["Body Slam","Impervious"],"picked":"Rage+1","floor":29},{"not_picked":["Rage","Clothesline"],"picked":"Disarm","floor":31},{"not_picked":["Warcry","Perfected Strike+1"],"picked":"Shockwave+1","floor":31},{"not_picked":["Demon Form","Limit Break"],"picked":"Immolate","floor":33},{"not_picked":["Perfected Strike+1","Havoc"],"picked":"Battle Trance","floor":35},{"not_picked":["Clash+1","Exhume"],"picked":"Burning Pact+1","floor":35},{"not_picked":["Twin Strike","Havoc"],"picked":"Rage+1","floor":36},{"not_picked":["Evolve+1","Heavy Blade"],"picked":"Iron Wave+1","floor":36},{"not_picked":["Perfected Strike","Havoc"],"picked":"Metallicize+1","floor":37},{"not_picked":["Clothesline","Clash","Searing Blow+1"],"picked":"SKIP","floor":37},{"not_picked":["Sword Boomerang","Perfected Strike+1"],"picked":"Carnage+1","floor":39},{"not_picked":["Blood for Blood","Seeing Red","Perfected Strike+1"],"picked":"SKIP","floor":39},{"not_picked":["Flex+1","Entrench+1","Wild Strike"],"picked":"SKIP","floor":41},{"not_picked":["Fiend Fire","Flex","Infernal Blade"],"picked":"SKIP","floor":41},{"not_picked":["Flex","Infernal Blade"],"picked":"Fiend Fire","floor":41},{"not_picked":["Flex+1","Entrench+1","Wild Strike"],"picked":"SKIP","floor":41},{"not_picked":["Shockwave+1","Armaments","Sword Boomerang"],"picked":"SKIP","floor":42},{"not_picked":["Wild Strike+1","Burning Pact","Perfected Strike"],"picked":"SKIP","floor":42}],"player_experience":863332,"relics_obtained":[{"floor":9,"key":"Kunai"},{"floor":24,"key":"Prayer Wheel"},{"floor":25,"key":"Smiling Mask"},{"floor":26,"key":"Old Coin"},{"floor":28,"key":"War Paint"},{"floor":43,"key":"Omamori"}],"event_choices":[{"damage_healed":0,"gold_gain":0,"player_choice":"Got Potions","damage_taken":0,"max_hp_gain":0,"max_hp_loss":0,"event_name":"Lab","floor":3,"gold_loss":0},{"damage_healed":0,"gold_gain":175,"player_choice":"AGREE","damage_taken":0,"max_hp_gain":0,"max_hp_loss":0,"event_name":"Liars Game","floor":13,"gold_loss":0,"cards_obtained":["Doubt"]},{"damage_healed":0,"gold_gain":275,"player_choice":"Desecrate","damage_taken":0,"max_hp_gain":0,"max_hp_loss":0,"event_name":"Golden Shrine","floor":21,"gold_loss":0,"cards_obtained":["Regret"]},{"damage_healed":0,"gold_gain":0,"player_choice":"Ignored","damage_taken":0,"max_hp_gain":0,"max_hp_loss":0,"event_name":"SecretPortal","floor":38,"gold_loss":0}],"is_beta":false,"boss_relics":[{"not_picked":["Black Star","Empty Cage"],"picked":"Fusion Hammer"},{"not_picked":["White Beast Statue","Lizard Tail"],"picked":"Sozu"}],"items_purged_floors":[19,27],"is_endless":false,"potions_floor_spawned":[2,4,7,14,22,23,28,31,35,41],"killed_by":"Nemesis","ascension_level":0}