{"gold_per_floor":[117,42,62,62,12,12,43,62,62,62,62,79,90,104,104,104],"floor_reached":16,"playtime":934,"items_purged":["Strike_R"],"score":188,"play_id":"82e3c8bc-f140-41a3-b537-8ccae756add8","local_time":"20181004002201","is_ascension_mode":true,"campfire_choices":[{"floor":6,"key":"REST"},{"data":"Feed","floor":10,"key":"SMITH"},{"floor":15,"key":"REST"}],"neow_cost":"","seed_source_timestamp":266302140147753,"circlet_count":0,"master_deck":["Strike_R","Strike_R+1","Strike_R+1","Defend_R","Defend_R","Defend_R","Defend_R","Bash","AscendersBane","Combust","Rupture","Whirlwind","Feed+1","Blood for Blood"],"relics":["Burning Blood","Pear","Dodecahedron","FaceOfCleric"],"potions_floor_usage":[8,8],"damage_taken":[{"damage":12,"enemies":"Jaw Worm","floor":1,"turns":3},{"damage":9,"enemies":"2 Louse","floor":3,"turns":4},{"damage":26,"enemies":"3 Sentries","floor":7,"turns":7},{"damage":9,"enemies":"Small Slimes","floor":8,"turns":2},{"damage":11,"enemies":"Blue Slaver","floor":12,"turns":4},{"damage":29,"enemies":"Exordium Wildlife","floor":13,"turns":5},{"damage":20,"enemies":"Exordium Thugs","floor":14,"turns":5},{"damage":59,"enemies":"The Guardian","floor":16,"turns":9}],"seed_played":"-9142863769262249822","potions_obtained":[{"floor":3,"key":"SkillPotion"},{"floor":7,"key":"Energy Potion"}],"is_trial":false,"path_per_floor":["M","$","M","?","?","R","E","M","T","R","?","M","M","M","R"],"character_chosen":"IRONCLAD","items_purchased":[],"campfire_rested":2,"item_purchase_floors":[],"current_hp_per_floor":[66,66,63,47,47,71,61,58,58,58,58,58,36,27,57,0],"gold":104,"neow_bonus":"","is_prod":false,"is_daily":false,"chose_seed":false,"campfire_upgraded":1,"win_rate":0,"timestamp":1538630521,"path_taken":["M","$","M","?","?","R","E","?","T","R","?","?","M","?","R","BOSS"],"build_version":"2018-09-27","purchased_purges":1,"victory":false,"max_hp_per_floor":[80,80,80,80,80,80,90,90,90,90,90,95,96,101,101,101],"card_choices":[{"not_picked":["Perfected Strike","Thunderclap"],"picked":"Combust","floor":1},{"not_picked":["Flame Barrier","Clothesline"],"picked":"Rupture","floor":3},{"not_picked":["Cleave","Wild Strike"],"picked":"Whirlwind","floor":7},{"not_picked":["Entrench","Flex"],"picked":"Feed","floor":8},{"not_picked":["Twin Strike","Anger"],"picked":"Blood for Blood","floor":12},{"not_picked":["Disarm","Iron Wave","Intimidate"],"picked":"SKIP","floor":13},{"not_picked":["Clash","Ghostly Armor","Sword Boomerang"],"picked":"SKIP","floor":14}],"player_experience":439437,"relics_obtained":[{"floor":7,"key":"Pear"},{"floor":9,"key":"Dodecahedron"}],"event_choices":[{"event_name":"Shining Light","player_choice":"Entered Light","floor":4,"damage_taken":0},{"event_name":"The Cleric","player_choice":"Card Removal","floor":5,"damage_taken":0},{"event_name":"FaceTrader","player_choice":"Trade","floor":11,"damage_taken":0}],"is_beta":false,"boss_relics":[],"items_purged_floors":[2],"is_endless":false,"potions_floor_spawned":[3,7],"killed_by":"The Guardian","ascension_level":12}