{"path_per_floor":["M","?","?","?","$","R","E","R","T","E","M","M","M","M","R","B",null,"M","?","?","M","M","R"],"character_chosen":"THE_SILENT","items_purchased":["Strawberry"],"gold_per_floor":[109,109,109,184,38,38,71,71,71,103,114,130,145,162,162,262,262,272,272,272,260,272,272,272],"floor_reached":24,"campfire_rested":4,"playtime":2495,"item_purchase_floors":[5],"current_hp_per_floor":[63,56,43,32,39,60,37,58,58,44,43,43,42,35,56,49,70,63,63,63,51,28,49,0],"items_purged":[],"gold":272,"score":206,"play_id":"9f070648-f958-4000-a5d6-be7cdd9244a4","local_time":"20180601212629","is_prod":false,"is_daily":false,"chose_seed":false,"is_ascension_mode":false,"campfire_upgraded":0,"win_rate":0.0,"timestamp":1527906389,"campfire_choices":[{"floor":6,"key":"REST"},{"floor":8,"key":"REST"},{"floor":15,"key":"REST"},{"floor":23,"key":"REST"}],"path_taken":["M","?","?","?","$","R","E","R","T","E","M","?","?","M","R","BOSS","M","?","?","?","M","R","E"],"build_version":"2018-05-31","seed_source_timestamp":858740667201185,"purchased_purges":0,"victory":false,"master_deck":["Defend_G","Defend_G","Defend_G","Defend_G","Defend_G","Strike_G","Strike_G+1","Strike_G","Strike_G+1","Survivor","Neutralize","Flying Knee","Deadly Poison","Bane","Blur","Corpse Explosion","Deadly Poison","Night Terror","Poisoned Stab"],"max_hp_per_floor":[63,63,63,63,70,70,70,70,70,70,70,70,70,70,70,70,70,70,70,70,70,70,70,70],"relics":["Ring of the Snake","Ice Cream","Boot","Strawberry","Ancient Tea Set","Ornamental Fan","Gambling Chip","Black Star"],"card_choices":[{"not_picked":["PiercingWail","Prepared"],"picked":"Flying Knee","floor":1},{"not_picked":["Backflip","Flechettes"],"picked":"Deadly Poison","floor":7},{"not_picked":["Dash","Blade Dance"],"picked":"Bane","floor":10},{"not_picked":["Deflect","Dagger Spray"],"picked":"Blur","floor":11},{"not_picked":["Quick Slash","Eviscerate"],"picked":"Corpse Explosion","floor":12},{"not_picked":["Choke","Dodge and Roll","Flying Knee"],"picked":"SKIP","floor":13},{"not_picked":["Poisoned Stab","Expertise"],"picked":"Deadly Poison","floor":14},{"not_picked":["Tools of the Trade","Unload"],"picked":"Night Terror","floor":16},{"not_picked":["Slice","Flechettes","Riddle With Holes"],"picked":"SKIP","floor":18},{"not_picked":["Skewer","Choke","Leg Sweep+1"],"picked":"SKIP","floor":21},{"not_picked":["Dodge and Roll","Riddle With Holes","Acrobatics"],"picked":"SKIP","floor":22}],"player_experience":72698,"potions_floor_usage":[16,24],"damage_taken":[{"damage":0,"enemies":"Small Slimes","floor":1,"turns":4},{"damage":23,"enemies":"3 Sentries","floor":7,"turns":10},{"damage":14,"enemies":"Gremlin Nob","floor":10,"turns":4},{"damage":1,"enemies":"2 Louse","floor":11,"turns":2},{"damage":0,"enemies":"Jaw Worm","floor":12,"turns":2},{"damage":1,"enemies":"Blue Slaver","floor":13,"turns":4},{"damage":7,"enemies":"Exordium Thugs","floor":14,"turns":5},{"damage":7,"enemies":"The Guardian","floor":16,"turns":10},{"damage":7,"enemies":"3 Byrds","floor":18,"turns":7},{"damage":12,"enemies":"2 Thieves","floor":21,"turns":4},{"damage":23,"enemies":"Centurion and Healer","floor":22,"turns":8},{"damage":52,"enemies":"Book of Stabbing","floor":24,"turns":5}],"relics_obtained":[{"floor":7,"key":"Ancient Tea Set"},{"floor":9,"key":"Ornamental Fan"},{"floor":10,"key":"Gambling Chip"}],"event_choices":[{"event_name":"Scrap Ooze","player_choice":"success","floor":2,"damage_taken":7},{"event_name":"Shining Light","player_choice":"Entered Light","floor":3,"damage_taken":0},{"event_name":"World of Goop","player_choice":"Gather Gold","floor":4,"damage_taken":0},{"event_name":"The Library","player_choice":"Read","floor":19,"damage_taken":0},{"event_name":"Wheel of Change","player_choice":"Card Removal","floor":20,"damage_taken":0}],"boss_relics":[{"not_picked":["Cursed Key","Lizard Tail"],"picked":"Black Star"}],"items_purged_floors":[],"potions_floor_spawned":[11,13,14,21,22],"seed_played":"2470163372718299051","killed_by":"Book of Stabbing","ascension_level":0,"potions_obtained":[{"floor":11,"key":"SpeedPotion"},{"floor":13,"key":"PowerPotion"},{"floor":14,"key":"Strength Potion"},{"floor":21,"key":"FearPotion"}],"is_trial":false}