{"gold_per_floor":[112,37,37,37,112,147,147,166,166,176,176,202,202,221,221,322,322,337,352,352,383,383,383,383,399,399,399],"floor_reached":27,"playtime":1219,"items_purged":["Defend_R"],"score":264,"play_id":"f39f7919-fbee-4166-9e4d-8e565a757317","local_time":"20190212102054","is_ascension_mode":false,"campfire_choices":[{"floor":7.0,"key":"REST"},{"data":"Shrug It Off","floor":11.0,"key":"SMITH"},{"floor":15.0,"key":"REST"},{"floor":24.0,"key":"REST"}],"neow_cost":"NONE","seed_source_timestamp":46389189461993,"circlet_count":0,"master_deck":["Strike_R","Strike_R","Strike_R","Strike_R","Strike_R","Defend_R","Defend_R","Bash","Shrug It Off+1","Heavy Blade","Anger","Armaments","Perfected Strike","Twin Strike","Flex","Wild Strike","J.A.X.","Wild Strike+1"],"special_seed":0,"relics":["Burning Blood","Vajra","Charon\u0027s Ashes","Bottled Lightning","Pear","Orrery","Red Mask","Frozen Egg 2"],"potions_floor_usage":[27,27],"damage_taken":[{"damage":0.0,"enemies":"2 Louse","floor":1.0,"turns":2.0},{"damage":40.0,"enemies":"3 Sentries","floor":6.0,"turns":11.0},{"damage":2.0,"enemies":"Small Slimes","floor":8.0,"turns":3.0},{"damage":2.0,"enemies":"Cultist","floor":10.0,"turns":4.0},{"damage":44.0,"enemies":"Lagavulin","floor":12.0,"turns":6.0},{"damage":1.0,"enemies":"2 Fungi Beasts","floor":14.0,"turns":3.0},{"damage":66.0,"enemies":"Hexaghost","floor":16.0,"turns":9.0},{"damage":8.0,"enemies":"3 Byrds","floor":18.0,"turns":5.0},{"damage":30.0,"enemies":"Shell Parasite","floor":19.0,"turns":5.0},{"damage":40.0,"enemies":"Masked Bandits","floor":21.0,"turns":5.0},{"damage":0.0,"enemies":"Gremlin Leader","floor":23.0,"turns":1.0},{"damage":37.0,"enemies":"Chosen and Byrds","floor":25.0,"turns":6.0},{"damage":19,"enemies":"Centurion and Healer","floor":27,"turns":3}],"seed_played":"2235890519463578285","potions_obtained":[{"floor":6.0,"key":"Strength Potion"},{"floor":16.0,"key":"Strength Potion"},{"floor":18.0,"key":"SmokeBomb"}],"is_trial":false,"path_per_floor":["M","$","?","?","?","E","R","M","T","M","R","E","?","M","R","B",null,"M","M","?","?","?","E","R","M","T","M"],"character_chosen":"IRONCLAD","items_purchased":[],"campfire_rested":3,"item_purchase_floors":[],"current_hp_per_floor":[80,80,80,80,69,35,59,63,63,67,67,39,39,44,71,11,90,88,64,46,12,12,18,46,15,15,0],"gold":399,"neow_bonus":"RANDOM_COMMON_RELIC","is_prod":false,"is_daily":false,"chose_seed":false,"campfire_upgraded":1,"win_rate":0,"timestamp":1549956054,"path_taken":["M","$","?","?","?","E","R","M","T","M","R","E","?","M","R","BOSS","M","M","?","?","?","E","R","M","T","M"],"build_version":"2019-01-23","purchased_purges":1,"victory":false,"max_hp_per_floor":[80,80,80,80,80,80,80,80,80,80,80,90,90,90,90,90,90,90,90,95,95,95,95,95,95,95,95],"card_choices":[{"not_picked":["Cleave","Wild Strike"],"picked":"Shrug It Off","floor":1.0},{"not_picked":["Feel No Pain","Infernal Blade","Metallicize"],"picked":"SKIP","floor":6.0},{"not_picked":["Shockwave","Rupture"],"picked":"Heavy Blade","floor":8.0},{"not_picked":["Cleave","Searing Blow","Hemokinesis"],"picked":"SKIP","floor":10.0},{"not_picked":["True Grit","Evolve"],"picked":"Anger","floor":12.0},{"not_picked":["Metallicize","Ghostly Armor","Shockwave"],"picked":"SKIP","floor":14.0},{"not_picked":["Power Through","Pommel Strike"],"picked":"Perfected Strike","floor":17.0},{"not_picked":["Clothesline","True Grit"],"picked":"Twin Strike","floor":17.0},{"not_picked":["Wild Strike","Shrug It Off"],"picked":"Flex","floor":17.0},{"not_picked":["Clash","Heavy Blade"],"picked":"Wild Strike","floor":17.0},{"not_picked":["Metallicize","Shockwave+1","Whirlwind"],"picked":"SKIP","floor":18.0},{"not_picked":["True Grit","Power Through","Havoc+1"],"picked":"SKIP","floor":19.0},{"not_picked":["Heavy Blade","Thunderclap+1"],"picked":"Wild Strike+1","floor":25.0}],"player_experience":336035,"relics_obtained":[{"floor":6.0,"key":"Charon\u0027s Ashes"},{"floor":9.0,"key":"Bottled Lightning"},{"floor":12.0,"key":"Pear"},{"floor":21.0,"key":"Red Mask"},{"floor":26.0,"key":"Frozen Egg 2"}],"event_choices":[{"damage_healed":0.0,"max_hp_gain":0.0,"max_hp_loss":0.0,"gold_gain":0.0,"event_name":"The Cleric","player_choice":"Leave","floor":3.0,"gold_loss":0.0,"damage_taken":0.0},{"damage_healed":0.0,"max_hp_gain":0.0,"max_hp_loss":0.0,"gold_gain":0.0,"event_name":"Liars Game","player_choice":"Ignored","floor":4.0,"gold_loss":0.0,"damage_taken":0.0},{"damage_healed":0.0,"max_hp_gain":0.0,"max_hp_loss":0.0,"gold_gain":75.0,"event_name":"World of Goop","player_choice":"Gather Gold","floor":5.0,"gold_loss":0.0,"damage_taken":11.0},{"damage_healed":0.0,"max_hp_gain":0.0,"max_hp_loss":0.0,"gold_gain":0.0,"cards_transformed":["Defend_R"],"event_name":"Transmorgrifier","player_choice":"Transformed","floor":13.0,"gold_loss":0.0,"damage_taken":0.0,"cards_obtained":["Armaments"]},{"damage_healed":0.0,"max_hp_gain":5.0,"max_hp_loss":0.0,"gold_gain":0.0,"event_name":"Forgotten Altar","player_choice":"Shed Blood","floor":20.0,"gold_loss":0.0,"damage_taken":23.0},{"damage_healed":0.0,"max_hp_gain":0.0,"max_hp_loss":0.0,"gold_gain":0.0,"event_name":"Masked Bandits","player_choice":"Fought Bandits","floor":21.0,"gold_loss":0.0,"damage_taken":0.0},{"damage_healed":0.0,"max_hp_gain":0.0,"max_hp_loss":0.0,"gold_gain":0.0,"event_name":"Drug Dealer","player_choice":"Obtain J.A.X.","floor":22.0,"gold_loss":0.0,"damage_taken":0.0,"cards_obtained":["J.A.X."]}],"is_beta":false,"boss_relics":[{"not_picked":["Snecko Eye","Pandora\u0027s Box"],"picked":"Orrery"}],"items_purged_floors":[2],"is_endless":false,"potions_floor_spawned":[6,16,18,23],"killed_by":"Centurion and Healer","ascension_level":0}