{"path_per_floor":["M","?","?","$","M","$","?","R","T","R","M","R","?","M","R"],"character_chosen":"THE_SILENT","items_purchased":[],"gold_per_floor":[110,110,110,35,49,49,49,49,73,73,86,86,36,49,49,49],"floor_reached":16,"campfire_rested":0,"playtime":1041,"item_purchase_floors":[],"current_hp_per_floor":[68,68,65,65,65,65,65,65,65,65,67,67,67,69,69,0],"items_purged":["Strike_G"],"gold":49,"score":88,"play_id":"effea1e0-16e7-4f61-9feb-84eb98cd2d95","local_time":"20180609145545","is_prod":false,"is_daily":false,"chose_seed":false,"is_ascension_mode":false,"campfire_upgraded":4,"win_rate":0.0,"timestamp":1528574145,"campfire_choices":[{"data":"Footwork","floor":8,"key":"SMITH"},{"data":"Neutralize","floor":10,"key":"SMITH"},{"data":"Deadly Poison","floor":12,"key":"SMITH"},{"data":"Survivor","floor":15,"key":"SMITH"}],"path_taken":["M","?","?","?","M","$","?","R","T","R","?","R","?","M","R","BOSS"],"build_version":"2018-06-07v3","seed_source_timestamp":528420966219456,"purchased_purges":1,"victory":false,"master_deck":["Defend_G","Defend_G","Defend_G","Defend_G","Defend_G","Strike_G","Strike_G","Strike_G","Survivor+1","Neutralize+1","Footwork+1","Deadly Poison+1"],"max_hp_per_floor":[70,70,70,70,70,70,70,70,70,70,70,70,70,70,70,70],"relics":["Ring of the Snake","Lantern","Vajra","Boot","Blood Vial"],"card_choices":[{"not_picked":["Poisoned Stab","Eviscerate"],"picked":"Footwork","floor":1},{"not_picked":["Bane","Dodge and Roll","All Out Attack"],"picked":"SKIP","floor":5},{"not_picked":["Flying Knee","Underhanded Strike"],"picked":"Deadly Poison","floor":11},{"not_picked":["Endless Agony","Blade Dance","Backflip"],"picked":"SKIP","floor":14}],"player_experience":139996,"potions_floor_usage":[16,16],"damage_taken":[{"damage":2,"enemies":"Small Slimes","floor":1,"turns":5},{"damage":0,"enemies":"Cultist","floor":5,"turns":4},{"damage":0,"enemies":"Jaw Worm","floor":11,"turns":5},{"damage":0,"enemies":"3 Louse","floor":14,"turns":3},{"damage":73,"enemies":"Slime Boss","floor":16,"turns":15}],"relics_obtained":[{"floor":9,"key":"Blood Vial"}],"event_choices":[{"event_name":"Match and Keep!","player_choice":"0 cards matched","floor":2,"damage_taken":0},{"event_name":"Scrap Ooze","player_choice":"success","floor":3,"damage_taken":3},{"event_name":"Accursed Blacksmith","player_choice":"Rummage","floor":7,"damage_taken":0},{"event_name":"The Cleric","player_choice":"Card Removal","floor":13,"damage_taken":0}],"boss_relics":[],"items_purged_floors":[4],"potions_floor_spawned":[11,14],"seed_played":"5651980250110319896","killed_by":"Slime Boss","ascension_level":0,"potions_obtained":[{"floor":11,"key":"Strength Potion"},{"floor":14,"key":"Fire Potion"}],"is_trial":false}