{"gold_per_floor":[114,83,83,83,98,98,128,143,143,143,143,158,158,173,173,273,273,288,303,318,333,348,348,148,148,148,163,178,178,228,243,243,243],"floor_reached":33,"playtime":1318,"items_purged":[],"score":251,"play_id":"81854423-04bc-4723-a227-8eaa88db68d9","local_time":"20180730093756","daily_mods":["Diverse","Lethality","Terminal"],"is_ascension_mode":false,"campfire_choices":[{"data":"Cloak And Dagger","floor":6,"key":"SMITH"},{"data":"Bash","floor":11,"key":"SMITH"},{"floor":13,"key":"REST"},{"data":"Sucker Punch","floor":15,"key":"SMITH"},{"data":"Armaments","floor":23,"key":"SMITH"},{"data":"Combust","floor":25,"key":"SMITH"},{"data":"Beam Cell","floor":32,"key":"SMITH"}],"neow_cost":"","seed_source_timestamp":0,"circlet_count":0,"master_deck":["Strike_R+1","Strike_R+1","Strike_R","Strike_R","Strike_R","Defend_R","Defend_R","Defend_R","Defend_R","Bash+1","Cloak And Dagger+1","Combust+1","Flex","Sucker Punch+1","Reaper","Conserve Battery","Dodge and Roll","Beam Cell+1","Conserve Battery+1","Armaments+1","White Noise+1","Disarm+1"],"special_seed":17742,"relics":["Burning Blood","Singing Bowl","Self Forming Clay","Letter Opener","The Courier","Velvet Choker","Toxic Egg 2","Mercury Hourglass","Omamori"],"potions_floor_usage":[18,22,28],"damage_taken":[{"damage":0,"enemies":"Cultist","floor":1,"turns":2},{"damage":3,"enemies":"Jaw Worm","floor":5,"turns":2},{"damage":24,"enemies":"Lagavulin","floor":7,"turns":5},{"damage":0,"enemies":"2 Louse","floor":8,"turns":2},{"damage":10,"enemies":"Blue Slaver","floor":12,"turns":2},{"damage":3,"enemies":"2 Fungi Beasts","floor":14,"turns":3},{"damage":46,"enemies":"The Guardian","floor":16,"turns":7},{"damage":16,"enemies":"3 Byrds","floor":18,"turns":4},{"damage":23,"enemies":"2 Thieves","floor":19,"turns":3},{"damage":4,"enemies":"Cultist and Chosen","floor":20,"turns":4},{"damage":15,"enemies":"Snake Plant","floor":21,"turns":3},{"damage":20,"enemies":"Chosen and Byrds","floor":22,"turns":5},{"damage":3,"enemies":"Cultist and Chosen","floor":27,"turns":4},{"damage":13,"enemies":"Snake Plant","floor":28,"turns":3},{"damage":9,"enemies":"3 Cultists","floor":31,"turns":5},{"damage":59,"enemies":"Automaton","floor":33,"turns":6}],"seed_played":"3676121671515635212","potions_obtained":[{"floor":5,"key":"Ancient Potion"},{"floor":8,"key":"Energy Potion"},{"floor":12,"key":"SpeedPotion"},{"floor":18,"key":"SteroidPotion"},{"floor":19,"key":"LiquidBronze"},{"floor":21,"key":"Fruit Juice"},{"floor":22,"key":"LiquidBronze"}],"is_trial":false,"path_per_floor":["M","?","?","T","M","R","E","M","T","?","R","M","R","M","R","B",null,"M","M","M","M","M","R","$","R","T","M","M","?","T","M","R"],"character_chosen":"IRONCLAD","items_purchased":["Toxic Egg 2"],"campfire_rested":1,"item_purchase_floors":[24],"current_hp_per_floor":[78,77,74,74,76,75,57,63,63,49,49,45,65,69,68,28,66,65,62,63,61,64,64,64,63,62,61,56,56,56,59,59,0],"gold":243,"neow_bonus":"","is_prod":false,"is_daily":true,"chose_seed":false,"campfire_upgraded":6,"win_rate":0,"timestamp":1532932676,"path_taken":["M","?","?","?","M","R","E","M","T","?","R","M","R","?","R","BOSS","M","M","?","M","M","R","$","R","T","M","M","?","?","M","R","BOSS"],"build_version":"2018-07-26","purchased_purges":0,"victory":false,"max_hp_per_floor":[78,77,76,75,76,75,74,73,72,71,70,69,68,69,68,67,66,65,64,63,62,66,65,64,63,62,61,62,61,60,61,60,60],"card_choices":[{"not_picked":["True Grit","Havoc"],"picked":"Cloak And Dagger","floor":1},{"not_picked":["Shrug It Off","Hologram","Body Slam"],"picked":"Singing Bowl","floor":5},{"not_picked":["Steam","Auto Shields"],"picked":"Combust","floor":7},{"not_picked":["Machine Learning","Rebound"],"picked":"Flex","floor":8},{"not_picked":["Redo","Backflip"],"picked":"Sucker Punch","floor":12},{"not_picked":["Poisoned Stab","Perfected Strike","Outmaneuver"],"picked":"Singing Bowl","floor":14},{"not_picked":["Core Surge","Multi-Cast"],"picked":"Reaper","floor":16},{"not_picked":["Wild Strike","Clash+1"],"picked":"Conserve Battery","floor":18},{"not_picked":["Compile Driver","Cold Snap"],"picked":"Dodge and Roll","floor":19},{"not_picked":["Escape Plan","Sweeping Beam"],"picked":"Beam Cell","floor":20},{"not_picked":["Beam Cell","Capacitor"],"picked":"Conserve Battery+1","floor":21},{"not_picked":["Bane","Power Through"],"picked":"Armaments","floor":22},{"not_picked":["Dash+1","Rip and Tear"],"picked":"White Noise+1","floor":27},{"not_picked":["Combust","Malaise+1","Perfected Strike"],"picked":"Singing Bowl","floor":28},{"not_picked":["Deflect+1","Havoc+1","Clothesline+1"],"picked":"Singing Bowl","floor":31}],"player_experience":150788,"relics_obtained":[{"floor":4,"key":"Self Forming Clay"},{"floor":7,"key":"Letter Opener"},{"floor":9,"key":"The Courier"},{"floor":26,"key":"Mercury Hourglass"},{"floor":30,"key":"Omamori"}],"event_choices":[{"event_name":"World of Goop","player_choice":"Left","floor":2,"damage_taken":0},{"event_name":"Scrap Ooze","player_choice":"success","floor":3,"damage_taken":3},{"event_name":"Shining Light","player_choice":"Entered Light","floor":10,"damage_taken":0},{"event_name":"The Library","player_choice":"Read","floor":29,"damage_taken":0}],"is_beta":false,"boss_relics":[{"not_picked":["Orrery","Runic Cube"],"picked":"Velvet Choker"}],"items_purged_floors":[],"is_endless":false,"potions_floor_spawned":[5,8,12,18,19,21,22],"killed_by":"Automaton","ascension_level":0}