{"gold_per_floor":[113,288,190,204,215,215,225,239,239,239,239,539,489,499,499,499],"floor_reached":16,"playtime":602,"items_purged":["Doubt"],"score":92,"play_id":"fabe0364-0908-41f5-8a62-8bde6acb3d62","local_time":"20190216073701","is_ascension_mode":false,"campfire_choices":[{"floor":6.0,"key":"RECALL"},{"data":"Catalyst","floor":11.0,"key":"SMITH"},{"floor":15.0,"key":"REST"}],"neow_cost":"NONE","seed_source_timestamp":344363133261,"circlet_count":0,"master_deck":["Defend_G","Defend_G","Defend_G","Defend_G","Defend_G","Strike_G","Strike_G","Strike_G","Strike_G","Survivor","Neutralize","Crippling Poison","Poisoned Stab","Catalyst+1","Cloak And Dagger","Bane"],"special_seed":0,"relics":["Ring of the Snake","Singing Bowl","Question Card","Old Coin"],"potions_floor_usage":[16],"damage_taken":[{"damage":0.0,"enemies":"Cultist","floor":1.0,"turns":6.0},{"damage":0.0,"enemies":"Small Slimes","floor":4.0,"turns":3.0},{"damage":0.0,"enemies":"2 Louse","floor":5.0,"turns":4.0},{"damage":3.0,"enemies":"Large Slime","floor":7.0,"turns":7.0},{"damage":4.0,"enemies":"2 Fungi Beasts","floor":8.0,"turns":4.0},{"damage":7.0,"enemies":"Exordium Wildlife","floor":14.0,"turns":5.0},{"damage":82,"enemies":"Slime Boss","floor":16,"turns":9}],"seed_played":"171255752219657232","potions_obtained":[{"floor":1.0,"key":"Fruit Juice"},{"floor":4.0,"key":"Ancient Potion"},{"floor":5.0,"key":"PowerPotion"}],"is_trial":false,"path_per_floor":["M","?","$","M","M","R","M","M","T","?","R","?","?","M","R","B"],"character_chosen":"THE_SILENT","items_purchased":["Poisoned Stab"],"campfire_rested":1,"item_purchase_floors":[3],"current_hp_per_floor":[77,77,77,77,77,77,74,70,70,70,70,52,52,47,75,0],"gold":499,"neow_bonus":"TEN_PERCENT_HP_BONUS","is_prod":false,"is_daily":false,"chose_seed":false,"campfire_upgraded":1,"win_rate":0,"timestamp":1550291821,"path_taken":["M","?","$","M","M","R","M","M","T","?","R","?","?","M","R","BOSS"],"build_version":"2019-01-23","purchased_purges":1,"victory":false,"max_hp_per_floor":[77,77,77,77,77,77,77,77,77,77,77,77,77,79,84,84],"card_choices":[{"not_picked":["Well Laid Plans","Finisher"],"picked":"Crippling Poison","floor":1.0},{"not_picked":["Flying Knee","Dagger Throw"],"picked":"Catalyst","floor":4.0},{"not_picked":["Quick Slash","Poisoned Stab"],"picked":"Cloak And Dagger","floor":5.0},{"not_picked":["Caltrops","Choke","Dagger Spray"],"picked":"SKIP","floor":7.0},{"not_picked":["Dagger Throw","Burst"],"picked":"Bane","floor":8.0},{"not_picked":["Blade Dance","Leg Sweep","Setup","Expertise"],"picked":"Singing Bowl","floor":14.0}],"player_experience":386525,"relics_obtained":[{"floor":9.0,"key":"Singing Bowl"}],"event_choices":[{"damage_healed":0.0,"max_hp_gain":0.0,"max_hp_loss":0.0,"gold_gain":175.0,"event_name":"Liars Game","player_choice":"AGREE","floor":2.0,"gold_loss":0.0,"damage_taken":0.0,"cards_obtained":["Doubt"]},{"damage_healed":0.0,"max_hp_gain":0.0,"max_hp_loss":0.0,"gold_gain":0.0,"event_name":"Dead Adventurer","player_choice":"Searched \u00271\u0027 times","floor":10.0,"gold_loss":0.0,"damage_taken":0.0,"relics_obtained":["Question Card"]},{"damage_healed":0.0,"max_hp_gain":0.0,"max_hp_loss":0.0,"gold_gain":0.0,"event_name":"Scrap Ooze","player_choice":"Success","floor":12.0,"gold_loss":0.0,"damage_taken":18.0,"relics_obtained":["Old Coin"]},{"cards_removed":["Strike_G"],"damage_healed":0.0,"max_hp_gain":0.0,"max_hp_loss":0.0,"gold_gain":0.0,"event_name":"The Cleric","player_choice":"Card Removal","floor":13.0,"gold_loss":50.0,"damage_taken":0.0}],"is_beta":false,"boss_relics":[],"items_purged_floors":[3],"is_endless":false,"potions_floor_spawned":[1,4,5,7],"killed_by":"Slime Boss","ascension_level":0}