{"gold_per_floor":[114,39,52,52,52,52,80,107,119,131,143,155,180,92,92,197,197,212,212,38,137,237,272,272,272,272,282,292,172,32,51,51,51],"floor_reached":33,"playtime":997,"items_purged":["Defend_R","Defend_R","Defend_R","Defend_R","Strike_R"],"score":286,"play_id":"052d4bcd-d522-4665-89ce-78676639bd87","local_time":"20190211095930","is_ascension_mode":false,"campfire_choices":[{"data":"Bash","floor":6.0,"key":"SMITH"},{"data":"Strike_R","floor":12.0,"key":"SMITH"},{"data":"Strike_R","floor":15.0,"key":"SMITH"},{"floor":24.0,"key":"REST"},{"floor":32.0,"key":"REST"}],"neow_cost":"NONE","seed_source_timestamp":48996729611724,"circlet_count":0,"master_deck":["Strike_R+1","Strike_R","Strike_R+1","Strike_R+1","Bash+1","Shrug It Off","Dropkick"],"special_seed":0,"relics":["Burning Blood","NeowsBlessing","Paper Frog","MawBank","Mercury Hourglass","Black Star","Thread and Needle","Pantograph","Ancient Tea Set","Gambling Chip","The Courier"],"potions_floor_usage":[33,33],"damage_taken":[{"damage":0.0,"enemies":"Cultist","floor":1.0,"turns":1.0},{"damage":0.0,"enemies":"2 Louse","floor":3.0,"turns":1.0},{"damage":0.0,"enemies":"3 Sentries","floor":7.0,"turns":1.0},{"damage":7.0,"enemies":"Small Slimes","floor":8.0,"turns":4.0},{"damage":5.0,"enemies":"Looter","floor":13.0,"turns":2.0},{"damage":84.0,"enemies":"The Guardian","floor":16.0,"turns":10.0},{"damage":5.0,"enemies":"Chosen","floor":18.0,"turns":4.0},{"damage":31.0,"enemies":"Colosseum Slavers","floor":22.0,"turns":4.0},{"damage":9.0,"enemies":"Colosseum Nobs","floor":22.0,"turns":4.0},{"damage":51.0,"enemies":"Slavers","floor":23.0,"turns":7.0},{"damage":6.0,"enemies":"Shell Parasite","floor":27.0,"turns":3.0},{"damage":17.0,"enemies":"Centurion and Healer","floor":28.0,"turns":5.0},{"damage":33.0,"enemies":"Shelled Parasite and Fungi","floor":31.0,"turns":5.0},{"damage":106,"enemies":"Automaton","floor":33,"turns":8}],"seed_played":"-5437074604748383610","potions_obtained":[{"floor":3.0,"key":"EssenceOfSteel"},{"floor":16.0,"key":"AttackPotion"},{"floor":18.0,"key":"Block Potion"},{"floor":22.0,"key":"FairyPotion"},{"floor":27.0,"key":"Energy Potion"},{"floor":31.0,"key":"FearPotion"}],"is_trial":false,"path_per_floor":["M","$","M","T","$","R","E","M","T","?","?","R","M","$","R","B",null,"M","?","$","?","?","E","R","?","T","M","M","$","$","M","R","B"],"character_chosen":"IRONCLAD","items_purchased":["Shrug It Off"],"campfire_rested":2,"item_purchase_floors":[20],"current_hp_per_floor":[80,80,80,80,80,80,80,79,79,84,84,84,85,85,85,7,85,85,85,85,85,57,12,37,85,85,85,74,74,74,47,72,0],"gold":51,"neow_bonus":"THREE_ENEMY_KILL","is_prod":false,"is_daily":false,"chose_seed":false,"campfire_upgraded":3,"win_rate":0,"timestamp":1549868370,"path_taken":["M","$","M","?","$","R","E","M","T","?","?","R","?","$","R","BOSS","M","?","$","?","?","E","R","?","T","?","M","?","$","M","R","BOSS"],"build_version":"2019-01-23","purchased_purges":5,"victory":false,"max_hp_per_floor":[80,80,80,80,80,80,80,80,80,85,85,85,85,85,85,85,85,85,85,85,85,85,85,85,85,85,85,85,85,85,85,85,85],"card_choices":[{"not_picked":["Flex","Iron Wave","Body Slam"],"picked":"SKIP","floor":1.0},{"not_picked":["Battle Trance","Flex","Power Through"],"picked":"SKIP","floor":3.0},{"not_picked":["Spot Weakness","Uppercut","Evolve"],"picked":"SKIP","floor":7.0},{"not_picked":["Burning Pact","Inflame","Wild Strike"],"picked":"SKIP","floor":8.0},{"not_picked":["Havoc","Ghostly Armor","Carnage"],"picked":"SKIP","floor":13.0},{"not_picked":["Hemokinesis","Sword Boomerang","Burning Pact"],"picked":"SKIP","floor":18.0},{"not_picked":["Sword Boomerang","Twin Strike","Uppercut"],"picked":"SKIP","floor":23.0},{"not_picked":["Sword Boomerang","Twin Strike","Uppercut"],"picked":"SKIP","floor":23.0},{"not_picked":["Rage","Pommel Strike"],"picked":"Dropkick","floor":27.0},{"not_picked":["Hemokinesis","Iron Wave+1","Feel No Pain+1"],"picked":"SKIP","floor":28.0},{"not_picked":["Battle Trance","Body Slam","Warcry"],"picked":"SKIP","floor":31.0}],"player_experience":299013,"relics_obtained":[{"floor":4.0,"key":"Paper Frog"},{"floor":7.0,"key":"MawBank"},{"floor":9.0,"key":"Mercury Hourglass"},{"floor":22.0,"key":"Thread and Needle"},{"floor":22.0,"key":"Pantograph"},{"floor":23.0,"key":"Ancient Tea Set"},{"floor":23.0,"key":"Gambling Chip"},{"floor":26.0,"key":"The Courier"}],"event_choices":[{"damage_healed":0.0,"max_hp_gain":5.0,"max_hp_loss":0.0,"gold_gain":0.0,"event_name":"Big Fish","player_choice":"Donut","floor":10.0,"gold_loss":0.0,"damage_taken":0.0},{"damage_healed":0.0,"max_hp_gain":0.0,"max_hp_loss":0.0,"gold_gain":0.0,"event_name":"Upgrade Shrine","player_choice":"Upgraded","floor":11.0,"gold_loss":0.0,"damage_taken":0.0,"cards_upgraded":["Strike_R"]},{"damage_healed":0.0,"max_hp_gain":0.0,"max_hp_loss":0.0,"gold_gain":0.0,"event_name":"Vampires","player_choice":"Ignored","floor":19.0,"gold_loss":0.0,"damage_taken":0.0},{"damage_healed":0.0,"max_hp_gain":0.0,"max_hp_loss":0.0,"gold_gain":99.0,"event_name":"Nest","player_choice":"Stole From Cult","floor":21.0,"gold_loss":0.0,"damage_taken":0.0},{"damage_healed":0.0,"max_hp_gain":0.0,"max_hp_loss":0.0,"gold_gain":0.0,"event_name":"Colosseum","player_choice":"Fight","floor":22.0,"gold_loss":0.0,"damage_taken":0.0},{"damage_healed":0.0,"max_hp_gain":0.0,"max_hp_loss":0.0,"gold_gain":0.0,"event_name":"Colosseum","player_choice":"Fought Nobs","floor":22.0,"gold_loss":0.0,"damage_taken":0.0},{"damage_healed":48.0,"max_hp_gain":0.0,"max_hp_loss":0.0,"gold_gain":0.0,"event_name":"Wheel of Change","player_choice":"Full Heal","floor":25.0,"gold_loss":0.0,"damage_taken":0.0}],"is_beta":false,"boss_relics":[{"not_picked":["Ectoplasm","Orrery"],"picked":"Black Star"}],"items_purged_floors":[2,14,20,29,30],"is_endless":false,"potions_floor_spawned":[3,16,18,22,27,31],"killed_by":"Automaton","ascension_level":0}