{"path_per_floor":["M","?","M","M","$","R","T","R","T","M","M","E","M","M","R","B",null,"M","M","M","$","?","R"],"character_chosen":"IRONCLAD","items_purchased":["Reaper","Rampage","Membership Card"],"gold_per_floor":[114,114,128,147,6,6,6,6,6,24,37,64,75,94,94,194,194,211,221,237,4,4,4,4],"floor_reached":24,"campfire_rested":1,"playtime":2865,"current_hp_per_floor":[76,76,76,79,79,79,79,79,79,75,63,64,74,75,75,49,80,69,60,19,19,19,43,0],"items_purged":[],"gold":4,"score":200,"play_id":"ef65aca5-e143-4d6e-abc9-e83aa7762e10","local_time":"20180327160628","is_prod":false,"is_daily":false,"is_ascension_mode":false,"campfire_upgraded":3,"timestamp":1522155988,"path_taken":["M","?","M","M","?","R","?","R","T","M","M","E","?","M","R","BOSS","M","?","M","$","?","R","E"],"build_version":"2018-03-22v2","purchased_purges":0,"victory":false,"master_deck":["Strike_R","Strike_R","Strike_R","Strike_R","Strike_R","Defend_R","Defend_R","Defend_R","Bash+1","Pommel Strike+1","Sword Boomerang","Armaments+1","Iron Wave","Reaper","Clothesline","Brutality","Anger","Perfected Strike","Rage","Double Tap","Infernal Blade","Twin Strike","Dual Wield","Rampage","Decay"],"max_hp_per_floor":[80,80,80,80,80,80,80,80,80,80,80,80,80,80,80,80,80,80,80,80,80,80,80,80],"relics":["Burning Blood","Sundial","Thread and Needle","Mercury Hourglass","Runic Cube","Membership Card"],"card_choices":[{"not_picked":["Twin Strike","Flex"],"picked":"Pommel Strike","floor":1},{"not_picked":["Warcry","Flex"],"picked":"Armaments","floor":3},{"not_picked":["Pummel","Sword Boomerang"],"picked":"Iron Wave","floor":4},{"not_picked":["Clash","Dual Wield"],"picked":"Clothesline","floor":10},{"not_picked":["Body Slam","Sword Boomerang"],"picked":"Brutality","floor":11},{"not_picked":["Searing Blow","Inflame"],"picked":"Anger","floor":12},{"not_picked":["Iron Wave","Burning Pact"],"picked":"Perfected Strike","floor":13},{"not_picked":["Sword Boomerang","Shockwave"],"picked":"Rage","floor":14},{"not_picked":["Feed","Bludgeon"],"picked":"Double Tap","floor":16},{"not_picked":["Shrug It Off","Perfected Strike"],"picked":"Infernal Blade","floor":18},{"not_picked":["Warcry","Combust"],"picked":"Twin Strike","floor":19},{"not_picked":["Headbutt","Armaments"],"picked":"Dual Wield","floor":20}],"player_experience":0,"potions_floor_usage":[16,16,16],"damage_taken":[{"damage":10,"enemies":"Jaw Worm","floor":1,"turns":4},{"damage":6,"enemies":"Cultist","floor":3,"turns":3},{"damage":3,"enemies":"2 Louse","floor":4,"turns":2},{"damage":10,"enemies":"Blue Slaver","floor":10,"turns":3},{"damage":18,"enemies":"Exordium Thugs","floor":11,"turns":3},{"damage":5,"enemies":"Gremlin Nob","floor":12,"turns":4},{"damage":2,"enemies":"Large Slime","floor":13,"turns":3},{"damage":5,"enemies":"Looter","floor":14,"turns":2},{"damage":41,"enemies":"The Guardian","floor":16,"turns":9},{"damage":17,"enemies":"3 Byrds","floor":18,"turns":5},{"damage":15,"enemies":"Shell Parasite","floor":19,"turns":6},{"damage":59,"enemies":"Cultist and Chosen","floor":20,"turns":6},{"damage":50,"enemies":"Gremlin Leader","floor":24,"turns":6}],"event_choices":[{"event_name":"Transmorgrifier","player_choice":"Transform","floor":2,"damage_taken":0},{"event_name":"Forgotten Altar","player_choice":"Smashed Altar","floor":22,"damage_taken":0}],"boss_relics":[{"not_picked":["Philosopher\u0027s Stone","Mark of Pain"],"picked":"Runic Cube"}],"potions_floor_spawned":[11,13,14,18,20],"seed_played":"-1965161773376916280","killed_by":"Gremlin Leader","ascension_level":0,"is_trial":false}