{"gold_per_floor":[144,189,11,11,86,176,266,266,266,356,446,446],"floor_reached":12,"playtime":549,"items_purged":[],"score":104,"play_id":"a09d378b-541c-4fb5-84ea-d0eb26e37064","local_time":"20190212195211","daily_mods":["Shiny","Flight","Midas"],"is_ascension_mode":false,"campfire_choices":[{"data":"1","floor":8.0,"key":"LIFT"}],"neow_cost":"","seed_source_timestamp":74505695397286,"circlet_count":0,"master_deck":["Venomology","Corpse Explosion","Malaise","Phantasmal Killer","Die Die Die","Adrenaline","Envenom","Doppelganger","Burst","Wraith Form v2","Tools of the Trade","Night Terror","Unload","After Image","Bullet Time","Storm of Steel","Glass Knife","A Thousand Cuts","Grand Finale","Backflip","Bane","Panache","Noxious Fumes"],"special_seed":17939,"relics":["Ring of the Snake","The Specimen","Girya","Singing Bowl","Bottled Tornado","Question Card"],"potions_floor_usage":[11],"damage_taken":[{"damage":0.0,"enemies":"Cultist","floor":1.0,"turns":2.0},{"damage":0.0,"enemies":"Small Slimes","floor":2.0,"turns":3.0},{"damage":11.0,"enemies":"3 Sentries","floor":6.0,"turns":3.0},{"damage":1.0,"enemies":"Gremlin Nob","floor":7.0,"turns":3.0},{"damage":21.0,"enemies":"3 Sentries","floor":10.0,"turns":5.0},{"damage":18,"enemies":"Gremlin Nob","floor":11,"turns":6},{"damage":13,"enemies":"The Mushroom Lair","floor":12,"turns":1}],"seed_played":"1988086906776939641","potions_obtained":[{"floor":1.0,"key":"EssenceOfSteel"},{"floor":7.0,"key":"Strength Potion"}],"is_trial":false,"path_per_floor":["M","M","$","?","?","E","E","R","T","E","E","?"],"character_chosen":"THE_SILENT","items_purchased":["Panache"],"campfire_rested":0,"item_purchase_floors":[3],"current_hp_per_floor":[70,70,70,70,59,48,47,47,47,26,10,0],"gold":446,"neow_bonus":"","is_prod":false,"is_daily":true,"chose_seed":false,"campfire_upgraded":0,"win_rate":0,"timestamp":1549990331,"path_taken":["M","M","$","?","?","E","E","R","T","E","E","?"],"build_version":"2019-01-23","purchased_purges":0,"victory":false,"max_hp_per_floor":[70,70,70,70,70,70,70,70,70,70,72,72],"card_choices":[{"not_picked":["Finisher","Footwork"],"picked":"Backflip","floor":1.0},{"not_picked":["Prepared","Well Laid Plans"],"picked":"Bane","floor":2.0},{"not_picked":["Dash","Predator","Escape Plan"],"picked":"SKIP","floor":6.0},{"not_picked":["Expertise","Slice","Dagger Spray"],"picked":"SKIP","floor":7.0},{"not_picked":["Cloak And Dagger","Slice"],"picked":"Noxious Fumes","floor":10.0},{"not_picked":["Choke","Bouncing Flask","Skewer"],"picked":"Singing Bowl","floor":11}],"player_experience":362107,"relics_obtained":[{"floor":6.0,"key":"The Specimen"},{"floor":7.0,"key":"Girya"},{"floor":9.0,"key":"Singing Bowl"},{"floor":10.0,"key":"Bottled Tornado"},{"floor":11,"key":"Question Card"}],"event_choices":[{"damage_healed":0.0,"max_hp_gain":0.0,"max_hp_loss":0.0,"gold_gain":0.0,"event_name":"Shining Light","player_choice":"Ignored","floor":4.0,"gold_loss":0.0,"damage_taken":0.0},{"damage_healed":0.0,"max_hp_gain":0.0,"max_hp_loss":0.0,"gold_gain":75.0,"event_name":"World of Goop","player_choice":"Gather Gold","floor":5.0,"gold_loss":0.0,"damage_taken":11.0},{"damage_healed":0,"gold_gain":0,"player_choice":"Fought Mushrooms","damage_taken":0,"max_hp_gain":0,"max_hp_loss":0,"event_name":"Mushrooms","floor":12,"gold_loss":0}],"is_beta":false,"boss_relics":[],"items_purged_floors":[],"is_endless":false,"potions_floor_spawned":[1,7],"killed_by":"The Mushroom Lair","ascension_level":0}