{"gold_per_floor":[113,131,188,188,200,200,163,163,163,163,191,214,243,253,253,351,351,362,362,378,145,165,193,193,225,225,225,275,286,286,305,305,402,402,417,417,190,216,232,263,263,291,291,305,305,320,2,18,18,18],"floor_reached":51,"playtime":3159,"items_purged":["Strike_R"],"score":763,"play_id":"ffb2bbb2-ac0f-4813-8dd2-e00941638c52","local_time":"20180715162324","is_ascension_mode":true,"campfire_choices":[{"data":"Rampage","floor":6.0,"key":"SMITH"},{"data":"Body Slam","floor":8.0,"key":"SMITH"},{"data":"Clothesline","floor":10.0,"key":"SMITH"},{"floor":15.0,"key":"REST"},{"floor":24.0,"key":"REST"},{"floor":27.0,"key":"REST"},{"floor":32.0,"key":"REST"},{"floor":41,"key":"REST"},{"floor":45,"key":"REST"},{"floor":49,"key":"REST"}],"neow_cost":"","seed_source_timestamp":686695359059472,"circlet_count":0,"master_deck":["Strike_R+1","Strike_R","Strike_R","Strike_R+1","Defend_R","Defend_R","Defend_R","Defend_R","Bash+1","Clothesline+1","Body Slam+1","Rampage+1","Ghostly Armor","Whirlwind+1","Headbutt+1","Spot Weakness","Reaper+1","Shrug It Off+1","Sword Boomerang+1","Infernal Blade","Headbutt+1","Clash+1","Hemokinesis+1","Iron Wave+1","Uppercut+1","Limit Break","Flex","Body Slam+1","Whirlwind+1","Thunderclap+1","Dual Wield+1"],"special_seed":0,"relics":["Burning Blood","Molten Egg 2","Whetstone","Odd Mushroom","Pen Nib","Lizard Tail","Blood Vial","Meat on the Bone","Darkstone Periapt","Ice Cream","Bottled Lightning","Busted Crown","Boot","Lantern","Question Card","Pear","Paper Frog","Self Forming Clay"],"potions_floor_usage":[35,39,40],"damage_taken":[{"damage":10.0,"enemies":"Jaw Worm","floor":1.0,"turns":4.0},{"damage":3.0,"enemies":"Small Slimes","floor":2.0,"turns":4.0},{"damage":4.0,"enemies":"Cultist","floor":5.0,"turns":3.0},{"damage":12.0,"enemies":"Gremlin Nob","floor":11.0,"turns":4.0},{"damage":10.0,"floor":12.0,"turns":3.0},{"damage":31.0,"enemies":"Lagavulin","floor":13.0,"turns":4.0},{"damage":17.0,"enemies":"Exordium Wildlife","floor":14.0,"turns":3.0},{"damage":41.0,"enemies":"Slime Boss","floor":16.0,"turns":11.0},{"damage":0.0,"enemies":"Chosen","floor":18.0,"turns":4.0},{"damage":17.0,"enemies":"Spheric Guardian","floor":20.0,"turns":4.0},{"damage":28.0,"enemies":"Cultist and Chosen","floor":22.0,"turns":5.0},{"damage":49.0,"enemies":"Gremlin Leader","floor":23.0,"turns":6.0},{"damage":72.0,"enemies":"Slavers","floor":25.0,"turns":6.0},{"damage":12.0,"enemies":"Centurion and Healer","floor":29.0,"turns":5.0},{"damage":11.0,"enemies":"3 Cultists","floor":31.0,"turns":4.0},{"damage":87.0,"enemies":"Automaton","floor":33.0,"turns":10.0},{"damage":6,"enemies":"Orb Walker","floor":35,"turns":2},{"damage":9,"enemies":"3 Shapes","floor":39,"turns":11},{"damage":39,"enemies":"2 Orb Walkers","floor":40,"turns":4},{"damage":39,"enemies":"Nemesis","floor":42,"turns":5},{"damage":44,"enemies":"Sphere and 2 Shapes","floor":44,"turns":5},{"damage":44,"enemies":"Maw","floor":46,"turns":6},{"damage":2,"enemies":"Transient","floor":48,"turns":5},{"damage":80,"enemies":"Time Eater","floor":50,"turns":9}],"seed_played":"-3165595831452334383","potions_obtained":[{"floor":5.0,"key":"Swift Potion"},{"floor":12.0,"key":"SpeedPotion"},{"floor":13.0,"key":"Strength Potion"},{"floor":14.0,"key":"Swift Potion"},{"floor":25.0,"key":"Swift Potion"},{"floor":29.0,"key":"Poison Potion"},{"floor":35,"key":"Energy Potion"},{"floor":40,"key":"Energy Potion"},{"floor":46,"key":"Poison Potion"}],"is_trial":false,"path_per_floor":["M","M","?","?","M","R","$","R","T","R","E","?","E","M","R","B",null,"M","?","M","$","M","E","R","E","T","R","?","M","T","M","R","B",null,"M","?","$","T","M","E","R","E","T","M","R","M","$","M","R","B"],"character_chosen":"IRONCLAD","items_purchased":["Ghostly Armor","Blood Vial","Infernal Blade","Headbutt+1","Flex","Boot","Fire Potion","Self Forming Clay"],"campfire_rested":7,"item_purchase_floors":[7,21,21,21,37,37,37,47],"current_hp_per_floor":[76,79,79,79,80,80,80,80,80,80,74,70,45,34,58,23,80,80,72,61,61,51,10,34,35,35,59,59,55,55,52,76,24,80,80,80,80,80,79,54,78,57,57,45,72,48,48,54,81,38],"gold":18,"neow_bonus":"","is_prod":false,"is_daily":false,"chose_seed":false,"campfire_upgraded":3,"win_rate":0,"timestamp":1531661004,"path_taken":["M","M","?","?","?","R","$","R","T","R","E","?","E","M","R","BOSS","M","?","?","$","M","E","R","E","T","R","?","M","?","M","R","BOSS","M","?","$","?","M","E","R","E","T","M","R","M","$","?","R","BOSS"],"build_version":"2018-07-12","purchased_purges":1,"victory":true,"max_hp_per_floor":[80,80,80,80,80,80,80,80,80,80,80,80,80,80,80,80,80,80,80,80,80,80,80,80,80,80,80,80,80,80,80,80,80,80,80,80,80,80,80,80,80,90,90,90,90,90,90,90,90,90],"card_choices":[{"not_picked":["Second Wind","Clash"],"picked":"Clothesline","floor":1.0},{"not_picked":["Pommel Strike","Clothesline"],"picked":"Body Slam","floor":2.0},{"not_picked":["Clash","Dropkick"],"picked":"Rampage","floor":5.0},{"not_picked":["Sword Boomerang+1","Clothesline+1"],"picked":"Whirlwind+1","floor":11.0},{"not_picked":["Exhume","True Grit"],"picked":"Headbutt+1","floor":12.0},{"not_picked":["Perfected Strike+1","Heavy Blade+1","Anger+1"],"picked":"SKIP","floor":13.0},{"not_picked":["Body Slam+1","Dropkick+1"],"picked":"Spot Weakness","floor":14.0},{"not_picked":["Feed+1","Offering"],"picked":"Reaper+1","floor":16.0},{"not_picked":["Warcry","True Grit"],"picked":"Shrug It Off+1","floor":18.0},{"not_picked":["Evolve","Clothesline+1"],"picked":"Sword Boomerang+1","floor":20.0},{"not_picked":["Dual Wield","Twin Strike+1"],"picked":"Clash+1","floor":22.0},{"not_picked":["Body Slam+1","Iron Wave+1"],"picked":"Corruption","floor":23.0},{"not_picked":["Rupture","Fiend Fire+1"],"picked":"Hemokinesis+1","floor":25.0},{"not_picked":["Sword Boomerang+1","Power Through+1"],"picked":"Iron Wave+1","floor":29.0},{"not_picked":["Ghostly Armor+1","Flex"],"picked":"Uppercut+1","floor":31.0},{"not_picked":["Reaper+1","Bludgeon+1"],"picked":"Limit Break","floor":33.0},{"not_picked":["Iron Wave+1"],"picked":"SKIP","floor":35},{"not_picked":["Shrug It Off+1"],"picked":"SKIP","floor":39},{"not_picked":[],"picked":"Body Slam+1","floor":40},{"not_picked":["Dropkick+1"],"picked":"Whirlwind+1","floor":42},{"not_picked":["Dual Wield+1","Iron Wave+1"],"picked":"SKIP","floor":44},{"not_picked":["Headbutt+1"],"picked":"Thunderclap+1","floor":46},{"not_picked":["Anger+1"],"picked":"Dual Wield+1","floor":48}],"player_experience":42531,"relics_obtained":[{"floor":9.0,"key":"Molten Egg 2"},{"floor":11.0,"key":"Whetstone"},{"floor":12.0,"key":"Odd Mushroom"},{"floor":13.0,"key":"Pen Nib"},{"floor":23.0,"key":"Meat on the Bone"},{"floor":25.0,"key":"Darkstone Periapt"},{"floor":26.0,"key":"Ice Cream"},{"floor":30.0,"key":"Bottled Lightning"},{"floor":38,"key":"Lantern"},{"floor":40,"key":"Question Card"},{"floor":42,"key":"Pear"},{"floor":43,"key":"Paper Frog"}],"event_choices":[{"event_name":"Golden Wing","player_choice":"Gained Gold","floor":3.0,"damage_taken":0.0},{"event_name":"Living Wall","player_choice":"Grow","floor":4.0,"damage_taken":0.0},{"event_name":"Mushrooms","player_choice":"Fought Mushrooms","floor":12.0,"damage_taken":0.0},{"event_name":"Knowing Skull","player_choice":"","floor":19.0,"damage_taken":0.0},{"event_name":"The Joust","player_choice":"Bet on Murderer","floor":28.0,"damage_taken":0.0},{"event_name":"Falling","player_choice":"Removed Power","floor":36,"damage_taken":0}],"boss_relics":[{"not_picked":["Black Star","Runic Pyramid"],"picked":"Lizard Tail"},{"not_picked":["Empty Cage","Orrery"],"picked":"Busted Crown"}],"items_purged_floors":[47],"is_endless":false,"potions_floor_spawned":[5,12,13,14,20,25,29,33,35,40,46],"ascension_level":1}