{"gold_per_floor":[119,119,119,135,147,147,158,158,158,158,158,171,193,193],"floor_reached":14,"playtime":635,"items_purged":[],"score":92,"play_id":"524aa3bd-ce3b-4b07-9e4b-1ffbc7e1f80d","local_time":"20180721074527","is_ascension_mode":true,"campfire_choices":[{"data":"Zap","floor":6,"key":"SMITH"},{"data":"Consume","floor":8,"key":"SMITH"},{"data":"Conserve Battery","floor":10,"key":"SMITH"}],"neow_cost":"NONE","seed_source_timestamp":822312931915959,"circlet_count":0,"master_deck":["Strike_B","Strike_B","Strike_B","Defend_B","Defend_B","Zap+1","Dualcast","Conserve Battery+1","Gash","Consume+1"],"relics":["Inserter","Mummified Hand","Odd Mushroom"],"potions_floor_usage":[7,13],"damage_taken":[{"damage":1,"enemies":"Cultist","floor":1,"turns":3},{"damage":0,"enemies":"Jaw Worm","floor":4,"turns":3},{"damage":12,"enemies":"Small Slimes","floor":5,"turns":3},{"damage":11,"enemies":"Looter","floor":7,"turns":2},{"damage":24,"enemies":"Exordium Wildlife","floor":12,"turns":5},{"damage":17,"floor":13,"turns":5},{"damage":3,"enemies":"Blue Slaver","floor":14,"turns":3}],"seed_played":"4514997048842495410","potions_obtained":[{"floor":4,"key":"LiquidBronze"},{"floor":7,"key":"Energy Potion"},{"floor":13,"key":"GamblersBrew"}],"is_trial":false,"path_per_floor":["M","?","?","M","M","R","M","R","T","R","?","M","?"],"character_chosen":"DEFECT","items_purchased":[],"campfire_rested":0,"item_purchase_floors":[],"current_hp_per_floor":[74,67,67,67,55,55,44,44,44,44,44,20,3,0],"gold":193,"neow_bonus":"BOSS_RELIC","is_prod":false,"is_daily":false,"chose_seed":false,"campfire_upgraded":3,"win_rate":0,"timestamp":1532177127,"path_taken":["M","?","?","?","M","R","M","R","T","R","?","?","?","M"],"build_version":"2018-07-19v2","purchased_purges":0,"victory":false,"max_hp_per_floor":[75,75,75,75,75,75,75,75,75,75,75,75,75,75],"card_choices":[{"not_picked":["Streamline","Steam"],"picked":"Conserve Battery","floor":1},{"not_picked":["Redo","BootSequence"],"picked":"Gash","floor":4},{"not_picked":["Beam Cell","Hologram","Cold Snap"],"picked":"SKIP","floor":5},{"not_picked":["Amplify","Reprogram"],"picked":"Consume","floor":7},{"not_picked":["Beam Cell","Auto Shields","Aggregate"],"picked":"SKIP","floor":12}],"player_experience":302404,"relics_obtained":[{"floor":9,"key":"Mummified Hand"},{"floor":13,"key":"Odd Mushroom"}],"event_choices":[{"event_name":"Golden Wing","player_choice":"Card Removal","floor":2,"damage_taken":0},{"event_name":"Living Wall","player_choice":"Forget","floor":3,"damage_taken":0},{"event_name":"Purifier","player_choice":"One Purge","floor":11,"damage_taken":0},{"event_name":"Mushrooms","player_choice":"Fought Mushrooms","floor":13,"damage_taken":0}],"is_beta":false,"boss_relics":[],"items_purged_floors":[],"is_endless":false,"potions_floor_spawned":[4,7,13],"killed_by":"Blue Slaver","ascension_level":3}