{"gold_per_floor":[116,134,99,175,53,84,84,96,121,139,165,183,183,201,201,201],"floor_reached":16,"playtime":786,"items_purged":[],"score":185,"play_id":"6356cd2e-0112-44db-8d94-537d333da828","local_time":"20190209212317","is_ascension_mode":true,"campfire_choices":[{"floor":7,"key":"REST"},{"floor":15,"key":"DIG"}],"neow_cost":"PERCENT_DAMAGE","seed_source_timestamp":775764428351000,"circlet_count":0,"master_deck":["AscendersBane","Defend_G","Defend_G","Defend_G","Defend_G","Defend_G","Strike_G","Strike_G","Strike_G","Strike_G","Strike_G","Survivor","Neutralize","Dagger Spray","Backstab","Flying Knee","Dash","Dash","Slice","Decay"],"relics":["Ring of the Snake","Shovel","Sundial","Singing Bowl","Blood Vial","Peace Pipe","Bronze Scales"],"potions_floor_usage":[11,11,16,16],"damage_taken":[{"damage":2,"enemies":"2 Louse","floor":1,"turns":6},{"damage":5,"enemies":"Jaw Worm","floor":2,"turns":5},{"damage":30,"enemies":"Gremlin Nob","floor":6,"turns":5},{"damage":0,"enemies":"Cultist","floor":8,"turns":4},{"damage":1,"enemies":"Looter","floor":10,"turns":2},{"damage":8,"enemies":"Lagavulin","floor":11,"turns":7},{"damage":7,"enemies":"Large Slime","floor":12,"turns":6},{"damage":3,"enemies":"Blue Slaver","floor":14,"turns":3},{"damage":48,"enemies":"Slime Boss","floor":16,"turns":13}],"seed_played":"-7046028820880581294","potions_obtained":[{"floor":8,"key":"Weak Potion"},{"floor":10,"key":"SteroidPotion"},{"floor":11,"key":"AttackPotion"},{"floor":12,"key":"GhostInAJar"}],"is_trial":false,"path_per_floor":["M","M","?","T","$","E","R","M","T","M","E","M","?","M","R","B"],"character_chosen":"THE_SILENT","items_purchased":["Backstab","Flying Knee"],"campfire_rested":1,"item_purchase_floors":[5,5],"current_hp_per_floor":[43,38,55,55,55,27,48,48,48,49,45,40,40,41,41,0],"gold":201,"neow_bonus":"ONE_RARE_RELIC","is_prod":false,"is_daily":false,"chose_seed":false,"campfire_upgraded":0,"win_rate":0,"timestamp":1549772597,"path_taken":["M","M","?","?","$","E","R","M","T","M","E","M","?","?","R","BOSS"],"build_version":"2019-01-23","purchased_purges":0,"victory":false,"max_hp_per_floor":[70,70,70,70,70,72,72,72,72,72,74,74,74,76,76,76],"card_choices":[{"not_picked":["Cloak And Dagger","Accuracy"],"picked":"Dagger Spray","floor":1},{"not_picked":["Backflip","Bane","Blade Dance"],"picked":"SKIP","floor":2},{"not_picked":["Flying Knee","Flechettes","Tactician"],"picked":"Singing Bowl","floor":6},{"not_picked":["Acrobatics","Prepared"],"picked":"Dash","floor":8},{"not_picked":["Caltrops","Bane"],"picked":"Dash","floor":10},{"not_picked":["Cloak And Dagger","Tactician","Phantasmal Killer"],"picked":"Singing Bowl","floor":11},{"not_picked":["Sucker Punch","Bane"],"picked":"Slice","floor":12},{"not_picked":["Reflex","Acrobatics","Blade Dance"],"picked":"Singing Bowl","floor":14}],"player_experience":905174,"relics_obtained":[{"floor":4,"key":"Sundial"},{"floor":6,"key":"Singing Bowl"},{"floor":9,"key":"Blood Vial"},{"floor":11,"key":"Peace Pipe"},{"floor":15,"key":"Bronze Scales"}],"event_choices":[{"damage_healed":17,"gold_gain":0,"player_choice":"Healed","damage_taken":0,"max_hp_gain":0,"max_hp_loss":0,"event_name":"The Cleric","floor":3,"gold_loss":35},{"damage_healed":0,"gold_gain":0,"player_choice":"Cursed","damage_taken":0,"max_hp_gain":0,"max_hp_loss":0,"event_name":"Wheel of Change","floor":13,"gold_loss":0,"cards_obtained":["Decay"]}],"is_beta":false,"boss_relics":[],"items_purged_floors":[],"is_endless":false,"potions_floor_spawned":[8,10,11,12],"killed_by":"Slime Boss","ascension_level":13}