{"gold_per_floor":[365,376,388,407,177,210,210,4,31,45,45,72,72,92,92,189,189,208,97,117,117],"floor_reached":21,"playtime":1892,"items_purged":["Strike_G"],"score":248,"play_id":"92015e54-0a8b-49b7-8d2a-99260fd94fde","local_time":"20180712003537","is_ascension_mode":true,"campfire_choices":[{"floor":7.0,"key":"REST"},{"data":"Caltrops","floor":11.0,"key":"SMITH"},{"data":"Well Laid Plans","floor":13.0,"key":"SMITH"},{"floor":15.0,"key":"REST"}],"neow_cost":"TEN_PERCENT_HP_LOSS","seed_source_timestamp":0,"circlet_count":0,"master_deck":["Defend_G","Defend_G","Defend_G","Defend_G","Defend_G","Strike_G","Strike_G","Strike_G","Strike_G","Survivor","Neutralize","Cloak And Dagger","Caltrops+1","Acrobatics","Well Laid Plans+1","Burst","Infinite Blades","Well Laid Plans","Finisher","Cloak And Dagger","Calculated Gamble","A Thousand Cuts","Caltrops"],"special_seed":0,"relics":["Ring of the Snake","Bronze Scales","Lee\u0027s Waffle","Snake Skull","Dream Catcher","Eternal Feather"],"potions_floor_usage":[18],"damage_taken":[{"damage":1.0,"enemies":"Small Slimes","floor":1.0,"turns":3.0},{"damage":0.0,"enemies":"Cultist","floor":2.0,"turns":4.0},{"damage":0.0,"enemies":"2 Louse","floor":3.0,"turns":4.0},{"damage":17.0,"enemies":"Large Slime","floor":4.0,"turns":10.0},{"damage":36.0,"enemies":"Gremlin Nob","floor":6.0,"turns":5.0},{"damage":10.0,"enemies":"Red Slaver","floor":10.0,"turns":4.0},{"damage":13.0,"enemies":"3 Sentries","floor":12.0,"turns":6.0},{"damage":15.0,"enemies":"2 Fungi Beasts","floor":14.0,"turns":3.0},{"damage":34.0,"enemies":"The Guardian","floor":16.0,"turns":9.0},{"damage":4,"enemies":"Shell Parasite","floor":18,"turns":4},{"damage":37,"enemies":"2 Thieves","floor":20,"turns":4},{"damage":21,"enemies":"Snake Plant","floor":21,"turns":4}],"seed_played":"291006115119250154","potions_obtained":[{"floor":6.0,"key":"AttackPotion"},{"floor":10.0,"key":"SteroidPotion"},{"floor":14.0,"key":"Fire Potion"},{"floor":16.0,"key":"Energy Potion"},{"floor":20,"key":"Energy Potion"}],"is_trial":false,"path_per_floor":["M","M","M","M","$","E","R","$","T","M","R","E","R","M","R","B",null,"M","$","M"],"character_chosen":"THE_SILENT","items_purchased":["Burst","Infinite Blades","Lee\u0027s Waffle","Caltrops"],"campfire_rested":2,"item_purchase_floors":[5,5,8,19],"current_hp_per_floor":[62,62,62,45,45,9,27,70,70,60,60,47,47,32,53,19,57,53,53,16,0],"gold":117,"neow_bonus":"TWO_FIFTY_GOLD","is_prod":false,"is_daily":false,"chose_seed":false,"campfire_upgraded":2,"win_rate":0,"timestamp":1531373737,"path_taken":["M","M","M","M","$","E","R","$","T","M","R","E","R","M","R","BOSS","M","$","M","M"],"build_version":"2018-07-05","purchased_purges":1,"victory":false,"max_hp_per_floor":[63,63,63,63,63,63,63,70,70,70,70,70,70,70,70,70,70,70,70,70,70],"card_choices":[{"not_picked":["Acrobatics","Masterful Stab"],"picked":"Cloak And Dagger","floor":1.0},{"not_picked":["Choke","Quick Slash"],"picked":"Caltrops","floor":2.0},{"not_picked":["Bane","Poisoned Stab"],"picked":"Acrobatics","floor":3.0},{"not_picked":["Finisher","Cloak And Dagger"],"picked":"Well Laid Plans","floor":4.0},{"not_picked":["Heel Hook","Poisoned Stab"],"picked":"Well Laid Plans","floor":6.0},{"not_picked":["Prepared","Outmaneuver"],"picked":"Finisher","floor":10.0},{"not_picked":["Quick Slash","Underhanded Strike","Outmaneuver"],"picked":"SKIP","floor":12.0},{"not_picked":["Doppelganger","Sucker Punch"],"picked":"Cloak And Dagger","floor":14.0},{"not_picked":["Dodge and Roll","Acrobatics"],"picked":"Calculated Gamble","floor":15.0},{"not_picked":["Unload","Adrenaline"],"picked":"A Thousand Cuts","floor":16.0},{"not_picked":["Underhanded Strike","Slice","Dagger Spray"],"picked":"SKIP","floor":18},{"not_picked":["Skewer","Underhanded Strike","Sucker Punch"],"picked":"SKIP","floor":20}],"player_experience":283335,"relics_obtained":[{"floor":6.0,"key":"Bronze Scales"},{"floor":9.0,"key":"Snake Skull"},{"floor":12.0,"key":"Dream Catcher"}],"event_choices":[],"boss_relics":[{"not_picked":["Tiny House","Snecko Eye"],"picked":"Eternal Feather"}],"items_purged_floors":[19],"is_endless":false,"potions_floor_spawned":[6,10,14,16,20],"killed_by":"Snake Plant","ascension_level":6}