{"gold_per_floor":[112,37,37,37,52,78,78,111,137,148,148,148,48,59,59,163,163,174,194,7,7,26,26,44,61,113,113,147,147,147,166,166,264,264,284,159,173,226,226,226,253,103,185,202,202,219,229,245,245,245],"floor_reached":51,"playtime":2928,"items_purged":["Strike_R","Strike_R","Wild Strike+1","Bash"],"score":873,"play_id":"ac8418b1-eeb0-4984-b63d-d5c31da955ef","local_time":"20180707014027","is_ascension_mode":true,"campfire_choices":[{"data":"Searing Blow+1","floor":7,"key":"SMITH"},{"data":"Searing Blow+2","floor":12,"key":"SMITH"},{"data":"Searing Blow+3","floor":15,"key":"SMITH"},{"data":"Apotheosis","floor":23,"key":"SMITH"},{"data":"Searing Blow+4","floor":27,"key":"SMITH"},{"data":"Searing Blow+5","floor":30,"key":"SMITH"},{"data":"Searing Blow+6","floor":32,"key":"SMITH"},{"data":"Searing Blow+7","floor":40,"key":"SMITH"},{"data":"Searing Blow+8","floor":45,"key":"SMITH"},{"data":"Searing Blow+9","floor":49,"key":"SMITH"}],"neow_cost":"NONE","seed_source_timestamp":2079249812309506,"circlet_count":0,"master_deck":["Defend_R+1","Defend_R","Defend_R","Searing Blow+10","Offering","Offering","Apotheosis+1","Armaments","Double Tap","Whirlwind+1","Metallicize+1","Thunderclap","Battle Trance+1","Madness","Madness"],"relics":["Burning Blood","NeowsBlessing","Juzu Bracelet","Happy Flower","Bronze Scales","Blood Vial","Runic Cube","Ancient Tea Set","Dream Catcher","Astrolabe","Girya","Orichalcum","The Courier"],"potions_floor_usage":[8,8,16,16,16,41,50,50],"damage_taken":[{"damage":0,"enemies":"Cultist","floor":1,"turns":1},{"damage":0,"enemies":"Small Slimes","floor":5,"turns":1},{"damage":0,"enemies":"Lagavulin","floor":6,"turns":1},{"damage":33,"enemies":"Gremlin Nob","floor":8,"turns":5},{"damage":12,"enemies":"Jaw Worm","floor":10,"turns":1},{"damage":10,"enemies":"Lots of Slimes","floor":14,"turns":3},{"damage":31,"enemies":"The Guardian","floor":16,"turns":7},{"damage":11,"enemies":"3 Byrds","floor":18,"turns":3},{"damage":13,"enemies":"Shell Parasite","floor":19,"turns":2},{"damage":12,"enemies":"Cultist and Chosen","floor":22,"turns":3},{"damage":6,"enemies":"Snecko","floor":24,"turns":3},{"damage":8,"enemies":"Slaver and Parasite","floor":25,"turns":3},{"damage":10,"enemies":"Slavers","floor":28,"turns":4},{"damage":8,"enemies":"Chosen and Byrds","floor":31,"turns":2},{"damage":22,"enemies":"Collector","floor":33,"turns":3},{"damage":8,"enemies":"3 Shapes","floor":35,"turns":1},{"damage":7,"enemies":"Orb Walker","floor":37,"turns":2},{"damage":19,"floor":38,"turns":1},{"damage":26,"enemies":"Nemesis","floor":41,"turns":5},{"damage":4,"enemies":"3 Darklings","floor":44,"turns":1},{"damage":8,"enemies":"4 Shapes","floor":46,"turns":1},{"damage":8,"enemies":"Sphere and 2 Shapes","floor":47,"turns":2},{"damage":8,"enemies":"Maw","floor":48,"turns":1},{"damage":10,"enemies":"Donu and Deca","floor":50,"turns":2}],"seed_played":"8231926394723513394","potions_obtained":[{"floor":1,"key":"PowerPotion"},{"floor":6,"key":"PowerPotion"},{"floor":10,"key":"Regen Potion"},{"floor":11,"key":"PowerPotion"},{"floor":11,"key":"Weak Potion"},{"floor":19,"key":"Strength Potion"},{"floor":22,"key":"BloodPotion"},{"floor":25,"key":"Weak Potion"},{"floor":37,"key":"FearPotion"},{"floor":47,"key":"SpeedPotion"}],"is_trial":false,"path_per_floor":["M","$","T","?","M","E","R","E","T","M","?","R","$","M","R","B",null,"M","M","$","?","M","R","M","M","T","R","E","?","R","M","R","B",null,"M","$","M","?","?","R","E","$","T","M","R","M","M","M","R","B"],"character_chosen":"IRONCLAD","items_purchased":["Apotheosis"],"campfire_rested":0,"item_purchase_floors":[20],"current_hp_per_floor":[80,80,80,64,70,76,76,49,49,45,45,45,45,43,43,35,80,75,70,70,80,74,74,76,76,76,76,74,74,74,74,74,60,80,78,78,79,67,57,57,47,47,47,51,51,51,51,51,51,49],"gold":245,"neow_bonus":"THREE_ENEMY_KILL","is_prod":false,"is_daily":false,"chose_seed":false,"campfire_upgraded":10,"win_rate":0,"timestamp":1530945627,"path_taken":["M","$","?","?","M","E","R","E","T","M","?","R","$","M","R","BOSS","M","M","?","?","M","R","M","M","T","R","E","?","R","M","R","BOSS","M","$","M","?","?","R","E","$","T","M","R","M","M","M","R","BOSS"],"build_version":"2018-07-05","purchased_purges":4,"victory":true,"max_hp_per_floor":[80,80,80,80,80,80,80,80,80,80,80,80,80,80,80,80,80,80,80,80,80,80,80,80,80,80,80,80,80,80,80,80,80,80,80,80,80,80,80,80,80,80,80,80,80,80,80,80,80,80],"card_choices":[{"not_picked":["Flex","Rage"],"picked":"Searing Blow","floor":1},{"not_picked":["Pommel Strike","Shrug It Off","Twin Strike"],"picked":"SKIP","floor":5},{"not_picked":["Pommel Strike","Dropkick","Havoc"],"picked":"SKIP","floor":6},{"not_picked":["Cleave","Clash","Seeing Red"],"picked":"SKIP","floor":8},{"not_picked":["Shockwave","Havoc"],"picked":"Offering","floor":10},{"not_picked":["Sever Soul","Shrug It Off","Anger"],"picked":"SKIP","floor":14},{"not_picked":["Dark Embrace","Brutality"],"picked":"Offering","floor":16},{"not_picked":["Twin Strike+1","Heavy Blade+1","Shrug It Off"],"picked":"SKIP","floor":18},{"not_picked":["Clothesline+1","Clash+1","Body Slam+1"],"picked":"SKIP","floor":19},{"not_picked":["Inflame+1","Uppercut+1"],"picked":"Armaments","floor":22},{"not_picked":["Iron Wave","Thunderclap+1","Power Through"],"picked":"SKIP","floor":24},{"not_picked":["Whirlwind","Heavy Blade","Thunderclap"],"picked":"SKIP","floor":25},{"not_picked":["Twin Strike","Havoc+1","Flex"],"picked":"SKIP","floor":28},{"not_picked":["Sever Soul+1","Pommel Strike","Perfected Strike"],"picked":"SKIP","floor":31},{"not_picked":["Exhume","Offering"],"picked":"Double Tap","floor":33},{"not_picked":["Perfected Strike+1","Rampage+1"],"picked":"Thunderclap","floor":35},{"not_picked":["Shrug It Off+1","Havoc+1"],"picked":"Battle Trance+1","floor":37},{"not_picked":["Anger","Blood for Blood+1","Twin Strike"],"picked":"SKIP","floor":41},{"not_picked":["Thunderclap","Clothesline+1","Headbutt"],"picked":"SKIP","floor":44},{"not_picked":["Body Slam","Juggernaut","Burning Pact"],"picked":"SKIP","floor":46},{"not_picked":["Headbutt","Body Slam+1","Thunderclap+1"],"picked":"SKIP","floor":47},{"not_picked":["Headbutt+1","Perfected Strike+1","Thunderclap"],"picked":"SKIP","floor":48}],"player_experience":263395,"relics_obtained":[{"floor":3,"key":"Juzu Bracelet"},{"floor":6,"key":"Happy Flower"},{"floor":8,"key":"Bronze Scales"},{"floor":9,"key":"Blood Vial"},{"floor":26,"key":"Ancient Tea Set"},{"floor":28,"key":"Dream Catcher"},{"floor":38,"key":"Girya"},{"floor":41,"key":"Orichalcum"},{"floor":43,"key":"The Courier"}],"event_choices":[{"event_name":"Shining Light","player_choice":"Entered Light","floor":4,"damage_taken":0},{"event_name":"The Lab","player_choice":"Got Potions","floor":11,"damage_taken":0},{"event_name":"Wheel of Change","player_choice":"Full Heal","floor":21,"damage_taken":0},{"event_name":"Back to Basics","player_choice":"Elegance","floor":29,"damage_taken":0},{"event_name":"Mysterious Sphere","player_choice":"Fight","floor":38,"damage_taken":0},{"event_name":"Winding Halls","player_choice":"Embrace Madness","floor":39,"damage_taken":0}],"boss_relics":[{"not_picked":["Cursed Key","Calling Bell"],"picked":"Runic Cube"},{"not_picked":["Runic Dome","Mark of Pain"],"picked":"Astrolabe"}],"items_purged_floors":[2,13,36,42],"is_endless":false,"potions_floor_spawned":[1,6,10,19,22,25,31,37,38,47,48],"ascension_level":4}