{"gold_per_floor":[110,35,35,51,51,51,51,51,51,51,86,86,100,124,124,124],"floor_reached":16,"playtime":1112,"items_purged":["Strike_B"],"score":103,"play_id":"142c5b52-7bea-42de-bb42-34abee3d2b02","local_time":"20180704004739","is_ascension_mode":true,"campfire_choices":[{"data":"Consume","floor":6,"key":"SMITH"},{"floor":8,"key":"REST"},{"floor":15,"key":"REST"}],"neow_cost":"NONE","seed_source_timestamp":1818701437968716,"circlet_count":0,"master_deck":["Strike_B","Strike_B","Defend_B","Defend_B","Defend_B","Defend_B","Zap","Dualcast","Consume+1"],"relics":["Snecko Eye","Golden Idol","Strawberry","Kunai","Regal Pillow"],"potions_floor_usage":[14,16],"damage_taken":[{"damage":1,"enemies":"Jaw Worm","floor":1,"turns":3},{"damage":3,"enemies":"2 Louse","floor":4,"turns":3},{"damage":28,"enemies":"3 Sentries","floor":11,"turns":7},{"damage":0,"enemies":"Small Slimes","floor":13,"turns":3},{"damage":10,"enemies":"3 Louse","floor":14,"turns":4},{"damage":76,"enemies":"Slime Boss","floor":16,"turns":10}],"seed_played":"-5449568738183307832","potions_obtained":[{"floor":11,"key":"EssenceOfSteel"},{"floor":13,"key":"FearPotion"},{"floor":14,"key":"LiquidBronze"}],"is_trial":false,"path_per_floor":["M","$","?","M","?","R","T","R","T","?","E","$","M","M","R"],"character_chosen":"DEFECT","items_purchased":[],"campfire_rested":2,"item_purchase_floors":[],"current_hp_per_floor":[74,74,74,71,53,53,60,82,82,75,47,47,47,37,76,0],"gold":124,"neow_bonus":"BOSS_RELIC","is_prod":false,"is_daily":false,"chose_seed":false,"campfire_upgraded":1,"win_rate":0,"timestamp":1530683259,"path_taken":["M","$","?","M","?","R","?","R","T","?","E","$","M","M","R","BOSS"],"build_version":"2018-06-28","purchased_purges":1,"victory":false,"max_hp_per_floor":[75,75,75,75,75,75,82,82,82,82,82,82,82,82,82,82],"card_choices":[{"not_picked":["Streamline","Steam"],"picked":"Consume","floor":1},{"not_picked":["Consume","Ball Lightning","Conserve Battery"],"picked":"SKIP","floor":4},{"not_picked":["Redo","Melter","Ball Lightning"],"picked":"SKIP","floor":11},{"not_picked":["Go for the Eyes","Leap","Sweeping Beam"],"picked":"SKIP","floor":13},{"not_picked":["Cold Snap","Hello World","Beam Cell"],"picked":"SKIP","floor":14}],"player_experience":246320,"relics_obtained":[{"floor":7,"key":"Strawberry"},{"floor":9,"key":"Kunai"},{"floor":11,"key":"Regal Pillow"}],"event_choices":[{"event_name":"The Cleric","player_choice":"Leave","floor":3,"damage_taken":0},{"event_name":"Golden Idol","player_choice":"Take Damage","floor":5,"damage_taken":0},{"event_name":"Golden Wing","player_choice":"Card Removal","floor":10,"damage_taken":0}],"boss_relics":[],"items_purged_floors":[2],"is_endless":false,"potions_floor_spawned":[11,13,14],"killed_by":"Slime Boss","ascension_level":1}