{"gold_per_floor":[366,383,45,45,45,85,85,85,85,99,112,137,36,57,57,147,147,168,192,212,212,227,227,252,252,252,268,291,331,44,69,69,164,164,188,188,188,188,209,209,209,209,258,273,61,75,99,113,113,113],"floor_reached":50,"playtime":2035,"items_purged":["Strike_R","Strike_R"],"score":1040,"play_id":"6fdc2d4b-cd35-4b38-ab8e-08a6f6ab3a11","local_time":"20190211202202","is_ascension_mode":true,"campfire_choices":[{"floor":8.0,"key":"REST"},{"floor":15.0,"key":"REST"},{"floor":23.0,"key":"REST"},{"data":"Fiend Fire","floor":25.0,"key":"SMITH"},{"floor":32.0,"key":"REST"},{"data":"Limit Break","floor":41.0,"key":"SMITH"},{"floor":49,"key":"REST"}],"neow_cost":"TEN_PERCENT_HP_LOSS","seed_source_timestamp":343618265587181,"circlet_count":0,"master_deck":["AscendersBane","Strike_R","Strike_R","Strike_R","Defend_R","Defend_R","Defend_R","Defend_R","Bash","Cleave","Fiend Fire+1","Shrug It Off","Injury","Evolve","Clothesline+1","Headbutt+1","Disarm","Twin Strike+1","Anger+1","Immolate+1","Disarm","Body Slam+1","Immolate+1","Iron Wave+1","Wild Strike+1","Battle Trance","Disarm+1","True Grit","Shrug It Off","Iron Wave+1","Limit Break+1","Parasite","Iron Wave+1","Mayhem","Shrug It Off","Parasite","Heavy Blade+1","Shrug It Off","Whirlwind+1","Ghostly Armor"],"special_seed":0,"relics":["Burning Blood","Molten Egg 2","Golden Idol","Matryoshka","FaceOfCleric","Shuriken","Gremlin Horn","Mark of Pain","Question Card","PreservedInsect","Omamori","Brimstone","Calling Bell","Orichalcum","Darkstone Periapt","Ginger","Self Forming Clay","Juzu Bracelet"],"potions_floor_usage":[47,50],"damage_taken":[{"damage":8.0,"enemies":"Small Slimes","floor":1.0,"turns":4.0},{"damage":14.0,"enemies":"2 Louse","floor":2.0,"turns":3.0},{"damage":47.0,"enemies":"3 Sentries","floor":6.0,"turns":10.0},{"damage":7.0,"enemies":"Jaw Worm","floor":10.0,"turns":4.0},{"damage":22.0,"enemies":"Gremlin Gang","floor":11.0,"turns":4.0},{"damage":0.0,"enemies":"Blue Slaver","floor":12.0,"turns":4.0},{"damage":6.0,"enemies":"Exordium Thugs","floor":14.0,"turns":4.0},{"damage":34.0,"enemies":"Hexaghost","floor":16.0,"turns":10.0},{"damage":18.0,"enemies":"Chosen","floor":18.0,"turns":6.0},{"damage":12.0,"enemies":"3 Byrds","floor":19.0,"turns":3.0},{"damage":17.0,"enemies":"Snake Plant","floor":20.0,"turns":4.0},{"damage":4.0,"enemies":"Chosen and Byrds","floor":22.0,"turns":3.0},{"damage":19.0,"enemies":"Centurion and Healer","floor":24.0,"turns":3.0},{"damage":23.0,"enemies":"3 Cultists","floor":27.0,"turns":4.0},{"damage":5.0,"enemies":"Chosen and Byrds","floor":28.0,"turns":3.0},{"damage":0.0,"enemies":"Slavers","floor":29.0,"turns":2.0},{"damage":4.0,"enemies":"Snecko","floor":31.0,"turns":3.0},{"damage":48.0,"enemies":"Champ","floor":33.0,"turns":8.0},{"damage":12.0,"enemies":"Orb Walker","floor":35.0,"turns":3.0},{"damage":9.0,"enemies":"3 Shapes","floor":39.0,"turns":3.0},{"damage":12.0,"enemies":"Writhing Mass","floor":44.0,"turns":4.0},{"damage":34.0,"enemies":"Sphere and 2 Shapes","floor":46.0,"turns":6.0},{"damage":12,"enemies":"3 Darklings","floor":47,"turns":3},{"damage":0,"enemies":"Jaw Worm Horde","floor":48,"turns":2},{"damage":75,"enemies":"Donu and Deca","floor":50,"turns":5}],"seed_played":"335691775106940111","potions_obtained":[{"floor":11.0,"key":"SkillPotion"},{"floor":14.0,"key":"Swift Potion"},{"floor":20.0,"key":"AttackPotion"},{"floor":24.0,"key":"Strength Potion"},{"floor":28.0,"key":"Energy Potion"},{"floor":31.0,"key":"Energy Potion"},{"floor":39.0,"key":"PowerPotion"},{"floor":46.0,"key":"Swift Potion"}],"is_trial":false,"path_per_floor":["M","M","$","?","?","E","?","R","T","M","M","M","$","M","R","B",null,"M","M","M","?","M","R","M","R","T","M","M","E","$","M","R","B",null,"M","?","?","?","M","T","R","?","T","M","$","M","M","M","R","B"],"character_chosen":"IRONCLAD","items_purchased":["Molten Egg 2","Shrug It Off","Twin Strike+1","Brimstone","Shrug It Off","Heavy Blade+1","Shrug It Off"],"campfire_rested":5,"item_purchase_floors":[3,3,13,30,30,45,45],"current_hp_per_floor":[66,58,58,58,58,17,17,37,37,37,22,29,29,30,51,24,61,50,45,35,35,38,61,49,49,49,33,35,42,42,45,69,28,69,64,64,64,64,62,62,62,62,62,63,63,36,31,38,65,0],"gold":113,"neow_bonus":"TWO_FIFTY_GOLD","is_prod":false,"is_daily":false,"chose_seed":false,"campfire_upgraded":2,"win_rate":0,"timestamp":1549934522,"path_taken":["M","M","$","?","?","E","?","R","T","M","M","?","$","M","R","BOSS","M","M","M","?","M","R","M","R","T","M","M","E","$","?","R","BOSS","M","?","?","?","M","?","R","?","T","M","$","M","M","M","R","BOSS"],"build_version":"2019-01-23","purchased_purges":2,"victory":false,"max_hp_per_floor":[68,68,68,68,68,68,68,68,68,69,70,71,71,72,72,73,73,74,75,76,76,77,77,78,78,78,79,80,81,81,82,82,83,83,84,84,84,84,85,85,85,81,81,88,88,89,90,91,91,91],"card_choices":[{"not_picked":["Warcry","Rage"],"picked":"Cleave","floor":1.0},{"not_picked":["Armaments","Shrug It Off"],"picked":"Fiend Fire","floor":2.0},{"not_picked":["Flex","Armaments"],"picked":"Evolve","floor":6.0},{"not_picked":["Heavy Blade+1","Anger+1"],"picked":"Clothesline+1","floor":10.0},{"not_picked":["Flex","Body Slam+1"],"picked":"Headbutt+1","floor":11.0},{"not_picked":["Twin Strike+1","Flex"],"picked":"Disarm","floor":12.0},{"not_picked":["Metallicize","Headbutt+1"],"picked":"Anger+1","floor":14.0},{"not_picked":["Impervious","Offering"],"picked":"Immolate+1","floor":16.0},{"not_picked":["Feel No Pain+1","Sword Boomerang+1"],"picked":"Disarm","floor":18.0},{"not_picked":["Warcry","Sword Boomerang+1"],"picked":"Body Slam+1","floor":19.0},{"not_picked":["Heavy Blade+1","Dual Wield","Searing Blow+1"],"picked":"SKIP","floor":20.0},{"not_picked":["Combust","Havoc"],"picked":"Iron Wave+1","floor":22.0},{"not_picked":["Rage","Spot Weakness"],"picked":"Wild Strike+1","floor":24.0},{"not_picked":["Armaments","Anger+1","Carnage+1"],"picked":"Battle Trance","floor":27.0},{"not_picked":["Thunderclap+1","Sword Boomerang+1","Sentinel"],"picked":"Disarm+1","floor":28.0},{"not_picked":["Flex","Burning Pact","Pommel Strike+1"],"picked":"True Grit","floor":29.0},{"not_picked":["Intimidate","Anger+1","Pommel Strike+1"],"picked":"Iron Wave+1","floor":31.0},{"not_picked":["Impervious","Brutality","Feed+1"],"picked":"Limit Break","floor":33.0},{"not_picked":["Infernal Blade","Metallicize","Armaments"],"picked":"Iron Wave+1","floor":35.0},{"not_picked":["Swift Strike+1","Discovery","Finesse"],"picked":"Mayhem","floor":38.0},{"not_picked":["Reckless Charge+1","Clash+1","Flex"],"picked":"Shrug It Off","floor":39.0},{"not_picked":["Seeing Red+1","Clash+1","Blood for Blood+1","Burning Pact"],"picked":"SKIP","floor":44.0},{"not_picked":["Impervious","Anger+1","Twin Strike+1"],"picked":"Whirlwind+1","floor":46.0},{"not_picked":["True Grit","Metallicize+1","Inflame","Perfected Strike+1"],"picked":"SKIP","floor":47},{"not_picked":["Warcry","Flex+1","Dual Wield"],"picked":"Ghostly Armor","floor":48}],"player_experience":450103,"relics_obtained":[{"floor":6.0,"key":"Matryoshka"},{"floor":9.0,"key":"Shuriken"},{"floor":9.0,"key":"Gremlin Horn"},{"floor":26.0,"key":"Question Card"},{"floor":26.0,"key":"PreservedInsect"},{"floor":29.0,"key":"Omamori"},{"floor":34.0,"key":"Orichalcum"},{"floor":34.0,"key":"Darkstone Periapt"},{"floor":34.0,"key":"Ginger"},{"floor":40.0,"key":"Self Forming Clay"},{"floor":43.0,"key":"Juzu Bracelet"}],"event_choices":[{"damage_healed":0.0,"max_hp_gain":0.0,"max_hp_loss":0.0,"gold_gain":0.0,"event_name":"Shining Light","player_choice":"Ignored","floor":4.0,"gold_loss":0.0,"damage_taken":0.0},{"damage_healed":0.0,"max_hp_gain":0.0,"max_hp_loss":0.0,"gold_gain":0.0,"event_name":"Golden Idol","player_choice":"Take Wound","floor":5.0,"gold_loss":0.0,"damage_taken":0.0,"relics_obtained":["Golden Idol"],"cards_obtained":["Injury"]},{"damage_healed":0.0,"max_hp_gain":0.0,"max_hp_loss":0.0,"gold_gain":0.0,"event_name":"FaceTrader","player_choice":"Trade","floor":7.0,"gold_loss":0.0,"damage_taken":0.0,"relics_obtained":["FaceOfCleric"]},{"damage_healed":0.0,"max_hp_gain":0.0,"max_hp_loss":0.0,"gold_gain":0.0,"event_name":"Duplicator","player_choice":"Copied","floor":21.0,"gold_loss":0.0,"damage_taken":0.0,"cards_obtained":["Immolate"]},{"damage_healed":0.0,"max_hp_gain":0.0,"max_hp_loss":0.0,"gold_gain":0.0,"event_name":"Tomb of Lord Red Mask","player_choice":"Ignored","floor":36.0,"gold_loss":0.0,"damage_taken":0.0},{"damage_healed":0.0,"max_hp_gain":0.0,"max_hp_loss":0.0,"gold_gain":0.0,"event_name":"Mysterious Sphere","player_choice":"Ignored","floor":37.0,"gold_loss":0.0,"damage_taken":0.0},{"damage_healed":0.0,"max_hp_gain":0.0,"max_hp_loss":0.0,"gold_gain":0.0,"event_name":"SensoryStone","player_choice":"Memory 1","floor":38.0,"gold_loss":0.0,"damage_taken":0.0},{"damage_healed":0.0,"max_hp_gain":0.0,"max_hp_loss":4.0,"gold_gain":0.0,"event_name":"Winding Halls","player_choice":"Max HP","floor":42.0,"gold_loss":0.0,"damage_taken":0.0}],"is_beta":false,"boss_relics":[{"not_picked":["Ectoplasm","Pandora\u0027s Box"],"picked":"Mark of Pain"},{"not_picked":["Velvet Choker","Eternal Feather"],"picked":"Calling Bell"}],"items_purged_floors":[13,45],"is_endless":false,"potions_floor_spawned":[11,14,20,24,28,31,39,46],"killed_by":"Donu and Deca","ascension_level":20}