{"gold_per_floor":[117,129,143,162,173,201,221,521,551,551,551,271,299,276,276,375,375],"floor_reached":17,"playtime":690,"items_purged":["Feel No Pain"],"score":167,"play_id":"dc01b35a-644d-4cd4-b65c-b3e612e5dd4d","local_time":"20190216111342","is_ascension_mode":false,"campfire_choices":[{"floor":11.0,"key":"REST"},{"floor":15.0,"key":"REST"}],"neow_cost":"NONE","seed_source_timestamp":0,"circlet_count":0,"master_deck":["Strike_R","Strike_R","Strike_R","Strike_R","Strike_R","Defend_R","Defend_R","Defend_R","Defend_R","Bash","Perfected Strike","Heavy Blade+1","Shrug It Off","Dual Wield","Armaments","Juggernaut","Clothesline","Headbutt","Demon Form"],"special_seed":0,"relics":["Burning Blood","Bronze Scales","Potion Belt","Old Coin","Tiny Chest","Dream Catcher","Boot"],"potions_floor_usage":[],"damage_taken":[{"damage":6.0,"enemies":"Cultist","floor":1.0,"turns":3.0},{"damage":0.0,"enemies":"2 Louse","floor":2.0,"turns":2.0},{"damage":11.0,"enemies":"Small Slimes","floor":3.0,"turns":3.0},{"damage":11.0,"enemies":"3 Louse","floor":4.0,"turns":2.0},{"damage":15.0,"enemies":"2 Fungi Beasts","floor":5.0,"turns":4.0},{"damage":34.0,"enemies":"3 Sentries","floor":6.0,"turns":12.0},{"damage":7.0,"enemies":"Red Slaver","floor":7.0,"turns":5.0},{"damage":28.0,"enemies":"Gremlin Nob","floor":13.0,"turns":4.0},{"damage":33.0,"enemies":"Hexaghost","floor":16.0,"turns":11.0}],"seed_played":"-4173042851737747230","potions_obtained":[{"floor":1.0,"key":"Energy Potion"},{"floor":3.0,"key":"Regen Potion"},{"floor":4.0,"key":"SpeedPotion"},{"floor":7.0,"key":"EntropicBrew"},{"floor":13.0,"key":"LiquidBronze"}],"is_trial":false,"path_per_floor":["M","M","M","M","M","E","M","?","T","?","R","$","E","$","R","B",null],"character_chosen":"IRONCLAD","items_purchased":["Dream Catcher","Armaments","Clothesline"],"campfire_rested":2,"item_purchase_floors":[12,12,14],"current_hp_per_floor":[80,80,75,70,61,33,32,20,20,20,44,44,22,22,46,24,80],"gold":375,"neow_bonus":"RANDOM_COMMON_RELIC","is_prod":false,"is_daily":false,"chose_seed":false,"campfire_upgraded":0,"win_rate":0,"timestamp":1550333622,"path_taken":["M","M","M","M","?","E","M","?","T","?","R","$","E","$","R","BOSS"],"build_version":"2019-01-23","purchased_purges":1,"victory":false,"max_hp_per_floor":[80,80,80,80,80,80,80,80,80,80,80,80,80,80,80,80,80],"card_choices":[{"not_picked":["Fire Breathing","Iron Wave"],"picked":"Perfected Strike","floor":1.0},{"not_picked":["Burning Pact","Anger","Cleave"],"picked":"SKIP","floor":2.0},{"not_picked":["Pummel","Evolve"],"picked":"Heavy Blade","floor":3.0},{"not_picked":["Wild Strike","Warcry"],"picked":"Feel No Pain","floor":4.0},{"not_picked":["Evolve","Pommel Strike"],"picked":"Shrug It Off","floor":5.0},{"not_picked":["Heavy Blade","Perfected Strike"],"picked":"Dual Wield","floor":6.0},{"not_picked":["Reckless Charge","Anger","Cleave"],"picked":"SKIP","floor":7.0},{"not_picked":["Dropkick","Hemokinesis"],"picked":"Juggernaut","floor":13.0},{"not_picked":["Cleave","Anger"],"picked":"Headbutt","floor":15.0},{"not_picked":["Immolate","Bludgeon"],"picked":"Demon Form","floor":16.0}],"player_experience":62486,"relics_obtained":[{"floor":6.0,"key":"Potion Belt"},{"floor":9.0,"key":"Tiny Chest"},{"floor":13.0,"key":"Boot"}],"event_choices":[{"damage_healed":0.0,"max_hp_gain":0.0,"max_hp_loss":0.0,"gold_gain":0.0,"event_name":"Scrap Ooze","player_choice":"Success","floor":8.0,"gold_loss":0.0,"damage_taken":12.0,"relics_obtained":["Old Coin"]},{"damage_healed":0.0,"max_hp_gain":0.0,"max_hp_loss":0.0,"gold_gain":0.0,"event_name":"Living Wall","player_choice":"Grow","floor":10.0,"gold_loss":0.0,"damage_taken":0.0,"cards_upgraded":["Heavy Blade"]}],"is_beta":false,"boss_relics":[{"not_picked":["Ectoplasm","Calling Bell","Philosopher\u0027s Stone"]}],"items_purged_floors":[12],"is_endless":false,"potions_floor_spawned":[1,3,4,7,13],"ascension_level":0}