{"gold_per_floor":[109,34,45,45,45,73,89,89,89,89,109,109],"floor_reached":12,"playtime":878,"items_purged":["Strike_R"],"score":86,"play_id":"0ab95151-00fa-43ba-8f52-997465805e8a","local_time":"20180701095429","is_ascension_mode":true,"campfire_choices":[{"data":"Evolve","floor":8,"key":"SMITH"},{"data":"Seeing Red","floor":10,"key":"SMITH"}],"neow_cost":"NONE","seed_source_timestamp":1592548702270462,"circlet_count":0,"master_deck":["Strike_R","Strike_R","Strike_R","Strike_R","Defend_R","Defend_R","Defend_R","Defend_R","Bash","Seeing Red+1","Burning Pact","Heavy Blade","Evolve+1","Barricade"],"relics":["Burning Blood","Vajra","Boot","Lantern","Pantograph"],"potions_floor_usage":[11,12],"damage_taken":[{"damage":6,"enemies":"Cultist","floor":1,"turns":3},{"damage":7,"enemies":"Jaw Worm","floor":3,"turns":2},{"damage":44,"enemies":"3 Sentries","floor":6,"turns":10},{"damage":5,"enemies":"Small Slimes","floor":7,"turns":3},{"damage":9,"enemies":"Exordium Wildlife","floor":11,"turns":6},{"damage":56,"enemies":"Lagavulin","floor":12,"turns":11}],"seed_played":"8456896952361467150","potions_obtained":[{"floor":6,"key":"Block Potion"},{"floor":11,"key":"PowerPotion"}],"is_trial":false,"path_per_floor":["M","$","M","?","?","E","M","R","T","R","M"],"character_chosen":"IRONCLAD","items_purchased":[],"campfire_rested":0,"item_purchase_floors":[],"current_hp_per_floor":[80,80,79,79,79,41,42,42,42,42,39,0],"gold":109,"neow_bonus":"RANDOM_COMMON_RELIC","is_prod":false,"is_daily":false,"chose_seed":false,"campfire_upgraded":2,"win_rate":0,"timestamp":1530456869,"path_taken":["M","?","M","?","?","E","M","R","T","R","M","E"],"build_version":"2018-06-28","purchased_purges":1,"victory":false,"max_hp_per_floor":[80,80,80,80,80,80,80,80,80,80,80,80],"card_choices":[{"not_picked":["Twin Strike","Perfected Strike"],"picked":"Seeing Red","floor":1},{"not_picked":["Power Through","Feel No Pain"],"picked":"Burning Pact","floor":3},{"not_picked":["Iron Wave","Entrench"],"picked":"Heavy Blade","floor":6},{"not_picked":["Cleave","Heavy Blade"],"picked":"Evolve","floor":7},{"not_picked":["True Grit","Rampage"],"picked":"Barricade","floor":11}],"player_experience":239611,"relics_obtained":[{"floor":6,"key":"Lantern"},{"floor":9,"key":"Pantograph"}],"event_choices":[{"event_name":"Big Fish","player_choice":"Box","floor":4,"damage_taken":0},{"event_name":"Purifier","player_choice":"One Purge","floor":5,"damage_taken":0}],"boss_relics":[],"items_purged_floors":[2],"is_endless":false,"potions_floor_spawned":[6,11],"killed_by":"Lagavulin","ascension_level":2}