{"gold_per_floor":[361,376,15,25,25,25,42,117,117,117,133,149,49,64,64,141,141,161,161,36,36,56,56,69,69,69,69,82,92,111,122,122,196,196,208,58,75,88,188,214,214,230,256,81,81,91,43,53,53,53],"floor_reached":51,"playtime":2020,"items_purged":["Strike_R","Strike_R","Strike_R","Strike_R","Strike_R"],"score":1288,"play_id":"4016d84e-151c-4c01-99a1-46d116aa174a","local_time":"20190208011427","is_ascension_mode":true,"campfire_choices":[{"data":"Barricade","floor":6.0,"key":"SMITH"},{"data":"Entrench","floor":10.0,"key":"SMITH"},{"data":"Body Slam","floor":15.0,"key":"SMITH"},{"data":"True Grit","floor":23.0,"key":"SMITH"},{"data":"Shrug It Off","floor":25.0,"key":"SMITH"},{"data":"Shrug It Off","floor":27.0,"key":"SMITH"},{"data":"True Grit","floor":32.0,"key":"SMITH"},{"floor":41,"key":"REST"},{"floor":49,"key":"REST"}],"neow_cost":"PERCENT_DAMAGE","seed_source_timestamp":89346970526811,"circlet_count":0,"master_deck":["AscendersBane","Defend_R","Defend_R","Defend_R","Defend_R","Bash","Shrug It Off+1","Flame Barrier","Barricade+1","Entrench+1","Body Slam+1","Shrug It Off+1","True Grit+1","Impervious","True Grit+1","Warcry+1","Entrench"],"special_seed":0,"relics":["Burning Blood","Kunai","Busted Crown","Sundial","Fusion Hammer","Molten Egg 2","Ancient Tea Set"],"potions_floor_usage":[40,50,50],"damage_taken":[{"damage":4.0,"enemies":"Jaw Worm","floor":1.0,"turns":4.0},{"damage":7.0,"enemies":"Small Slimes","floor":2.0,"turns":4.0},{"damage":1.0,"enemies":"Cultist","floor":4.0,"turns":5.0},{"damage":8.0,"enemies":"Large Slime","floor":7.0,"turns":12.0},{"damage":6.0,"enemies":"Exordium Thugs","floor":11.0,"turns":10.0},{"damage":14.0,"enemies":"Lots of Slimes","floor":12.0,"turns":8.0},{"damage":4.0,"enemies":"Exordium Wildlife","floor":14.0,"turns":8.0},{"damage":0.0,"enemies":"Slime Boss","floor":16.0,"turns":7.0},{"damage":0.0,"enemies":"Chosen","floor":18.0,"turns":5.0},{"damage":1.0,"enemies":"Shell Parasite","floor":22.0,"turns":5.0},{"damage":0.0,"enemies":"3 Cultists","floor":24.0,"turns":5.0},{"damage":2.0,"enemies":"Centurion and Healer","floor":28.0,"turns":5.0},{"damage":8.0,"enemies":"Chosen and Byrds","floor":29.0,"turns":7.0},{"damage":8.0,"enemies":"Snake Plant","floor":30.0,"turns":4.0},{"damage":0.0,"enemies":"Centurion and Healer","floor":31.0,"turns":11.0},{"damage":0.0,"enemies":"Champ","floor":33.0,"turns":7.0},{"damage":0.0,"enemies":"3 Darklings","floor":35.0,"turns":9.0},{"damage":0.0,"enemies":"3 Shapes","floor":37.0,"turns":5.0},{"damage":41.0,"enemies":"Transient","floor":38.0,"turns":5.0},{"damage":37,"enemies":"Reptomancer","floor":40,"turns":7},{"damage":0,"enemies":"Maw","floor":42,"turns":6},{"damage":6,"enemies":"3 Darklings","floor":46,"turns":9},{"damage":0,"enemies":"Spire Growth","floor":48,"turns":6},{"damage":18,"enemies":"Awakened One","floor":50,"turns":9}],"seed_played":"-5264125771025607153","potions_obtained":[{"floor":2.0,"key":"Strength Potion"},{"floor":7.0,"key":"Weak Potion"},{"floor":18.0,"key":"Fire Potion"},{"floor":31.0,"key":"SkillPotion"},{"floor":33.0,"key":"SpeedPotion"}],"is_trial":false,"path_per_floor":["M","M","$","M","?","R","M","?","T","R","M","M","$","M","R","B",null,"M","T","$","?","M","R","M","R","T","R","M","M","M","M","R","B",null,"M","$","M","M","?","E","R","M","T","$","?","M","$","M","R","B",null],"character_chosen":"IRONCLAD","items_purchased":["Barricade","Entrench","Body Slam","Shrug It Off","SpeedPotion"],"campfire_rested":2,"item_purchase_floors":[3,3,3,3,47],"current_hp_per_floor":[53,52,52,57,62,62,60,49,49,49,49,41,41,43,43,49,76,82,82,82,82,85,85,85,85,85,85,85,83,81,85,85,85,85,85,85,85,50,50,19,44,50,50,50,50,50,50,56,80,68],"gold":53,"neow_bonus":"TWO_FIFTY_GOLD","is_prod":false,"is_daily":false,"chose_seed":false,"campfire_upgraded":7,"win_rate":0,"timestamp":1549599267,"path_taken":["M","M","$","M","?","R","M","?","T","R","M","M","?","?","R","BOSS","M","?","$","?","M","R","M","R","T","R","M","M","M","M","R","BOSS","M","$","M","M","?","E","R","?","T","$","?","M","?","M","R","BOSS"],"build_version":"2018-11-15","purchased_purges":5,"victory":true,"max_hp_per_floor":[80,80,80,80,85,85,85,85,85,85,85,85,85,85,85,85,85,85,85,85,85,85,85,85,85,85,85,85,85,85,85,85,85,85,85,85,85,85,85,85,85,85,85,85,81,81,81,81,81,81],"card_choices":[{"not_picked":["Thunderclap","Havoc"],"picked":"Shrug It Off","floor":1.0},{"not_picked":["Pommel Strike","Entrench"],"picked":"Flame Barrier","floor":2.0},{"not_picked":["Blood for Blood","Flame Barrier","Disarm"],"picked":"SKIP","floor":4.0},{"not_picked":["Sword Boomerang","Havoc"],"picked":"True Grit","floor":7.0},{"not_picked":["Perfected Strike","Seeing Red","Reckless Charge"],"picked":"SKIP","floor":11.0},{"not_picked":["Perfected Strike","Inflame","Reaper"],"picked":"SKIP","floor":12.0},{"not_picked":["Anger","Evolve","Shrug It Off"],"picked":"SKIP","floor":14.0},{"not_picked":["Limit Break","Exhume"],"picked":"Impervious","floor":16.0},{"not_picked":["Flex"],"picked":"SKIP","floor":18.0},{"not_picked":["Sentinel"],"picked":"SKIP","floor":22.0},{"not_picked":["Whirlwind"],"picked":"SKIP","floor":24.0},{"not_picked":["Body Slam"],"picked":"SKIP","floor":28.0},{"not_picked":["Dropkick"],"picked":"SKIP","floor":29.0},{"not_picked":["Sever Soul"],"picked":"SKIP","floor":30.0},{"not_picked":[],"picked":"True Grit","floor":31.0},{"not_picked":["Body Slam"],"picked":"SKIP","floor":35.0},{"not_picked":["Combust"],"picked":"SKIP","floor":37.0},{"not_picked":["Anger+1"],"picked":"SKIP","floor":38.0},{"not_picked":[],"picked":"Warcry+1","floor":40},{"not_picked":["Feel No Pain"],"picked":"SKIP","floor":42},{"not_picked":[],"picked":"Entrench","floor":46},{"not_picked":["Thunderclap+1"],"picked":"SKIP","floor":48}],"player_experience":106177,"relics_obtained":[{"floor":9.0,"key":"Kunai"},{"floor":19.0,"key":"Sundial"},{"floor":40,"key":"Molten Egg 2"},{"floor":43,"key":"Ancient Tea Set"}],"event_choices":[{"damage_healed":0.0,"max_hp_gain":5.0,"max_hp_loss":0.0,"gold_gain":0.0,"event_name":"Big Fish","player_choice":"Donut","floor":5.0,"gold_loss":0.0,"damage_taken":0.0},{"damage_healed":0.0,"max_hp_gain":0.0,"max_hp_loss":0.0,"gold_gain":75.0,"event_name":"World of Goop","player_choice":"Gather Gold","floor":8.0,"gold_loss":0.0,"damage_taken":11.0},{"damage_healed":0.0,"max_hp_gain":0.0,"max_hp_loss":0.0,"gold_gain":0.0,"event_name":"Match and Keep!","player_choice":"0 cards matched","floor":21.0,"gold_loss":0.0,"damage_taken":0.0,"cards_obtained":[]},{"damage_healed":0.0,"max_hp_gain":0.0,"max_hp_loss":0.0,"gold_gain":100.0,"event_name":"Golden Shrine","player_choice":"Pray","floor":39.0,"gold_loss":0.0,"damage_taken":0.0},{"damage_healed":0,"gold_gain":0,"player_choice":"Max HP","damage_taken":0,"max_hp_gain":0,"max_hp_loss":4,"event_name":"Winding Halls","floor":45,"gold_loss":0}],"is_beta":false,"boss_relics":[{"not_picked":["Philosopher\u0027s Stone","Sozu"],"picked":"Busted Crown"},{"not_picked":["Tiny House","Runic Cube"],"picked":"Fusion Hammer"}],"items_purged_floors":[3,13,20,36,44],"is_endless":false,"potions_floor_spawned":[2,7,11,18,29,31,33,37,38,48],"ascension_level":13}