{"gold_per_floor":[118,118,118,130,12,12,47,47,128,128,153,170,201,221,221,300,300,312,322,141,66,66,66,96,107,107,138,138,138,166,179,179,254,254,264,274,274,324,324,357,372,78,78,98,112,127,144,144,144,144,144,144,144,15,42,42],"floor_reached":56,"playtime":3518,"items_purged":["Strike_G","Well Laid Plans","Strike_G"],"score":2035,"play_id":"4eb4b827-d070-49f2-bb62-1abce8e3e073","local_time":"20190128160256","is_ascension_mode":true,"campfire_choices":[{"data":"Poisoned Stab","floor":6.0,"key":"SMITH"},{"data":"Neutralize","floor":8.0,"key":"SMITH"},{"data":"Bouncing Flask","floor":15.0,"key":"SMITH"},{"floor":23.0,"key":"REST"},{"data":"Calculated Gamble","floor":28.0,"key":"SMITH"},{"data":"Ghostly","floor":32.0,"key":"SMITH"},{"floor":49.0,"key":"RECALL"},{"floor":53.0,"key":"REST"}],"neow_cost":"NONE","seed_source_timestamp":316269336201600,"circlet_count":0,"master_deck":["AscendersBane","Defend_G","Defend_G","Defend_G","Defend_G","Defend_G","Survivor","Neutralize+1","Crippling Poison+1","Poisoned Stab+1","Dagger Spray+1","Calculated Gamble+1","Tactician","Bouncing Flask+1","Cloak And Dagger","Predator+1","Bullet Time","Sucker Punch+1","Slice+1","PiercingWail","Dagger Spray+1","RitualDagger+1","Noxious Fumes+1","Dash+1","Escape Plan+1","Ghostly+1","Ghostly","Ghostly","Concentrate+1","Wraith Form v2","Blade Dance+1","Deflect","Acrobatics+1","Flechettes+1","Footwork","Caltrops+1"],"special_seed":0,"relics":["Ring of the Snake","NeowsBlessing","Molten Egg 2","Pantograph","Bird Faced Urn","Boot","Runic Pyramid","Centennial Puzzle","Kunai","Mercury Hourglass","Dream Catcher","Fusion Hammer","Mango","Thread and Needle","Ninja Scroll","Bag of Preparation","FaceOfCleric","Whetstone"],"potions_floor_usage":[56,56],"damage_taken":[{"damage":0.0,"enemies":"Jaw Worm","floor":1.0,"turns":1.0},{"damage":0.0,"enemies":"Small Slimes","floor":4.0,"turns":1.0},{"damage":0.0,"enemies":"3 Sentries","floor":7.0,"turns":1.0},{"damage":13.0,"enemies":"Lagavulin","floor":11.0,"turns":6.0},{"damage":0.0,"enemies":"2 Louse","floor":12.0,"turns":2.0},{"damage":12.0,"enemies":"3 Sentries","floor":13.0,"turns":8.0},{"damage":3.0,"enemies":"Exordium Thugs","floor":14.0,"turns":3.0},{"damage":25.0,"enemies":"Hexaghost","floor":16.0,"turns":8.0},{"damage":9.0,"enemies":"Chosen","floor":18.0,"turns":3.0},{"damage":18.0,"enemies":"2 Thieves","floor":19.0,"turns":3.0},{"damage":0.0,"enemies":"Gremlin Leader","floor":24.0,"turns":5.0},{"damage":12.0,"enemies":"Snake Plant","floor":25.0,"turns":3.0},{"damage":14.0,"enemies":"Book of Stabbing","floor":27.0,"turns":6.0},{"damage":2.0,"enemies":"Slavers","floor":30.0,"turns":4.0},{"damage":2.0,"enemies":"Cultist and Chosen","floor":31.0,"turns":4.0},{"damage":13.0,"enemies":"Champ","floor":33.0,"turns":14.0},{"damage":12.0,"enemies":"3 Darklings","floor":35.0,"turns":4.0},{"damage":2.0,"enemies":"Orb Walker","floor":36.0,"turns":3.0},{"damage":2.0,"enemies":"2 Orb Walkers","floor":38.0,"turns":4.0},{"damage":0.0,"enemies":"Reptomancer","floor":40.0,"turns":7.0},{"damage":0.0,"enemies":"Writhing Mass","floor":41.0,"turns":5.0},{"damage":0.0,"enemies":"Transient","floor":44.0,"turns":6.0},{"damage":0.0,"enemies":"4 Shapes","floor":45.0,"turns":4.0},{"damage":4.0,"enemies":"Jaw Worm Horde","floor":46.0,"turns":3.0},{"damage":0.0,"enemies":"Spire Growth","floor":47.0,"turns":6.0},{"damage":2.0,"enemies":"Awakened One","floor":50.0,"turns":17.0},{"damage":33.0,"enemies":"Donu and Deca","floor":51.0,"turns":12.0},{"damage":3,"enemies":"Shield and Spear","floor":55,"turns":8},{"damage":53,"enemies":"The Heart","floor":56,"turns":8}],"seed_played":"4204759506545367009","potions_obtained":[{"floor":4.0,"key":"SneckoOil"},{"floor":11.0,"key":"SkillPotion"},{"floor":12.0,"key":"Energy Potion"},{"floor":14.0,"key":"SteroidPotion"},{"floor":24.0,"key":"GamblersBrew"},{"floor":25.0,"key":"Ancient Potion"},{"floor":27.0,"key":"Regen Potion"},{"floor":41.0,"key":"Weak Potion"},{"floor":46.0,"key":"Explosive Potion"},{"floor":47.0,"key":"SteroidPotion"}],"is_trial":false,"path_per_floor":["M","?","?","M","$","R","E","R","T","?","E","M","E","M","R","B",null,"M","M","$","?","?","R","E","M","T","E","R","?","E","M","R","B",null,"M","M","?","?","T","E","M","$","T","M","M","M","M","?","R","B","B",null,"R","$","E","B"],"character_chosen":"THE_SILENT","items_purchased":["Well Laid Plans","PiercingWail","Dagger Spray+1","Bag of Preparation","LiquidBronze","Footwork"],"campfire_rested":2,"item_purchase_floors":[5,20,20,42,54,54],"current_hp_per_floor":[59,59,52,52,52,52,52,52,52,52,39,39,29,26,26,28,57,50,32,32,32,26,45,45,35,35,21,21,21,33,31,31,20,30,20,20,20,34,34,38,40,40,40,44,45,43,45,45,45,46,16,39,47,47,48,0],"gold":42,"neow_bonus":"THREE_ENEMY_KILL","is_prod":false,"is_daily":false,"chose_seed":false,"campfire_upgraded":5,"win_rate":0,"timestamp":1548709376,"path_taken":["M","?","?","M","$","R","E","R","T","?","E","M","E","?","R","BOSS","M","M","$","?","?","R","E","M","T","E","R","?","E","M","R","BOSS","M","M","?","?","?","E","M","$","T","M","M","M","M","?","R","BOSS","BOSS","R","$","E","BOSS"],"build_version":"2019-01-23","purchased_purges":3,"victory":false,"max_hp_per_floor":[66,66,66,66,66,66,66,66,66,66,66,66,66,66,66,66,66,66,66,66,66,66,66,66,66,66,66,66,33,33,33,33,33,33,33,33,31,45,45,45,45,45,45,45,45,45,45,45,45,46,47,47,47,47,48,48],"card_choices":[{"not_picked":["Dagger Spray","Prepared"],"picked":"Crippling Poison","floor":1.0},{"not_picked":["Backflip","Expertise"],"picked":"Poisoned Stab","floor":4.0},{"not_picked":["Quick Slash","Caltrops"],"picked":"Dagger Spray","floor":7.0},{"not_picked":["Acrobatics","Reflex"],"picked":"Tactician","floor":11.0},{"not_picked":["Backstab+1","Poisoned Stab+1"],"picked":"Bouncing Flask","floor":12.0},{"not_picked":["Deflect","Slice+1"],"picked":"Cloak And Dagger","floor":13.0},{"not_picked":["Outmaneuver","Underhanded Strike+1"],"picked":"Predator+1","floor":14.0},{"not_picked":["Phantasmal Killer","After Image"],"picked":"Bullet Time","floor":16.0},{"not_picked":["Quick Slash+1","Flying Knee+1"],"picked":"Sucker Punch+1","floor":18.0},{"not_picked":["Underhanded Strike+1","Reflex"],"picked":"Slice+1","floor":19.0},{"not_picked":["Underhanded Strike+1","Prepared"],"picked":"Noxious Fumes+1","floor":24.0},{"not_picked":["Quick Slash+1","Predator+1"],"picked":"Dash+1","floor":25.0},{"not_picked":["Sucker Punch+1","Acrobatics+1"],"picked":"Escape Plan+1","floor":27.0},{"not_picked":["Quick Slash+1","Expertise","Crippling Poison"],"picked":"SKIP","floor":30.0},{"not_picked":["Quick Slash+1","Deflect"],"picked":"Concentrate+1","floor":31.0},{"not_picked":["Venomology","Grand Finale+1"],"picked":"Wraith Form v2","floor":33.0},{"not_picked":["Backflip+1","Dodge and Roll"],"picked":"Blade Dance+1","floor":35.0},{"not_picked":["Noxious Fumes","Leg Sweep+1"],"picked":"Deflect","floor":36.0},{"not_picked":["Noxious Fumes+1","Eviscerate+1","Terror"],"picked":"SKIP","floor":40.0},{"not_picked":["Outmaneuver+1","Well Laid Plans"],"picked":"Acrobatics+1","floor":41.0},{"not_picked":["Well Laid Plans+1","Backstab+1"],"picked":"Flechettes+1","floor":44.0},{"not_picked":["Envenom","Quick Slash+1","PiercingWail+1"],"picked":"SKIP","floor":45.0},{"not_picked":["Reflex+1","Choke+1","Flying Knee+1"],"picked":"SKIP","floor":46.0},{"not_picked":["Dagger Spray+1","Noxious Fumes","Slice+1"],"picked":"SKIP","floor":47.0},{"not_picked":["Eviscerate+1","Bane+1"],"picked":"Caltrops+1","floor":55}],"player_experience":1853729,"relics_obtained":[{"floor":7.0,"key":"Molten Egg 2"},{"floor":9.0,"key":"Pantograph"},{"floor":11.0,"key":"Bird Faced Urn"},{"floor":13.0,"key":"Boot"},{"floor":24.0,"key":"Centennial Puzzle"},{"floor":26.0,"key":"Kunai"},{"floor":27.0,"key":"Mercury Hourglass"},{"floor":30.0,"key":"Dream Catcher"},{"floor":38.0,"key":"Mango"},{"floor":39.0,"key":"Thread and Needle"},{"floor":40.0,"key":"Ninja Scroll"},{"floor":55,"key":"Whetstone"}],"event_choices":[{"damage_healed":0.0,"max_hp_gain":0.0,"max_hp_loss":0.0,"gold_gain":0.0,"event_name":"Living Wall","player_choice":"Grow","floor":2.0,"gold_loss":0.0,"damage_taken":0.0,"cards_upgraded":["Crippling Poison"]},{"cards_removed":["Strike_G"],"damage_healed":0.0,"max_hp_gain":0.0,"max_hp_loss":0.0,"gold_gain":0.0,"event_name":"Golden Wing","player_choice":"Card Removal","floor":3.0,"gold_loss":0.0,"damage_taken":7.0},{"damage_healed":0.0,"max_hp_gain":0.0,"max_hp_loss":0.0,"gold_gain":0.0,"cards_transformed":["Strike_G"],"event_name":"Transmorgrifier","player_choice":"Transformed","floor":10.0,"gold_loss":0.0,"damage_taken":0.0,"cards_obtained":["Calculated Gamble"]},{"cards_removed":["Strike_G"],"damage_healed":0.0,"max_hp_gain":0.0,"max_hp_loss":0.0,"gold_gain":0.0,"event_name":"Beggar","player_choice":"Gave Gold","floor":21.0,"gold_loss":75.0,"damage_taken":0.0},{"damage_healed":0.0,"max_hp_gain":0.0,"max_hp_loss":0.0,"gold_gain":0.0,"event_name":"Nest","player_choice":"Joined the Cult","floor":22.0,"gold_loss":0.0,"damage_taken":6.0,"cards_obtained":["RitualDagger"]},{"damage_healed":0.0,"max_hp_gain":0.0,"max_hp_loss":33.0,"gold_gain":0.0,"event_name":"Ghosts","player_choice":"Became a Ghost","floor":29.0,"gold_loss":0.0,"damage_taken":0.0,"cards_obtained":["Ghostly","Ghostly","Ghostly"]},{"damage_healed":0.0,"max_hp_gain":0.0,"max_hp_loss":2.0,"gold_gain":0.0,"event_name":"Winding Halls","player_choice":"Max HP","floor":37.0,"gold_loss":0.0,"damage_taken":0.0},{"damage_healed":0.0,"max_hp_gain":0.0,"max_hp_loss":0.0,"gold_gain":0.0,"event_name":"Mysterious Sphere","player_choice":"Fight","floor":38.0,"gold_loss":0.0,"damage_taken":0.0},{"damage_healed":0.0,"max_hp_gain":0.0,"max_hp_loss":0.0,"gold_gain":0.0,"event_name":"FaceTrader","player_choice":"Trade","floor":48.0,"gold_loss":0.0,"damage_taken":0.0,"relics_obtained":["FaceOfCleric"]}],"is_beta":true,"boss_relics":[{"not_picked":["Calling Bell","Coffee Dripper"],"picked":"Runic Pyramid"},{"not_picked":["Orrery","Eternal Feather"],"picked":"Fusion Hammer"}],"items_purged_floors":[5,20,42],"is_endless":false,"potions_floor_spawned":[4,11,12,14,24,25,27,41,44,46,47],"killed_by":"The Heart","ascension_level":20}