{"gold_per_floor":[114,114,78,153,103,103,130,130,130,130,149,174,149,187,187,187],"floor_reached":16,"playtime":957,"items_purged":[],"score":106,"play_id":"09b3331b-aadf-446d-b5ee-bd2f314f2d10","local_time":"20190215160042","is_ascension_mode":false,"campfire_choices":[{"floor":6,"key":"RECALL"},{"floor":10,"key":"REST"},{"floor":15,"key":"REST"}],"neow_cost":"NONE","seed_source_timestamp":18532381825367,"circlet_count":0,"master_deck":["Strike_R","Strike_R","Strike_R","Strike_R","Defend_R","Defend_R","Defend_R","Defend_R","Bash","Iron Wave+1","Pommel Strike","Inflame","Heavy Blade","Metallicize","Shrug It Off","Shrug It Off"],"relics":["Burning Blood","Ornamental Fan","Golden Idol","WingedGreaves"],"potions_floor_usage":[],"damage_taken":[{"damage":6,"enemies":"Jaw Worm","floor":1,"turns":5},{"damage":2,"enemies":"Gremlin Nob","floor":7,"turns":4},{"damage":0,"enemies":"2 Louse","floor":11,"turns":2},{"damage":0,"enemies":"Cultist","floor":12,"turns":3},{"damage":30,"enemies":"3 Sentries","floor":14,"turns":13},{"damage":81,"enemies":"Hexaghost","floor":16,"turns":14}],"seed_played":"5798760808477101251","potions_obtained":[{"floor":7,"key":"FearPotion"},{"floor":14,"key":"SneckoOil"}],"is_trial":false,"path_per_floor":["M","?","$","?","?","R","E","?","T","R","M","M","$","E","R","B"],"character_chosen":"IRONCLAD","items_purchased":["Inflame","Shrug It Off"],"campfire_rested":2,"item_purchase_floors":[3,13],"current_hp_per_floor":[80,80,80,69,69,69,73,53,53,77,80,80,80,56,80,0],"gold":187,"neow_bonus":"THREE_CARDS","is_prod":false,"is_daily":false,"chose_seed":false,"campfire_upgraded":0,"win_rate":0,"timestamp":1550268042,"path_taken":["M","?","$","?","?","R","E","?","T","R","M","M","$","E","R","BOSS"],"build_version":"2019-01-23","purchased_purges":0,"victory":false,"max_hp_per_floor":[80,80,80,80,80,80,80,80,80,80,80,80,80,80,80,80],"card_choices":[{"not_picked":["Anger","Warcry"],"picked":"Iron Wave","floor":0},{"not_picked":["Flex","Iron Wave"],"picked":"Pommel Strike","floor":1},{"not_picked":["Whirlwind","Dual Wield"],"picked":"Heavy Blade","floor":7},{"not_picked":["Sentinel","Battle Trance","Havoc"],"picked":"SKIP","floor":11},{"not_picked":["Heavy Blade","Power Through"],"picked":"Metallicize","floor":12},{"not_picked":["True Grit","Fire Breathing"],"picked":"Shrug It Off","floor":14}],"player_experience":400406,"relics_obtained":[{"floor":7,"key":"Ornamental Fan"},{"floor":14,"key":"WingedGreaves"}],"event_choices":[{"damage_healed":0,"gold_gain":0,"player_choice":"Grow","damage_taken":0,"max_hp_gain":0,"max_hp_loss":0,"event_name":"Living Wall","floor":2,"gold_loss":0,"cards_upgraded":["Iron Wave"]},{"damage_healed":0,"gold_gain":75,"player_choice":"Gather Gold","damage_taken":11,"max_hp_gain":0,"max_hp_loss":0,"event_name":"World of Goop","floor":4,"gold_loss":0},{"cards_removed":["Strike_R"],"damage_healed":0,"gold_gain":0,"player_choice":"Card Removal","damage_taken":0,"max_hp_gain":0,"max_hp_loss":0,"event_name":"The Cleric","floor":5,"gold_loss":50},{"damage_healed":0,"gold_gain":0,"player_choice":"Take Damage","damage_taken":20,"relics_obtained":["Golden Idol"],"max_hp_gain":0,"max_hp_loss":0,"event_name":"Golden Idol","floor":8,"gold_loss":0}],"is_beta":false,"boss_relics":[],"items_purged_floors":[],"is_endless":false,"potions_floor_spawned":[7,14],"killed_by":"Hexaghost","ascension_level":0}