{"gold_per_floor":[117,133,143,143,161,196,196,232,256,291,323,335,411,69,69,188,188,208,208,208,133,151,151,187,210,265,305,323,28,43,74,74,195,195,218,551,562,562,180,212,212,222,222,222,149,166,176,18,18,18],"floor_reached":51,"playtime":6153,"items_purged":["Strike_R","Strike_R","Strike_R"],"score":765,"play_id":"d2a5d3a0-5453-4cf5-89a9-0831ac266c4f","local_time":"20190112121722","is_ascension_mode":true,"campfire_choices":[{"floor":7,"key":"REST"},{"data":"Metallicize","floor":12,"key":"SMITH"},{"floor":15,"key":"REST"},{"floor":23,"key":"REST"},{"floor":32,"key":"REST"},{"floor":41,"key":"REST"},{"floor":44,"key":"REST"},{"floor":49,"key":"REST"}],"neow_cost":"NONE","seed_source_timestamp":138184044785382,"circlet_count":0,"master_deck":["Defend_R","Defend_R","Defend_R","Defend_R","Bash","Flex","Evolve","Flex","Sword Boomerang","Double Tap","Metallicize+1","Armaments+1","Metallicize","True Grit+1","Shockwave+1","Combust+1","Juggernaut","Sword Boomerang","Barricade","Secret Technique+1","Metallicize","Rupture","Offering+1","Rupture"],"relics":["Burning Blood","Blood Vial","Omamori","Bronze Scales","MawBank","Toxic Egg 2","Vajra","Fusion Hammer","Enchiridion","Red Skull","Art of War","Bag of Marbles","Brimstone","Happy Flower","Runic Cube","Juzu Bracelet","Pear"],"potions_floor_usage":[6,8,10,13,27,28,31,31,50],"damage_taken":[{"damage":1,"enemies":"Cultist","floor":1,"turns":3},{"damage":0,"enemies":"Small Slimes","floor":2,"turns":2},{"damage":11,"enemies":"Jaw Worm","floor":3,"turns":4},{"damage":3,"enemies":"2 Fungi Beasts","floor":5,"turns":4},{"damage":27,"enemies":"Gremlin Nob","floor":6,"turns":4},{"damage":35,"enemies":"Lagavulin","floor":8,"turns":6},{"damage":7,"enemies":"Gremlin Nob","floor":10,"turns":4},{"damage":6,"enemies":"Blue Slaver","floor":11,"turns":4},{"damage":28,"enemies":"Lagavulin Event","floor":13,"turns":8},{"damage":24,"enemies":"The Guardian","floor":16,"turns":12},{"damage":11,"enemies":"Chosen","floor":18,"turns":4},{"damage":5,"enemies":"3 Byrds","floor":22,"turns":4},{"damage":8,"enemies":"Book of Stabbing","floor":24,"turns":5},{"damage":17,"enemies":"Sentry and Sphere","floor":25,"turns":4},{"damage":35,"enemies":"Gremlin Leader","floor":27,"turns":4},{"damage":0,"enemies":"Snake Plant","floor":28,"turns":1},{"damage":17,"enemies":"Snecko","floor":30,"turns":5},{"damage":34,"enemies":"Book of Stabbing","floor":31,"turns":5},{"damage":35,"enemies":"Collector","floor":33,"turns":6},{"damage":22,"enemies":"3 Darklings","floor":35,"turns":4},{"damage":3,"enemies":"3 Shapes","floor":37,"turns":4},{"damage":45,"enemies":"Nemesis","floor":40,"turns":5},{"damage":8,"enemies":"Jaw Worm Horde","floor":42,"turns":5},{"damage":9,"enemies":"4 Shapes","floor":46,"turns":4},{"damage":3,"enemies":"Writhing Mass","floor":47,"turns":4},{"damage":59,"enemies":"Time Eater","floor":50,"turns":7}],"seed_played":"3562815761995016310","potions_obtained":[{"floor":2,"key":"Ancient Potion"},{"floor":3,"key":"Poison Potion"},{"floor":6,"key":"Fire Potion"},{"floor":8,"key":"Block Potion"},{"floor":16,"key":"Swift Potion"},{"floor":18,"key":"PowerPotion"},{"floor":24,"key":"Poison Potion"},{"floor":27,"key":"SteroidPotion"},{"floor":33,"key":"GamblersBrew"},{"floor":37,"key":"Fire Potion"},{"floor":42,"key":"Energy Potion"}],"is_trial":false,"path_per_floor":["M","M","M","?","M","E","R","E","T","E","M","R","?","$","R","B",null,"M","?","?","?","M","R","E","M","T","E","M","$","M","E","R","B",null,"M","?","M","?","$","E","R","M","T","R","$","M","M","$","R","B",null],"character_chosen":"IRONCLAD","items_purchased":["Armaments+1","Metallicize","Vajra","Brimstone","Secret Technique+1","Metallicize","Rupture","Offering+1","Rupture"],"campfire_rested":7,"item_purchase_floors":[14,14,14,29,39,39,45,48,48],"current_hp_per_floor":[80,80,75,55,58,37,61,34,34,35,37,37,17,17,41,25,80,75,59,59,59,62,80,78,69,69,42,50,50,41,15,39,12,80,64,64,69,69,69,32,56,56,66,90,90,87,90,90,90,37],"gold":18,"neow_bonus":"REMOVE_CARD","is_prod":false,"is_daily":false,"chose_seed":false,"campfire_upgraded":1,"win_rate":0,"timestamp":1547317042,"path_taken":["M","?","M","?","M","E","R","E","T","E","M","R","?","$","R","BOSS","M","?","?","?","M","R","E","M","T","E","?","?","M","E","R","BOSS","M","?","M","?","?","E","R","M","T","R","?","M","M","$","R","BOSS"],"build_version":"2019-01-10","purchased_purges":3,"victory":true,"max_hp_per_floor":[80,80,80,80,80,80,80,80,80,80,80,80,80,80,80,80,80,80,80,80,80,80,80,80,80,80,80,80,80,80,80,80,80,80,80,80,80,80,80,80,80,80,90,90,90,90,90,90,90,90],"card_choices":[{"not_picked":["Heavy Blade","Entrench"],"picked":"Flex","floor":1},{"not_picked":["Shrug It Off","Perfected Strike"],"picked":"Evolve","floor":2},{"not_picked":["Burning Pact","Clash"],"picked":"Flex","floor":3},{"not_picked":["Armaments","Body Slam"],"picked":"Sword Boomerang","floor":5},{"not_picked":["Dropkick","Entrench"],"picked":"Double Tap","floor":6},{"not_picked":["Second Wind","Fire Breathing"],"picked":"Metallicize","floor":8},{"not_picked":["Corruption","Anger","Wild Strike"],"picked":"SKIP","floor":10},{"not_picked":["Twin Strike","Body Slam","Shrug It Off"],"picked":"SKIP","floor":11},{"not_picked":["Dark Embrace","Exhume+1"],"picked":"Berserk","floor":16},{"not_picked":["Burning Pact+1","Rampage"],"picked":"True Grit+1","floor":18},{"not_picked":["Pummel","Rage+1"],"picked":"Shockwave+1","floor":22},{"not_picked":["Feel No Pain+1","Flame Barrier+1"],"picked":"Combust+1","floor":24},{"not_picked":["Armaments+1","Wild Strike+1","Twin Strike"],"picked":"SKIP","floor":25},{"not_picked":["Uppercut","Dual Wield+1","Entrench+1"],"picked":"SKIP","floor":27},{"not_picked":["Feel No Pain","Clash","Heavy Blade"],"picked":"SKIP","floor":28},{"not_picked":["Flame Barrier+1","Clothesline+1"],"picked":"Juggernaut","floor":30},{"not_picked":["Clash","Carnage"],"picked":"Sword Boomerang","floor":31},{"not_picked":["Berserk","Bludgeon"],"picked":"Barricade","floor":33},{"not_picked":["Thunderclap","Searing Blow","Flame Barrier+1"],"picked":"SKIP","floor":35},{"not_picked":["Ghostly Armor+1","Anger+1","Wild Strike+1"],"picked":"SKIP","floor":37},{"not_picked":["Armaments+1","Perfected Strike+1","Shockwave+1"],"picked":"SKIP","floor":40},{"not_picked":["Burning Pact+1","Thunderclap+1","Cleave"],"picked":"SKIP","floor":42},{"not_picked":["Body Slam","Pommel Strike","Cleave"],"picked":"SKIP","floor":46},{"not_picked":["Anger","True Grit+1","Intimidate+1"],"picked":"SKIP","floor":47}],"player_experience":458222,"relics_obtained":[{"floor":6,"key":"Blood Vial"},{"floor":8,"key":"Omamori"},{"floor":9,"key":"Bronze Scales"},{"floor":10,"key":"MawBank"},{"floor":13,"key":"Toxic Egg 2"},{"floor":19,"key":"Enchiridion"},{"floor":24,"key":"Red Skull"},{"floor":26,"key":"Art of War"},{"floor":27,"key":"Bag of Marbles"},{"floor":31,"key":"Happy Flower"},{"floor":40,"key":"Juzu Bracelet"},{"floor":43,"key":"Pear"}],"event_choices":[{"damage_healed":0,"gold_gain":0,"player_choice":"Take Damage","damage_taken":20,"relics_obtained":["Golden Idol"],"max_hp_gain":0,"max_hp_loss":0,"event_name":"Golden Idol","floor":4,"gold_loss":0},{"damage_healed":0,"gold_gain":30,"player_choice":"Searched \u00272\u0027 times","damage_taken":0,"max_hp_gain":0,"max_hp_loss":0,"event_name":"Dead Adventurer","floor":13,"gold_loss":0},{"damage_healed":0,"gold_gain":0,"player_choice":"Obtained Book","damage_taken":16,"max_hp_gain":0,"max_hp_loss":0,"event_name":"Cursed Tome","floor":19,"gold_loss":0},{"cards_removed":["Berserk"],"damage_healed":0,"gold_gain":0,"player_choice":"Elegance","damage_taken":0,"max_hp_gain":0,"max_hp_loss":0,"event_name":"Back to Basics","floor":20,"gold_loss":0},{"cards_removed":["Strike_R"],"damage_healed":0,"gold_gain":0,"player_choice":"Gave Gold","damage_taken":0,"max_hp_gain":0,"max_hp_loss":0,"event_name":"Beggar","floor":21,"gold_loss":75},{"damage_healed":0,"gold_gain":333,"player_choice":"Gave Idol","damage_taken":0,"max_hp_gain":0,"max_hp_loss":0,"event_name":"The Moai Head","floor":36,"relics_lost":["Golden Idol"],"gold_loss":0},{"damage_healed":0,"gold_gain":0,"player_choice":"Ignored","damage_taken":0,"max_hp_gain":0,"max_hp_loss":0,"event_name":"Tomb of Lord Red Mask","floor":38,"gold_loss":0}],"is_beta":false,"boss_relics":[{"not_picked":["White Beast Statue","Snecko Eye"],"picked":"Fusion Hammer"},{"not_picked":["Runic Dome","Mark of Pain"],"picked":"Runic Cube"}],"items_purged_floors":[14,29,39],"is_endless":false,"potions_floor_spawned":[2,3,6,8,16,18,24,27,33,37,42],"ascension_level":1}