{"path_per_floor":["M","$","M","?","?","E","M","M","T","$","T","?","E","M","R"],"character_chosen":"IRONCLAD","items_purchased":["Barricade"],"gold_per_floor":[111,36,47,47,47,73,91,106,159,3,29,29,59,79,79,79],"floor_reached":16,"campfire_rested":0,"playtime":879,"item_purchase_floors":[10],"current_hp_per_floor":[80,80,80,80,62,41,47,53,53,53,53,53,50,41,41,0],"items_purged":["Defend_R"],"gold":79,"score":110,"play_id":"c5c85bb8-2b8a-4e3e-8f60-ef66285aab66","local_time":"20180528122038","is_prod":false,"is_daily":false,"chose_seed":false,"is_ascension_mode":false,"campfire_upgraded":1,"win_rate":0,"timestamp":1527528038,"campfire_choices":[{"data":"Barricade","floor":15,"key":"SMITH"}],"path_taken":["M","$","M","?","?","E","M","M","T","$","?","?","E","M","R","BOSS"],"build_version":"2018-05-24","seed_source_timestamp":482010831742419,"purchased_purges":1,"victory":false,"master_deck":["Strike_R","Strike_R","Strike_R","Strike_R","Strike_R","Defend_R","Defend_R","Perfected Strike","Immolate","Barricade+1","Body Slam"],"max_hp_per_floor":[80,80,80,80,80,80,80,80,80,80,80,80,90,90,90,90],"relics":["Burning Blood","Question Card","Ancient Tea Set","Potion Belt","Bronze Scales","Pear"],"card_choices":[{"not_picked":["Shrug It Off","Thunderclap"],"picked":"Perfected Strike","floor":1},{"not_picked":["Twin Strike","Feel No Pain","Body Slam"],"picked":"SKIP","floor":3},{"not_picked":["Bludgeon","Feel No Pain","Fire Breathing"],"picked":"Immolate","floor":6},{"not_picked":["Second Wind","Body Slam","Rampage","Uppercut"],"picked":"SKIP","floor":7},{"not_picked":["Hemokinesis","True Grit","Sever Soul","Sword Boomerang"],"picked":"SKIP","floor":8},{"not_picked":["Carnage","Shockwave","Intimidate","Dropkick"],"picked":"SKIP","floor":13},{"not_picked":["Warcry","Anger","Thunderclap"],"picked":"Body Slam","floor":14}],"player_experience":36562,"potions_floor_usage":[16,16,16],"damage_taken":[{"damage":2,"enemies":"Small Slimes","floor":1,"turns":4},{"damage":1,"enemies":"Jaw Worm","floor":3,"turns":3},{"damage":27,"enemies":"Gremlin Nob","floor":6,"turns":4},{"damage":0,"enemies":"2 Louse","floor":7,"turns":1},{"damage":0,"enemies":"2 Fungi Beasts","floor":8,"turns":2},{"damage":19,"enemies":"3 Sentries","floor":13,"turns":5},{"damage":15,"enemies":"Exordium Wildlife","floor":14,"turns":4},{"damage":59,"enemies":"Hexaghost","floor":16,"turns":10}],"relics_obtained":[{"floor":6,"key":"Ancient Tea Set"},{"floor":9,"key":"Potion Belt"},{"floor":11,"key":"Bronze Scales"},{"floor":13,"key":"Pear"}],"event_choices":[{"event_name":"The Cleric","player_choice":"Leave","floor":4,"damage_taken":0},{"event_name":"Scrap Ooze","player_choice":"success","floor":5,"damage_taken":18},{"event_name":"Living Wall","player_choice":"Forget","floor":12,"damage_taken":0}],"boss_relics":[],"items_purged_floors":[2],"potions_floor_spawned":[1,8,13],"seed_played":"-1144058430905644596","killed_by":"Hexaghost","ascension_level":0,"potions_obtained":[{"floor":1,"key":"Regen Potion"},{"floor":8,"key":"Strength Potion"},{"floor":13,"key":"EssenceOfSteel"}],"is_trial":false}