{"gold_per_floor":[115,115,115,129,129,129,156,156,180,180,180,192,192,208,208,307,307,321,1,0,0,10,10,37,37,61,74,87,105,105,124,124,124],"floor_reached":33,"playtime":1754,"items_purged":["Strike_R"],"score":347,"play_id":"3da9befb-63f1-45a8-8ae3-96ef8dd48dd2","local_time":"20180701004822","is_ascension_mode":true,"campfire_choices":[{"floor":6,"key":"REST"},{"data":"Searing Blow","floor":8,"key":"SMITH"},{"data":"Searing Blow+1","floor":11,"key":"SMITH"},{"data":"Searing Blow+2","floor":13,"key":"SMITH"},{"data":"Searing Blow+3","floor":15,"key":"SMITH"},{"data":"Armaments","floor":23,"key":"SMITH"},{"data":"Searing Blow+4","floor":25,"key":"SMITH"},{"data":"Searing Blow+5","floor":32,"key":"SMITH"}],"neow_cost":"NONE","seed_source_timestamp":1558894869682413,"circlet_count":0,"master_deck":["Strike_R","Strike_R+1","Strike_R+1","Defend_R","Defend_R","Defend_R","Defend_R","Bash","Flex","Evolve","Searing Blow+6","Rampage","Armaments+1","Double Tap","Dual Wield"],"relics":["Burning Blood","NeowsBlessing","Lantern","Bird Faced Urn","Ancient Tea Set","Coffee Dripper","Meat on the Bone","Bag of Marbles","Singing Bowl"],"potions_floor_usage":[14,16,18,24,24,33],"damage_taken":[{"damage":0,"enemies":"Jaw Worm","floor":1,"turns":1},{"damage":0,"enemies":"2 Louse","floor":4,"turns":1},{"damage":0,"enemies":"Gremlin Nob","floor":7,"turns":1},{"damage":0,"enemies":"Small Slimes","floor":12,"turns":3},{"damage":5,"enemies":"Gremlin Gang","floor":14,"turns":3},{"damage":35,"enemies":"The Guardian","floor":16,"turns":8},{"damage":6,"enemies":"2 Thieves","floor":18,"turns":3},{"damage":25,"enemies":"3 Byrds","floor":22,"turns":5},{"damage":0,"enemies":"Gremlin Leader","floor":24,"turns":2},{"damage":0,"enemies":"Sentry and Sphere","floor":27,"turns":3},{"damage":14,"enemies":"Slaver and Parasite","floor":28,"turns":4},{"damage":0,"enemies":"Snake Plant","floor":29,"turns":1},{"damage":6,"enemies":"3 Cultists","floor":31,"turns":5},{"damage":83,"enemies":"Collector","floor":33,"turns":6}],"seed_played":"3803366560635280209","potions_obtained":[{"floor":4,"key":"EssenceOfSteel"},{"floor":7,"key":"Swift Potion"},{"floor":12,"key":"SteroidPotion"},{"floor":18,"key":"Fire Potion"},{"floor":22,"key":"EssenceOfSteel"},{"floor":31,"key":"SkillPotion"}],"is_trial":false,"path_per_floor":["M","?","?","M","?","R","E","R","T","?","R","M","R","M","R","B",null,"M","$","?","?","M","R","E","R","T","M","M","M","?","M","R"],"character_chosen":"IRONCLAD","items_purchased":["Meat on the Bone"],"campfire_rested":1,"item_purchase_floors":[19],"current_hp_per_floor":[80,64,39,45,45,69,75,75,75,75,75,80,80,80,80,51,80,80,80,80,80,61,61,67,67,67,75,69,77,77,79,79,0],"gold":124,"neow_bonus":"THREE_ENEMY_KILL","is_prod":false,"is_daily":false,"chose_seed":false,"campfire_upgraded":7,"win_rate":0,"timestamp":1530424102,"path_taken":["M","?","?","M","?","R","E","R","T","?","R","M","R","M","R","BOSS","M","$","?","?","M","R","E","R","T","M","?","M","?","M","R","BOSS"],"build_version":"2018-06-28","purchased_purges":1,"victory":false,"max_hp_per_floor":[80,80,80,80,80,80,80,80,80,80,80,80,80,80,80,80,80,80,80,80,80,80,80,80,80,80,82,84,86,86,88,88,88],"card_choices":[{"not_picked":["Anger","Sever Soul"],"picked":"Flex","floor":1},{"not_picked":["True Grit","Blood for Blood"],"picked":"Evolve","floor":4},{"not_picked":["Iron Wave","Wild Strike"],"picked":"Searing Blow","floor":7},{"not_picked":["Clash","Reaper"],"picked":"Rampage","floor":12},{"not_picked":["Intimidate","Anger"],"picked":"Armaments","floor":14},{"not_picked":["Immolate","Impervious"],"picked":"Double Tap","floor":16},{"not_picked":["Twin Strike","Disarm","Corruption+1"],"picked":"SKIP","floor":18},{"not_picked":["Clash","Twin Strike+1"],"picked":"Dual Wield","floor":22},{"not_picked":["Body Slam","Sever Soul","Iron Wave"],"picked":"SKIP","floor":24},{"not_picked":["Feel No Pain","Shrug It Off","Thunderclap"],"picked":"Singing Bowl","floor":27},{"not_picked":["Reckless Charge","Cleave+1","Flex"],"picked":"Singing Bowl","floor":28},{"not_picked":["Pommel Strike+1","Burning Pact+1","Spot Weakness+1"],"picked":"Singing Bowl","floor":29},{"not_picked":["Reckless Charge","Searing Blow","Pommel Strike+1"],"picked":"Singing Bowl","floor":31}],"player_experience":236498,"relics_obtained":[{"floor":7,"key":"Bird Faced Urn"},{"floor":9,"key":"Ancient Tea Set"},{"floor":24,"key":"Bag of Marbles"},{"floor":26,"key":"Singing Bowl"}],"event_choices":[{"event_name":"Shining Light","player_choice":"Entered Light","floor":2,"damage_taken":0},{"event_name":"Scrap Ooze","player_choice":"success","floor":3,"damage_taken":25},{"event_name":"Living Wall","player_choice":"Forget","floor":5,"damage_taken":0},{"event_name":"Liars Game","player_choice":"disagreed","floor":10,"damage_taken":0},{"event_name":"Masked Bandits","player_choice":"Paid Bandits 1 gold","floor":20,"damage_taken":0},{"event_name":"The Mausoleum","player_choice":"No","floor":21,"damage_taken":0},{"event_name":"N\u0027loth","player_choice":"Ignored","floor":30,"damage_taken":0}],"boss_relics":[{"not_picked":["Philosopher\u0027s Stone","Ectoplasm"],"picked":"Coffee Dripper"}],"items_purged_floors":[19],"is_endless":false,"potions_floor_spawned":[4,7,12,18,22,31],"killed_by":"Collector","ascension_level":2}