{"path_per_floor":["M","M","?","?","M","?","?","M","T","$","M","M","M","?","R","B",null,"M","?","M","M","?","E","R","M","T","?","R","M","M","M","R","B",null,"M","?","$","M","M","R","$","R","T","$","M","M","R","M","R"],"character_chosen":"DEFECT","items_purchased":["Electrodynamics","Regal Pillow","Bottled Tornado","Apotheosis"],"gold_per_floor":[113,126,126,301,325,325,325,344,395,10,34,48,64,64,64,193,193,211,211,235,250,250,286,286,301,301,301,301,324,347,363,363,484,484,507,607,255,279,293,293,100,100,126,1,15,39,39,59,59,59],"floor_reached":50,"campfire_rested":5,"playtime":3800,"item_purchase_floors":[10,10,37,41],"current_hp_per_floor":[75,72,54,54,53,53,53,38,38,38,38,32,26,14,51,28,75,71,71,51,37,62,8,45,45,45,45,75,51,40,25,62,10,75,75,75,75,62,47,75,75,75,75,75,72,72,72,72,72,0],"items_purged":["Normality","Strike_B","Strike_B"],"gold":59,"score":485,"play_id":"70e1ff04-5c8f-4592-8fdd-afc3e18ae4c5","local_time":"20180604043954","is_prod":false,"is_daily":false,"chose_seed":false,"is_ascension_mode":false,"campfire_upgraded":3,"win_rate":0,"timestamp":1528105194,"campfire_choices":[{"floor":15,"key":"REST"},{"floor":24,"key":"REST"},{"floor":28,"key":"REST"},{"floor":32,"key":"REST"},{"floor":40,"key":"REST"},{"data":"Apotheosis","floor":42,"key":"SMITH"},{"data":"Electrodynamics","floor":47,"key":"SMITH"},{"data":"Tempest","floor":49,"key":"SMITH"}],"path_taken":["M","?","?","?","M","?","?","M","T","$","M","M","?","?","R","BOSS","M","?","M","?","?","E","R","?","T","?","R","M","M","M","R","BOSS","M","?","$","M","M","R","$","R","T","$","M","M","R","M","R","BOSS"],"build_version":"2018-05-31","seed_source_timestamp":56695081015308,"purchased_purges":3,"victory":false,"master_deck":["Strike_B","Strike_B","Defend_B","Defend_B","Defend_B","Defend_B","Zap","Dualcast","Echo Form","Defragment","Melter","Recycle","Electrodynamics+1","Amplify","Biased Cognition","Tempest+1","Tempest+1","Storm+1","Fission","Static Discharge+1","Apotheosis+1","Aggregate+1"],"max_hp_per_floor":[75,75,75,75,75,75,75,75,75,75,75,75,75,75,75,75,75,75,75,75,75,75,75,75,75,75,75,75,75,75,75,75,75,75,75,75,75,75,75,75,75,75,75,75,75,75,75,75,75,75],"relics":["Cracked Core","Golden Idol","Happy Flower","Bag of Preparation","Regal Pillow","Anchor","White Beast Statue","Prayer Wheel","Lantern","Black Star","Bottled Tornado","Dream Catcher"],"card_choices":[{"not_picked":["Thunder Strike","Meteor Strike"],"picked":"Echo Form","floor":0},{"not_picked":["Streamline","Hologram","Consume"],"picked":"SKIP","floor":1},{"not_picked":["Rebound","FTL"],"picked":"Defragment","floor":2},{"not_picked":["Capacitor","Compile Driver"],"picked":"Melter","floor":5},{"not_picked":["Coolheaded","Conserve Battery"],"picked":"Recycle","floor":8},{"not_picked":["Ball Lightning","Streamline"],"picked":"Amplify","floor":11},{"not_picked":["Scrape","Genetic Algorithm","Darkness"],"picked":"SKIP","floor":12},{"not_picked":["Barrage","Ball Lightning","Streamline"],"picked":"SKIP","floor":13},{"not_picked":["Seek","All For One"],"picked":"Biased Cognition","floor":16},{"not_picked":["Turbo","Barrage","Cold Snap"],"picked":"SKIP","floor":18},{"not_picked":["Streamline","Hologram+1","Hello World"],"picked":"SKIP","floor":20},{"not_picked":["Heatsinks+1","Ball Lightning+1"],"picked":"Tempest","floor":21},{"not_picked":["Lockon","Blizzard","Hologram"],"picked":"SKIP","floor":23},{"not_picked":["Ball Lightning","Sweeping Beam","Rebound"],"picked":"SKIP","floor":25},{"not_picked":["Go for the Eyes+1","Doom and Gloom+1","Redo"],"picked":"SKIP","floor":25},{"not_picked":["Fusion","FTL","Sweeping Beam"],"picked":"SKIP","floor":29},{"not_picked":["Turbo+1","Force Field","Cold Snap"],"picked":"SKIP","floor":29},{"not_picked":["Steam Power","Reinforced Body+1"],"picked":"Tempest+1","floor":30},{"not_picked":["Heatsinks","Chill","Beam Cell"],"picked":"SKIP","floor":30},{"not_picked":["Stack","Tempest"],"picked":"Storm+1","floor":31},{"not_picked":["Darkness+1","Tempest","Ball Lightning"],"picked":"SKIP","floor":31},{"not_picked":["Electrodynamics","Core Surge"],"picked":"Fission","floor":33},{"not_picked":["Heatsinks","Compile Driver+1","Ball Lightning+1"],"picked":"SKIP","floor":35},{"not_picked":["Ball Lightning+1","Leap","Barrage+1"],"picked":"SKIP","floor":35},{"not_picked":["Hologram+1","Go for the Eyes+1"],"picked":"Static Discharge+1","floor":38},{"not_picked":["Fission","Steam+1","Cold Snap+1"],"picked":"SKIP","floor":38},{"not_picked":["Compile Driver","Skim+1","Go for the Eyes"],"picked":"SKIP","floor":39},{"not_picked":["Hologram","Chaos","Chill+1"],"picked":"SKIP","floor":39},{"not_picked":["Leap","Self Repair"],"picked":"Aggregate+1","floor":45},{"not_picked":["Stack+1","Doom and Gloom+1","Reprogram"],"picked":"SKIP","floor":45},{"not_picked":["Conserve Battery","Scrape","Barrage+1"],"picked":"SKIP","floor":46},{"not_picked":["Steam+1","Compile Driver","Go for the Eyes+1"],"picked":"SKIP","floor":46},{"not_picked":["Meteor Strike","Force Field","Turbo+1"],"picked":"SKIP","floor":48},{"not_picked":["Barrage","Recycle+1","Leap"],"picked":"SKIP","floor":48}],"player_experience":98608,"potions_floor_usage":[16,16,20,21,25,29,33,33,33,39,50,50],"damage_taken":[{"damage":0,"enemies":"Cultist","floor":1,"turns":4},{"damage":3,"enemies":"Jaw Worm","floor":2,"turns":3},{"damage":1,"enemies":"2 Louse","floor":5,"turns":3},{"damage":15,"enemies":"Large Slime","floor":8,"turns":6},{"damage":0,"enemies":"2 Fungi Beasts","floor":11,"turns":2},{"damage":6,"enemies":"Exordium Thugs","floor":12,"turns":3},{"damage":6,"enemies":"3 Louse","floor":13,"turns":3},{"damage":23,"enemies":"Slime Boss","floor":16,"turns":6},{"damage":4,"enemies":"Shell Parasite","floor":18,"turns":4},{"damage":20,"enemies":"2 Thieves","floor":20,"turns":3},{"damage":14,"enemies":"Chosen and Byrds","floor":21,"turns":5},{"damage":54,"enemies":"Gremlin Leader","floor":23,"turns":6},{"damage":0,"enemies":"Sentry and Sphere","floor":25,"turns":2},{"damage":24,"enemies":"Centurion and Healer","floor":29,"turns":4},{"damage":11,"enemies":"Chosen and Byrds","floor":30,"turns":5},{"damage":15,"enemies":"Snecko","floor":31,"turns":4},{"damage":52,"enemies":"Champ","floor":33,"turns":10},{"damage":0,"enemies":"3 Shapes","floor":35,"turns":2},{"damage":13,"enemies":"Orb Walker","floor":38,"turns":3},{"damage":15,"enemies":"Maw","floor":39,"turns":6},{"damage":3,"enemies":"3 Darklings","floor":45,"turns":2},{"damage":0,"enemies":"4 Shapes","floor":46,"turns":2},{"damage":0,"enemies":"Sphere and 2 Shapes","floor":48,"turns":2},{"damage":88,"enemies":"Awakened One","floor":50,"turns":6}],"relics_obtained":[{"floor":9,"key":"Bag of Preparation"},{"floor":23,"key":"Prayer Wheel"},{"floor":26,"key":"Lantern"},{"floor":43,"key":"Dream Catcher"}],"event_choices":[{"event_name":"Golden Idol","player_choice":"Take Damage","floor":3,"damage_taken":0},{"event_name":"Liars Game","player_choice":"agreed","floor":4,"damage_taken":0},{"event_name":"Purifier","player_choice":"One Purge","floor":6,"damage_taken":0},{"event_name":"Accursed Blacksmith","player_choice":"Rummage","floor":7,"damage_taken":0},{"event_name":"Scrap Ooze","player_choice":"success","floor":14,"damage_taken":12},{"event_name":"Drug Dealer","player_choice":"Ignored","floor":19,"damage_taken":0},{"event_name":"The Library","player_choice":"Heal","floor":22,"damage_taken":0},{"event_name":"Back to Basics","player_choice":"Elegance","floor":27,"damage_taken":0},{"event_name":"Golden Shrine","player_choice":"Pray","floor":36,"damage_taken":0}],"boss_relics":[{"not_picked":["Cursed Key","Snecko Eye"],"picked":"White Beast Statue"},{"not_picked":["Runic Dome","Lizard Tail"],"picked":"Black Star"}],"items_purged_floors":[10,37,44],"potions_floor_spawned":[11,12,13,18,20,21,23,25,29,30,31,33,35,38,39,45,46,48],"seed_played":"4315557512500701212","killed_by":"Awakened One","ascension_level":0,"potions_obtained":[{"floor":11,"key":"FocusPotion"},{"floor":12,"key":"Block Potion"},{"floor":13,"key":"Explosive Potion"},{"floor":18,"key":"Swift Potion"},{"floor":20,"key":"Energy Potion"},{"floor":21,"key":"SpeedPotion"},{"floor":23,"key":"Dexterity Potion"},{"floor":25,"key":"PowerPotion"},{"floor":29,"key":"SpeedPotion"},{"floor":31,"key":"Block Potion"},{"floor":33,"key":"FairyPotion"},{"floor":35,"key":"SneckoOil"},{"floor":38,"key":"Energy Potion"},{"floor":39,"key":"Dexterity Potion"},{"floor":45,"key":"LiquidBronze"}],"is_trial":false}