{"gold_per_floor":[109,31,31,41,41,54,54,70,152,152,182,182,193,208,208,306,306,325,352,362,380,228,260,260,260,260,273,273,292,303,320,320,424,424,436,447,85,100,111,63,63,115,138,155,125,125,144,163,163,163,163,163,60,60],"floor_reached":54,"playtime":3201,"items_purged":["Underhanded Strike","Bouncing Flask"],"score":665,"play_id":"c28e3c74-2128-409c-b261-71c0d9b27a94","local_time":"20190215212416","is_ascension_mode":false,"campfire_choices":[{"data":"Noxious Fumes","floor":7.0,"key":"SMITH"},{"data":"Catalyst","floor":12.0,"key":"SMITH"},{"data":"Caltrops","floor":15.0,"key":"SMITH"},{"floor":25.0,"key":"REST"},{"data":"Infinite Blades","floor":28.0,"key":"SMITH"},{"floor":32.0,"key":"REST"},{"floor":46.0,"key":"RECALL"},{"floor":49.0,"key":"REST"},{"data":"Accuracy","floor":52,"key":"SMITH"}],"neow_cost":"NONE","seed_source_timestamp":0,"circlet_count":0,"master_deck":["Survivor","Neutralize","Cloak And Dagger","Noxious Fumes+1","Catalyst+1","Dodge and Roll","Backstab","Backflip","Backstab","Flying Knee","Footwork","Caltrops+1","Corpse Explosion","Eviscerate","Catalyst","Noxious Fumes","Expertise","Bane","Bouncing Flask","Dagger Throw","Prepared+1","Cloak And Dagger","Accuracy+1","Infinite Blades+1","Leg Sweep+1","Caltrops+1","Distraction","Venomology","Masterful Stab+1","Catalyst+1","Outmaneuver+1"],"special_seed":0,"relics":["Ring of the Snake","Ninja Scroll","Oddly Smooth Stone","Mercury Hourglass","Pandora\u0027s Box","Red Mask","Gremlin Horn","Bottled Flame","WristBlade","Meat on the Bone","Tingsha"],"potions_floor_usage":[50,50,50,54,54,54,54],"damage_taken":[{"damage":3.0,"enemies":"Cultist","floor":1.0,"turns":5.0},{"damage":1.0,"enemies":"2 Louse","floor":4.0,"turns":3.0},{"damage":0.0,"enemies":"Small Slimes","floor":6.0,"turns":4.0},{"damage":1.0,"enemies":"Exordium Wildlife","floor":8.0,"turns":3.0},{"damage":9.0,"enemies":"Lagavulin","floor":11.0,"turns":8.0},{"damage":0.0,"enemies":"3 Louse","floor":13.0,"turns":1.0},{"damage":0.0,"enemies":"2 Fungi Beasts","floor":14.0,"turns":1.0},{"damage":5.0,"enemies":"The Guardian","floor":16.0,"turns":9.0},{"damage":11.0,"enemies":"Shell Parasite","floor":18.0,"turns":3.0},{"damage":18.0,"enemies":"Masked Bandits","floor":19.0,"turns":4.0},{"damage":5.0,"enemies":"3 Byrds","floor":20.0,"turns":3.0},{"damage":15.0,"enemies":"Snake Plant","floor":21.0,"turns":2.0},{"damage":27.0,"enemies":"Book of Stabbing","floor":23.0,"turns":4.0},{"damage":0.0,"enemies":"Chosen and Byrds","floor":27.0,"turns":4.0},{"damage":16.0,"enemies":"Centurion and Healer","floor":29.0,"turns":4.0},{"damage":5.0,"enemies":"Shelled Parasite and Fungi","floor":30.0,"turns":5.0},{"damage":15.0,"enemies":"Cultist and Chosen","floor":31.0,"turns":5.0},{"damage":18.0,"enemies":"Collector","floor":33.0,"turns":6.0},{"damage":0.0,"enemies":"Orb Walker","floor":35.0,"turns":3.0},{"damage":25.0,"enemies":"3 Darklings","floor":36.0,"turns":3.0},{"damage":38.0,"enemies":"Writhing Mass","floor":38.0,"turns":5.0},{"damage":0.0,"enemies":"Sphere and 2 Shapes","floor":39.0,"turns":3.0},{"damage":9.0,"enemies":"2 Orb Walkers","floor":42.0,"turns":2.0},{"damage":0.0,"enemies":"Transient","floor":44.0,"turns":5.0},{"damage":12.0,"enemies":"Jaw Worm Horde","floor":47.0,"turns":4.0},{"damage":3.0,"enemies":"4 Shapes","floor":48.0,"turns":3.0},{"damage":44,"enemies":"Donu and Deca","floor":50,"turns":5},{"damage":75,"enemies":"Shield and Spear","floor":54,"turns":5}],"seed_played":"-4835161114422336482","potions_obtained":[{"floor":6.0,"key":"SpeedPotion"},{"floor":11.0,"key":"Regen Potion"},{"floor":14.0,"key":"FearPotion"},{"floor":16.0,"key":"SpeedPotion"},{"floor":18.0,"key":"SkillPotion"},{"floor":21.0,"key":"Regen Potion"},{"floor":30.0,"key":"SteroidPotion"},{"floor":31.0,"key":"SteroidPotion"},{"floor":35.0,"key":"Poison Potion"},{"floor":39.0,"key":"Energy Potion"},{"floor":45.0,"key":"SneckoOil"},{"floor":45.0,"key":"FearPotion"}],"is_trial":false,"path_per_floor":["M","$","?","M","?","M","R","M","T","?","E","R","M","M","R","B",null,"M","?","M","M","$","E","?","R","T","M","R","M","M","M","R","B",null,"M","M","$","M","M","$","?","?","T","M","?","R","M","M","R","B",null,"R","$","E"],"character_chosen":"THE_SILENT","items_purchased":["Catalyst","Infinite Blades","Meat on the Bone","SkillPotion","PowerPotion","PowerPotion"],"campfire_rested":3,"item_purchase_floors":[2,22,37,40,53,53],"current_hp_per_floor":[67,67,67,66,66,66,66,65,65,58,49,49,49,49,49,44,70,59,41,36,30,30,17,40,61,61,61,61,45,40,25,46,28,70,70,45,45,19,31,31,31,34,34,46,46,46,46,43,64,32,70,70,70,0],"gold":60,"neow_bonus":"THREE_CARDS","is_prod":false,"is_daily":false,"chose_seed":false,"campfire_upgraded":5,"win_rate":0,"timestamp":1550283856,"path_taken":["M","$","?","M","?","M","R","M","T","?","E","R","M","M","R","BOSS","M","?","M","M","$","E","?","R","T","M","R","M","M","M","R","BOSS","M","M","$","M","M","$","?","?","T","?","?","R","M","M","R","BOSS","R","$","E"],"build_version":"2019-01-23","purchased_purges":2,"victory":false,"max_hp_per_floor":[70,70,70,70,70,70,70,70,70,70,70,70,70,70,70,70,70,70,70,70,70,70,70,70,70,70,70,70,70,70,70,70,70,70,70,70,70,70,70,70,70,70,70,70,70,70,70,70,70,70,70,70,70,70],"card_choices":[{"not_picked":["Calculated Gamble","Masterful Stab"],"picked":"Cloak And Dagger","floor":0.0},{"not_picked":["Deflect","Underhanded Strike"],"picked":"Noxious Fumes","floor":1.0},{"not_picked":["Predator","Poisoned Stab"],"picked":"Dodge and Roll","floor":4.0},{"not_picked":["Deflect","Dodge and Roll"],"picked":"Backflip","floor":6.0},{"not_picked":["Quick Slash","Prepared"],"picked":"Backstab","floor":8.0},{"not_picked":["Doppelganger","Slice"],"picked":"Flying Knee","floor":11.0},{"not_picked":["Eviscerate","Backflip"],"picked":"Footwork","floor":13.0},{"not_picked":["Prepared","Tactician"],"picked":"Caltrops","floor":14.0},{"not_picked":["Die Die Die","Glass Knife"],"picked":"Corpse Explosion","floor":16.0},{"not_picked":["Caltrops","Outmaneuver"],"picked":"Prepared+1","floor":18.0},{"not_picked":["Dodge and Roll","Quick Slash"],"picked":"Cloak And Dagger","floor":19.0},{"not_picked":["Flechettes","Calculated Gamble","Sucker Punch"],"picked":"SKIP","floor":20.0},{"not_picked":["Acrobatics","Footwork+1"],"picked":"Accuracy","floor":21.0},{"not_picked":["Footwork","Finisher","Flying Knee"],"picked":"SKIP","floor":23.0},{"not_picked":["Flying Knee+1","Outmaneuver"],"picked":"Leg Sweep+1","floor":27.0},{"not_picked":["Underhanded Strike","Phantasmal Killer","Dagger Spray"],"picked":"SKIP","floor":29.0},{"not_picked":["Quick Slash+1","Tactician"],"picked":"Caltrops+1","floor":30.0},{"not_picked":["Well Laid Plans","Heel Hook"],"picked":"Distraction","floor":31.0},{"not_picked":["Corpse Explosion","Phantasmal Killer"],"picked":"Venomology","floor":33.0},{"not_picked":["Underhanded Strike","PiercingWail"],"picked":"Masterful Stab+1","floor":35.0},{"not_picked":["Prepared","Flechettes"],"picked":"Blade Dance","floor":36.0},{"not_picked":["Footwork+1","Backflip","Prepared+1"],"picked":"SKIP","floor":38.0},{"not_picked":["Deflect+1","Acrobatics+1","PiercingWail+1"],"picked":"SKIP","floor":39.0},{"not_picked":["Quick Slash+1","Flechettes"],"picked":"Catalyst+1","floor":42.0},{"not_picked":["Sucker Punch+1","Skewer+1","Die Die Die"],"picked":"SKIP","floor":44.0},{"not_picked":["Dagger Throw+1","Acrobatics","Flying Knee"],"picked":"SKIP","floor":47.0},{"not_picked":["Endless Agony","Sucker Punch"],"picked":"Outmaneuver+1","floor":48.0}],"player_experience":49644,"relics_obtained":[{"floor":9.0,"key":"Ninja Scroll"},{"floor":11.0,"key":"Mercury Hourglass"},{"floor":19.0,"key":"Red Mask"},{"floor":23.0,"key":"Gremlin Horn"},{"floor":26.0,"key":"Bottled Flame"},{"floor":42.0,"key":"Tingsha"}],"event_choices":[{"damage_healed":0.0,"max_hp_gain":0.0,"max_hp_loss":0.0,"gold_gain":0.0,"event_name":"Liars Game","player_choice":"Ignored","floor":3.0,"gold_loss":0.0,"damage_taken":0.0},{"damage_healed":0.0,"max_hp_gain":0.0,"max_hp_loss":0.0,"gold_gain":0.0,"cards_transformed":["Strike_G"],"event_name":"Living Wall","player_choice":"Change","floor":5.0,"gold_loss":0.0,"damage_taken":0.0,"cards_obtained":["Backstab"]},{"damage_healed":0.0,"max_hp_gain":0.0,"max_hp_loss":0.0,"gold_gain":0.0,"event_name":"Scrap Ooze","player_choice":"Success","floor":10.0,"gold_loss":0.0,"damage_taken":7.0,"relics_obtained":["Oddly Smooth Stone"]},{"damage_healed":0.0,"max_hp_gain":0.0,"max_hp_loss":0.0,"gold_gain":0.0,"event_name":"Masked Bandits","player_choice":"Fought Bandits","floor":19.0,"gold_loss":0.0,"damage_taken":0.0},{"damage_healed":23.0,"max_hp_gain":0.0,"max_hp_loss":0.0,"gold_gain":0.0,"event_name":"The Library","player_choice":"Heal","floor":24.0,"gold_loss":0.0,"damage_taken":0.0},{"cards_removed":["Blade Dance"],"damage_healed":0.0,"max_hp_gain":0.0,"max_hp_loss":0.0,"gold_gain":0.0,"event_name":"Falling","player_choice":"Removed Skill","floor":41.0,"gold_loss":0.0,"damage_taken":0.0},{"damage_healed":0.0,"max_hp_gain":0.0,"max_hp_loss":0.0,"gold_gain":0.0,"event_name":"Mysterious Sphere","player_choice":"Fight","floor":42.0,"gold_loss":0.0,"damage_taken":0.0},{"damage_healed":0.0,"max_hp_gain":0.0,"max_hp_loss":0.0,"gold_gain":0.0,"event_name":"The Woman in Blue","player_choice":"Bought 2 Potions","floor":45.0,"gold_loss":0.0,"damage_taken":0.0}],"is_beta":false,"boss_relics":[{"not_picked":["Coffee Dripper","Runic Dome"],"picked":"Pandora\u0027s Box"},{"not_picked":["Velvet Choker","Sozu"],"picked":"WristBlade"}],"items_purged_floors":[22,37],"is_endless":false,"potions_floor_spawned":[6,11,14,16,18,21,30,31,35,39,47],"killed_by":"Shield and Spear","ascension_level":0}