{"gold_per_floor":[365,36,36,36,52,52,83,93,93,93,106,135,163,175,187,199],"floor_reached":16,"playtime":823,"items_purged":[],"score":193,"play_id":"fea841dc-bd8a-4057-85e7-cd3bf1e45e5c","local_time":"20190216230946","is_ascension_mode":true,"campfire_choices":[{"floor":6,"key":"REST"},{"floor":10,"key":"REST"},{"data":"Footwork","floor":15,"key":"SMITH"}],"neow_cost":"PERCENT_DAMAGE","seed_source_timestamp":450671278128200,"circlet_count":0,"master_deck":["AscendersBane","Defend_G","Defend_G","Defend_G","Defend_G","Defend_G","Strike_G","Strike_G","Strike_G","Strike_G","Survivor","Neutralize","Dagger Spray+1","Swift Strike","Crippling Poison","Leg Sweep","Slice","Calculated Gamble","Footwork+1"],"relics":["Ring of the Snake","Kunai","Ginger","Dead Branch","MawBank"],"potions_floor_usage":[12,12,16],"damage_taken":[{"damage":1,"enemies":"2 Louse","floor":1,"turns":4},{"damage":0,"enemies":"Small Slimes","floor":5,"turns":3},{"damage":17,"enemies":"3 Sentries","floor":7,"turns":9},{"damage":5,"enemies":"Jaw Worm","floor":8,"turns":4},{"damage":0,"enemies":"Exordium Wildlife","floor":11,"turns":2},{"damage":42,"enemies":"Gremlin Nob","floor":12,"turns":5},{"damage":0,"enemies":"Blue Slaver","floor":13,"turns":3},{"damage":17,"enemies":"Hexaghost","floor":16,"turns":11}],"seed_played":"221713210005562584","potions_obtained":[{"floor":8,"key":"AttackPotion"},{"floor":11,"key":"Weak Potion"},{"floor":12,"key":"Dexterity Potion"}],"is_trial":false,"path_per_floor":["M","$","?","?","M","R","E","M","T","R","M","E","M","$","R","B"],"character_chosen":"THE_SILENT","items_purchased":["Kunai","Swift Strike"],"campfire_rested":2,"item_purchase_floors":[2,2],"current_hp_per_floor":[43,43,36,36,36,55,38,33,33,52,52,10,10,10,10,0],"gold":199,"neow_bonus":"TWO_FIFTY_GOLD","is_prod":false,"is_daily":false,"chose_seed":false,"campfire_upgraded":1,"win_rate":0,"timestamp":1550383786,"path_taken":["M","$","?","?","M","R","E","M","T","R","M","E","M","$","R","BOSS"],"build_version":"2019-01-23","purchased_purges":0,"victory":false,"max_hp_per_floor":[66,66,66,66,66,66,66,66,66,66,66,66,66,66,66,66],"card_choices":[{"not_picked":["PiercingWail","Dagger Throw"],"picked":"Dagger Spray","floor":1},{"not_picked":["Dash","Quick Slash"],"picked":"Crippling Poison","floor":5},{"not_picked":["Flechettes","Poisoned Stab"],"picked":"Leg Sweep","floor":7},{"not_picked":["Dagger Spray","PiercingWail"],"picked":"Slice","floor":8},{"not_picked":["Flying Knee","Poisoned Stab","Outmaneuver"],"picked":"SKIP","floor":11},{"not_picked":["Sucker Punch","Setup"],"picked":"Calculated Gamble","floor":12},{"not_picked":["Acrobatics","Deadly Poison"],"picked":"Footwork","floor":13}],"player_experience":956664,"relics_obtained":[{"floor":7,"key":"Ginger"},{"floor":9,"key":"Dead Branch"},{"floor":12,"key":"MawBank"}],"event_choices":[{"cards_removed":["Strike_G"],"damage_healed":0,"gold_gain":0,"player_choice":"Card Removal","damage_taken":7,"max_hp_gain":0,"max_hp_loss":0,"event_name":"Golden Wing","floor":3,"gold_loss":0},{"damage_healed":0,"gold_gain":0,"player_choice":"Grow","damage_taken":0,"max_hp_gain":0,"max_hp_loss":0,"event_name":"Living Wall","floor":4,"gold_loss":0,"cards_upgraded":["Dagger Spray"]}],"is_beta":false,"boss_relics":[],"items_purged_floors":[],"is_endless":false,"potions_floor_spawned":[8,11,12],"killed_by":"Hexaghost","ascension_level":15}