{"gold_per_floor":[118,39,58,133,133,133,172,172,172,191,116,134,157,157,157,286,286,304,329,229,229],"floor_reached":21,"playtime":594,"items_purged":["Defend_R","Strike_R"],"score":204,"play_id":"8588d9e2-f512-4501-aced-53c199dd0c68","local_time":"20190211120159","is_ascension_mode":false,"campfire_choices":[{"data":"Bash","floor":6.0,"key":"SMITH"},{"data":"Dropkick","floor":8.0,"key":"SMITH"},{"floor":15.0,"key":"REST"}],"neow_cost":"NONE","seed_source_timestamp":56926119359255,"circlet_count":0,"master_deck":["Strike_R","Strike_R","Strike_R","Strike_R","Defend_R","Defend_R","Defend_R","Bash+1","Dropkick+1"],"special_seed":0,"relics":["Black Blood","NeowsBlessing","Golden Idol","Art of War","Mango"],"potions_floor_usage":[21],"damage_taken":[{"damage":0.0,"enemies":"Small Slimes","floor":1.0,"turns":1.0},{"damage":0.0,"enemies":"Jaw Worm","floor":3.0,"turns":1.0},{"damage":0.0,"enemies":"Lagavulin","floor":7.0,"turns":1.0},{"damage":7.0,"enemies":"2 Louse","floor":10.0,"turns":3.0},{"damage":15.0,"enemies":"Red Slaver","floor":12.0,"turns":4.0},{"damage":14.0,"enemies":"2 Fungi Beasts","floor":13.0,"turns":4.0},{"damage":52.0,"enemies":"Slime Boss","floor":16.0,"turns":8.0},{"damage":33.0,"enemies":"3 Byrds","floor":18.0,"turns":10.0},{"damage":25.0,"enemies":"2 Thieves","floor":19.0,"turns":4.0},{"damage":57,"enemies":"Sentry and Sphere","floor":21,"turns":6}],"seed_played":"2987075366219759250","potions_obtained":[{"floor":1.0,"key":"Fire Potion"},{"floor":7.0,"key":"Swift Potion"},{"floor":16.0,"key":"Ancient Potion"}],"is_trial":false,"path_per_floor":["M","$","M","?","?","R","E","R","T","M","$","M","M","?","R","B",null,"M","M","$","M"],"character_chosen":"IRONCLAD","items_purchased":["Dropkick"],"campfire_rested":1,"item_purchase_floors":[2],"current_hp_per_floor":[80,80,80,69,69,69,74,74,88,87,87,78,70,70,88,42,88,65,50,50,0],"gold":229,"neow_bonus":"THREE_ENEMY_KILL","is_prod":false,"is_daily":false,"chose_seed":false,"campfire_upgraded":2,"win_rate":0,"timestamp":1549875719,"path_taken":["M","$","M","?","?","R","E","R","T","M","$","M","M","?","R","BOSS","M","M","$","M"],"build_version":"2019-01-23","purchased_purges":2,"victory":false,"max_hp_per_floor":[80,80,80,80,74,74,74,74,88,88,88,88,88,88,88,88,88,88,88,88,88],"card_choices":[{"not_picked":["Rupture","Pommel Strike","Cleave"],"picked":"SKIP","floor":1.0},{"not_picked":["Dual Wield","Heavy Blade","Cleave"],"picked":"SKIP","floor":3.0},{"not_picked":["Clothesline","Impervious","Evolve"],"picked":"SKIP","floor":7.0},{"not_picked":["Armaments","Heavy Blade","Wild Strike"],"picked":"SKIP","floor":10.0},{"not_picked":["Battle Trance","Rupture","Evolve"],"picked":"SKIP","floor":12.0},{"not_picked":["True Grit","Armaments","Carnage"],"picked":"SKIP","floor":13.0},{"not_picked":["Blood for Blood","Rampage","Power Through"],"picked":"SKIP","floor":18.0},{"not_picked":["Wild Strike","Armaments","Feel No Pain+1"],"picked":"SKIP","floor":19.0}],"player_experience":304909,"relics_obtained":[{"floor":7.0,"key":"Art of War"},{"floor":9.0,"key":"Mango"}],"event_choices":[{"damage_healed":0.0,"max_hp_gain":0.0,"max_hp_loss":0.0,"gold_gain":75.0,"event_name":"World of Goop","player_choice":"Gather Gold","floor":4.0,"gold_loss":0.0,"damage_taken":11.0},{"damage_healed":0.0,"max_hp_gain":0.0,"max_hp_loss":6.0,"gold_gain":0.0,"event_name":"Golden Idol","player_choice":"Lose Max HP","floor":5.0,"gold_loss":0.0,"damage_taken":0.0,"relics_obtained":["Golden Idol"]},{"damage_healed":0.0,"max_hp_gain":0.0,"max_hp_loss":0.0,"gold_gain":0.0,"event_name":"NoteForYourself","player_choice":"Ignored","floor":14.0,"gold_loss":0.0,"damage_taken":0.0}],"is_beta":false,"boss_relics":[{"not_picked":["Runic Dome","Calling Bell"],"picked":"Black Blood"}],"items_purged_floors":[11,20],"is_endless":false,"potions_floor_spawned":[1,7,16],"killed_by":"Sentry and Sphere","ascension_level":0}