{"gold_per_floor":[116,135,60,80,98,124,24,24,104,135,151,151,172,172,172,269,269,288,8,83,99,124,152,177,27,77,95,105,105,105,119,119,220,220,240,65,65,75,75,75,75,104,104,104,138,152,181,181,181,181],"floor_reached":51,"playtime":2174,"items_purged":["Defend_R","Strike_R","Strike_R","Defend_R","Defend_R+1"],"score":881,"play_id":"08c5d286-02f8-41e3-83f6-23bb1f84468e","local_time":"20190209145933","is_ascension_mode":false,"campfire_choices":[{"floor":8.0,"key":"REST"},{"floor":12.0,"key":"REST"},{"data":"Bash","floor":15.0,"key":"SMITH"},{"floor":29.0,"key":"REST"},{"floor":32.0,"key":"DIG"},{"floor":40.0,"key":"DIG"},{"floor":44.0,"key":"DIG"},{"data":"1","floor":49.0,"key":"LIFT"}],"neow_cost":"NONE","seed_source_timestamp":0,"circlet_count":0,"master_deck":["Strike_R","Strike_R","Strike_R","Bash+1","Shrug It Off+1","Dropkick","Dropkick","Clash+1"],"special_seed":0,"relics":["Burning Blood","WingedGreaves","Shuriken","Ancient Tea Set","Odd Mushroom","Fusion Hammer","Vajra","Red Mask","War Paint","Happy Flower","Bag of Preparation","Shovel","Omamori","Busted Crown","Dead Branch","Girya","Bronze Scales","Bottled Flame","Lantern","Kunai"],"potions_floor_usage":[50,50],"damage_taken":[{"damage":10.0,"enemies":"Cultist","floor":1.0,"turns":4.0},{"damage":5.0,"enemies":"Small Slimes","floor":2.0,"turns":4.0},{"damage":3.0,"enemies":"2 Louse","floor":4.0,"turns":2.0},{"damage":3.0,"enemies":"2 Fungi Beasts","floor":5.0,"turns":4.0},{"damage":49.0,"enemies":"3 Sentries","floor":6.0,"turns":14.0},{"damage":59.0,"enemies":"Lagavulin","floor":10.0,"turns":11.0},{"damage":8.0,"enemies":"Red Slaver","floor":11.0,"turns":3.0},{"damage":5.0,"enemies":"The Mushroom Lair","floor":13.0,"turns":3.0},{"damage":8.0,"enemies":"Slime Boss","floor":16.0,"turns":8.0},{"damage":6.0,"enemies":"Shell Parasite","floor":18.0,"turns":3.0},{"damage":0.0,"enemies":"Chosen","floor":21.0,"turns":2.0},{"damage":15.0,"enemies":"Masked Bandits","floor":22.0,"turns":4.0},{"damage":8.0,"enemies":"Book of Stabbing","floor":23.0,"turns":4.0},{"damage":36.0,"enemies":"Slavers","floor":24.0,"turns":5.0},{"damage":2.0,"enemies":"Shelled Parasite and Fungi","floor":27.0,"turns":3.0},{"damage":0.0,"enemies":"Snake Plant","floor":28.0,"turns":2.0},{"damage":0.0,"enemies":"3 Cultists","floor":31.0,"turns":4.0},{"damage":21.0,"enemies":"Collector","floor":33.0,"turns":3.0},{"damage":0.0,"enemies":"Orb Walker","floor":35.0,"turns":2.0},{"damage":0.0,"enemies":"3 Shapes","floor":38.0,"turns":2.0},{"damage":0.0,"enemies":"Nemesis","floor":42.0,"turns":1.0},{"damage":1.0,"enemies":"Reptomancer","floor":45.0,"turns":2.0},{"damage":16.0,"enemies":"3 Darklings","floor":46.0,"turns":3.0},{"damage":0.0,"enemies":"Nemesis","floor":47.0,"turns":1.0},{"damage":26,"enemies":"Time Eater","floor":50,"turns":6}],"seed_played":"4822482246110284313","potions_obtained":[{"floor":1.0,"key":"GamblersBrew"},{"floor":11.0,"key":"GamblersBrew"},{"floor":18.0,"key":"Ancient Potion"},{"floor":24.0,"key":"Dexterity Potion"},{"floor":31.0,"key":"Strength Potion"},{"floor":35.0,"key":"Fire Potion"},{"floor":42.0,"key":"BloodPotion"}],"is_trial":false,"path_per_floor":["M","M","$","M","M","E","$","R","T","E","M","R","?","?","R","B",null,"M","$","?","M","?","E","E","$","T","M","M","R","T","M","R","B",null,"M","$","?","M","$","R","?","E","T","R","E","M","E","$","R","B",null],"character_chosen":"IRONCLAD","items_purchased":["Vajra"],"campfire_rested":3,"item_purchase_floors":[19],"current_hp_per_floor":[84,85,85,88,88,45,45,71,71,18,16,42,43,43,43,41,88,88,88,80,86,77,75,45,45,45,49,55,81,81,87,87,72,88,88,88,88,88,88,88,84,84,84,84,84,74,80,80,80,68],"gold":181,"neow_bonus":"TEN_PERCENT_HP_BONUS","is_prod":false,"is_daily":false,"chose_seed":false,"campfire_upgraded":1,"win_rate":0,"timestamp":1549713573,"path_taken":["M","M","$","M","M","E","$","R","T","E","?","R","?","?","R","BOSS","M","$","?","?","?","E","E","$","T","M","M","R","?","M","R","BOSS","M","$","?","M","?","R","?","E","T","R","E","?","E","$","R","BOSS"],"build_version":"2019-01-23","purchased_purges":5,"victory":true,"max_hp_per_floor":[88,88,88,88,88,88,88,88,88,88,88,88,88,88,88,88,88,88,88,88,88,88,88,88,88,88,88,88,88,88,88,88,88,88,88,88,88,88,88,88,84,84,84,84,84,84,84,84,84,84],"card_choices":[{"not_picked":["Wild Strike","Sword Boomerang"],"picked":"Shrug It Off","floor":1.0},{"not_picked":["Burning Pact","Headbutt","Twin Strike"],"picked":"SKIP","floor":2.0},{"not_picked":["Corruption","Shockwave"],"picked":"Dropkick","floor":4.0},{"not_picked":["Armaments","Perfected Strike","Cleave"],"picked":"SKIP","floor":5.0},{"not_picked":["Headbutt","Dual Wield","Armaments"],"picked":"SKIP","floor":6.0},{"not_picked":["Body Slam","Warcry"],"picked":"Dropkick","floor":10.0},{"not_picked":["Blood for Blood","Shockwave"],"picked":"Clash","floor":11.0},{"not_picked":["Clash+1","Clothesline","Iron Wave"],"picked":"SKIP","floor":18.0},{"not_picked":["Clash","Cleave+1","Wild Strike+1"],"picked":"SKIP","floor":21.0},{"not_picked":["Warcry","Second Wind","Cleave"],"picked":"SKIP","floor":23.0},{"not_picked":["Armaments","Entrench","Clash"],"picked":"SKIP","floor":24.0},{"not_picked":["Reaper","Warcry","Whirlwind+1"],"picked":"SKIP","floor":27.0},{"not_picked":["Iron Wave","Dropkick","Thunderclap+1"],"picked":"SKIP","floor":28.0},{"not_picked":["Anger","Body Slam+1","True Grit"],"picked":"SKIP","floor":31.0},{"not_picked":["Spot Weakness+1"],"picked":"SKIP","floor":35.0},{"not_picked":["Shrug It Off"],"picked":"SKIP","floor":38.0},{"not_picked":["Havoc+1"],"picked":"SKIP","floor":42.0},{"not_picked":["Armaments+1"],"picked":"SKIP","floor":45.0},{"not_picked":["Headbutt+1"],"picked":"SKIP","floor":46.0},{"not_picked":["Perfected Strike+1"],"picked":"SKIP","floor":47.0}],"player_experience":259844,"relics_obtained":[{"floor":6.0,"key":"WingedGreaves"},{"floor":9.0,"key":"Shuriken"},{"floor":10.0,"key":"Ancient Tea Set"},{"floor":13.0,"key":"Odd Mushroom"},{"floor":22.0,"key":"Red Mask"},{"floor":23.0,"key":"War Paint"},{"floor":24.0,"key":"Happy Flower"},{"floor":26.0,"key":"Bag of Preparation"},{"floor":30.0,"key":"Shovel"},{"floor":32.0,"key":"Omamori"},{"floor":40.0,"key":"Dead Branch"},{"floor":42.0,"key":"Girya"},{"floor":43.0,"key":"Bronze Scales"},{"floor":44.0,"key":"Bottled Flame"},{"floor":45.0,"key":"Lantern"},{"floor":47.0,"key":"Kunai"}],"event_choices":[{"damage_healed":0.0,"max_hp_gain":0.0,"max_hp_loss":0.0,"gold_gain":0.0,"event_name":"Mushrooms","player_choice":"Fought Mushrooms","floor":13.0,"gold_loss":0.0,"damage_taken":0.0},{"cards_removed":["Defend_R"],"damage_healed":0.0,"max_hp_gain":0.0,"max_hp_loss":0.0,"gold_gain":0.0,"event_name":"Living Wall","player_choice":"Forget","floor":14.0,"gold_loss":0.0,"damage_taken":0.0},{"damage_healed":0.0,"max_hp_gain":0.0,"max_hp_loss":0.0,"gold_gain":75.0,"event_name":"FaceTrader","player_choice":"Touch","floor":20.0,"gold_loss":0.0,"damage_taken":8.0},{"damage_healed":0.0,"max_hp_gain":0.0,"max_hp_loss":0.0,"gold_gain":0.0,"event_name":"Masked Bandits","player_choice":"Fought Bandits","floor":22.0,"gold_loss":0.0,"damage_taken":0.0},{"damage_healed":0.0,"max_hp_gain":0.0,"max_hp_loss":0.0,"gold_gain":0.0,"event_name":"Accursed Blacksmith","player_choice":"Forge","floor":37.0,"gold_loss":0.0,"damage_taken":0.0,"cards_upgraded":["Clash"]},{"damage_healed":0.0,"max_hp_gain":0.0,"max_hp_loss":4.0,"gold_gain":0.0,"event_name":"Winding Halls","player_choice":"Max HP","floor":41.0,"gold_loss":0.0,"damage_taken":0.0}],"is_beta":false,"boss_relics":[{"not_picked":["Snecko Eye","Philosopher\u0027s Stone"],"picked":"Fusion Hammer"},{"not_picked":["Runic Pyramid","Mark of Pain"],"picked":"Busted Crown"}],"items_purged_floors":[3,7,19,25,36],"is_endless":false,"potions_floor_spawned":[1,4,11,13,18,24,31,35,42,45],"ascension_level":0}