{"gold_per_floor":[118,118,138,153,153,153,153,153,153,168,93,106,139,153,153,254,254,265,265,278,288,303,303,332,332,404,404,314,328,343,355,355,459,459,479,479,159,63,79,105,105,116,166,181,56,56,81,93,93,93],"floor_reached":51,"playtime":2269,"items_purged":["Defend_G","Strike_G","Strike_G"],"score":756,"play_id":"ce58ccac-4b86-4bef-a3cc-0b111a42333b","local_time":"20181205022003","is_ascension_mode":false,"campfire_choices":[{"data":"Deadly Poison","floor":6.0,"key":"SMITH"},{"data":"Blur","floor":8.0,"key":"SMITH"},{"data":"Deadly Poison","floor":15.0,"key":"SMITH"},{"data":"Footwork","floor":23.0,"key":"SMITH"},{"data":"Deflect","floor":25.0,"key":"SMITH"},{"data":"Deflect","floor":27.0,"key":"SMITH"},{"data":"Malaise","floor":32.0,"key":"SMITH"},{"data":"Noxious Fumes","floor":41.0,"key":"SMITH"},{"data":"Deadly Poison","floor":46,"key":"SMITH"},{"floor":49,"key":"REST"}],"neow_cost":"NONE","seed_source_timestamp":5546426793419,"circlet_count":0,"master_deck":["Defend_G","Defend_G","Defend_G","Defend_G+1","Strike_G","Survivor","Neutralize","Dagger Spray+1","Blur+1","Deadly Poison+1","Deadly Poison+1","Malaise+1","Deadly Poison+1","Footwork+1","Deflect","Deflect+1","Deadly Poison+1","Deadly Poison+1","Deflect+1","PiercingWail+1","Well Laid Plans+1","Leg Sweep+1","Noxious Fumes+1","Dodge and Roll"],"special_seed":0,"relics":["Ring of the Snake","Girya","Strawberry","Nloth\u0027s Gift","Bronze Scales","Ornamental Fan","Busted Crown","Oddly Smooth Stone","Anchor","Bag of Marbles","Orichalcum","Blood Vial"],"potions_floor_usage":[50,50,50],"damage_taken":[{"damage":0.0,"enemies":"2 Louse","floor":1.0,"turns":4.0},{"damage":0.0,"enemies":"Jaw Worm","floor":3.0,"turns":4.0},{"damage":0.0,"enemies":"Small Slimes","floor":4.0,"turns":2.0},{"damage":0.0,"enemies":"3 Louse","floor":10.0,"turns":3.0},{"damage":1.0,"enemies":"Lots of Slimes","floor":12.0,"turns":2.0},{"damage":23.0,"enemies":"3 Sentries","floor":13.0,"turns":10.0},{"damage":0.0,"enemies":"Looter","floor":14.0,"turns":3.0},{"damage":4.0,"enemies":"Hexaghost","floor":16.0,"turns":9.0},{"damage":0.0,"enemies":"Spheric Guardian","floor":18.0,"turns":5.0},{"damage":3.0,"enemies":"Shell Parasite","floor":20.0,"turns":5.0},{"damage":6.0,"enemies":"Centurion and Healer","floor":21.0,"turns":6.0},{"damage":3.0,"enemies":"Snake Plant","floor":22.0,"turns":4.0},{"damage":27.0,"enemies":"Slavers","floor":24.0,"turns":6.0},{"damage":0.0,"enemies":"Chosen and Byrds","floor":29.0,"turns":4.0},{"damage":6.0,"enemies":"Sentry and Sphere","floor":30.0,"turns":5.0},{"damage":0.0,"enemies":"Shelled Parasite and Fungi","floor":31.0,"turns":6.0},{"damage":19.0,"enemies":"Automaton","floor":33.0,"turns":13.0},{"damage":0.0,"enemies":"3 Shapes","floor":35.0,"turns":9.0},{"damage":0.0,"enemies":"3 Darklings","floor":39.0,"turns":5.0},{"damage":17.0,"enemies":"Reptomancer","floor":40.0,"turns":8.0},{"damage":8.0,"enemies":"Transient","floor":42.0,"turns":5.0},{"damage":22,"enemies":"Writhing Mass","floor":44,"turns":5},{"damage":18,"enemies":"Nemesis","floor":47,"turns":7},{"damage":0,"enemies":"Jaw Worm Horde","floor":48,"turns":5},{"damage":49,"enemies":"Donu and Deca","floor":50,"turns":12}],"seed_played":"-3398057725771743977","potions_obtained":[{"floor":3.0,"key":"PowerPotion"},{"floor":10.0,"key":"SpeedPotion"},{"floor":14.0,"key":"Dexterity Potion"},{"floor":16.0,"key":"Strength Potion"},{"floor":24.0,"key":"Explosive Potion"},{"floor":33.0,"key":"AttackPotion"},{"floor":44,"key":"Regen Potion"}],"is_trial":false,"path_per_floor":["M","?","M","M","?","R","?","R","T","M","$","M","E","M","R","B",null,"M","?","M","M","M","R","E","R","T","R","?","M","M","M","R","B",null,"M","?","$","?","M","E","R","M","T","M","$","R","E","M","R","B",null],"character_chosen":"THE_SILENT","items_purchased":["Oddly Smooth Stone","Noxious Fumes"],"campfire_rested":1,"item_purchase_floors":[37,37],"current_hp_per_floor":[77,62,62,62,62,62,62,62,62,62,62,61,45,45,45,41,84,84,84,81,75,72,72,45,45,45,45,45,45,39,39,39,20,84,84,84,84,84,84,67,67,59,59,37,37,37,19,21,46,14],"gold":93,"neow_bonus":"TEN_PERCENT_HP_BONUS","is_prod":false,"is_daily":false,"chose_seed":false,"campfire_upgraded":9,"win_rate":0.0,"timestamp":1543987203,"path_taken":["M","?","M","M","?","R","?","R","T","M","$","M","E","M","R","BOSS","M","?","?","M","M","R","E","R","T","R","?","M","M","?","R","BOSS","M","?","$","?","M","E","R","M","T","M","$","R","E","M","R","BOSS"],"build_version":"2018-11-15","purchased_purges":3,"victory":true,"max_hp_per_floor":[77,77,77,77,77,77,77,77,77,77,77,77,84,84,84,84,84,84,84,84,84,84,84,84,84,84,84,84,84,84,84,84,84,84,84,84,84,84,84,84,84,84,84,84,84,84,84,84,84,84],"card_choices":[{"not_picked":["PiercingWail","Acrobatics"],"picked":"Dagger Spray","floor":1.0},{"not_picked":["Well Laid Plans","Flying Knee"],"picked":"Blur","floor":3.0},{"not_picked":["Sucker Punch","Predator"],"picked":"Deadly Poison","floor":4.0},{"not_picked":["Tactician","Calculated Gamble","Acrobatics"],"picked":"SKIP","floor":10.0},{"not_picked":["PiercingWail","Eviscerate","Prepared"],"picked":"SKIP","floor":12.0},{"not_picked":["Outmaneuver","Crippling Poison","Dodge and Roll"],"picked":"SKIP","floor":13.0},{"not_picked":["PiercingWail","Night Terror","Deadly Poison"],"picked":"SKIP","floor":14.0},{"not_picked":["PiercingWail","Night Terror"],"picked":"Deadly Poison","floor":14.0},{"not_picked":["Wraith Form v2","Tools of the Trade"],"picked":"Malaise","floor":16.0},{"not_picked":["Riddle With Holes","Tactician"],"picked":"Deadly Poison","floor":17.0},{"not_picked":["Reflex","Die Die Die"],"picked":"Footwork","floor":17.0},{"not_picked":["Crippling Poison","Poisoned Stab"],"picked":"Deflect","floor":17.0},{"not_picked":["Dodge and Roll","Calculated Gamble"],"picked":"Deflect","floor":17.0},{"not_picked":["Underhanded Strike+1","Bouncing Flask"],"picked":"Deadly Poison","floor":18.0},{"not_picked":["Venomology","Prepared"],"picked":"Deadly Poison+1","floor":20.0},{"not_picked":["Blur","Skewer"],"picked":"Deflect","floor":21.0},{"not_picked":["Dash","Envenom"],"picked":"PiercingWail+1","floor":22.0},{"not_picked":["Slice","Prepared","Quick Slash"],"picked":"SKIP","floor":24.0},{"not_picked":["Deadly Poison+1","Quick Slash"],"picked":"Well Laid Plans+1","floor":29.0},{"not_picked":["Deadly Poison","Terror"],"picked":"Leg Sweep+1","floor":30.0},{"not_picked":["Dagger Throw","Choke","Deadly Poison"],"picked":"SKIP","floor":31.0},{"not_picked":["Crippling Poison"],"picked":"SKIP","floor":35.0},{"not_picked":["Poisoned Stab"],"picked":"SKIP","floor":39.0},{"not_picked":["Slice+1"],"picked":"SKIP","floor":40.0},{"not_picked":["Heel Hook"],"picked":"SKIP","floor":42.0},{"not_picked":["Flechettes"],"picked":"SKIP","floor":44},{"not_picked":[],"picked":"Dodge and Roll","floor":47},{"not_picked":["Doppelganger"],"picked":"SKIP","floor":48}],"player_experience":975,"relics_obtained":[{"floor":9.0,"key":"Girya"},{"floor":13.0,"key":"Strawberry"},{"floor":24.0,"key":"Bronze Scales"},{"floor":26.0,"key":"Ornamental Fan"},{"floor":40.0,"key":"Bag of Marbles"},{"floor":43.0,"key":"Orichalcum"},{"floor":47,"key":"Blood Vial"}],"event_choices":[{"damage_healed":0.0,"max_hp_gain":0.0,"max_hp_loss":0.0,"gold_gain":0.0,"event_name":"Shining Light","player_choice":"Entered Light","floor":2.0,"gold_loss":0.0,"damage_taken":15.0,"cards_upgraded":["Dagger Spray","Defend_G"]},{"damage_healed":0.0,"max_hp_gain":0.0,"max_hp_loss":0.0,"gold_gain":0.0,"event_name":"Liars Game","player_choice":"Ignored","floor":5.0,"gold_loss":0.0,"damage_taken":0.0},{"cards_removed":["Strike_G"],"damage_healed":0.0,"max_hp_gain":0.0,"max_hp_loss":0.0,"gold_gain":0.0,"event_name":"Living Wall","player_choice":"Forget","floor":7.0,"gold_loss":0.0,"damage_taken":0.0},{"damage_healed":0.0,"max_hp_gain":0.0,"max_hp_loss":0.0,"gold_gain":0.0,"event_name":"N\u0027loth","player_choice":"Traded Relic","floor":19.0,"relics_lost":["Orrery"],"gold_loss":0.0,"damage_taken":0.0,"relics_obtained":["Nloth\u0027s Gift"]},{"cards_removed":["Strike_G"],"damage_healed":0.0,"max_hp_gain":0.0,"max_hp_loss":0.0,"gold_gain":0.0,"event_name":"Designer","player_choice":"Upgrade and Remove","floor":28.0,"gold_loss":90.0,"damage_taken":0.0,"cards_upgraded":["Deadly Poison"]},{"damage_healed":0.0,"max_hp_gain":0.0,"max_hp_loss":0.0,"gold_gain":0.0,"event_name":"Tomb of Lord Red Mask","player_choice":"Ignored","floor":36.0,"gold_loss":0.0,"damage_taken":0.0},{"damage_healed":0.0,"max_hp_gain":0.0,"max_hp_loss":0.0,"gold_gain":0.0,"event_name":"WeMeetAgain","player_choice":"Paid Gold","floor":38.0,"gold_loss":96.0,"damage_taken":0.0,"relics_obtained":["Anchor"]}],"is_beta":false,"boss_relics":[{"not_picked":["White Beast Statue","WristBlade"],"picked":"Orrery"},{"not_picked":["Lizard Tail","Ring of the Serpent"],"picked":"Busted Crown"}],"items_purged_floors":[11,37,45],"is_endless":false,"potions_floor_spawned":[3,10,14,16,18,21,24,33,35,44],"ascension_level":0}