{"gold_per_floor":[119,119,139,154,172,172,24,24,24,42,42,83,83,44,44,175,175],"floor_reached":17,"playtime":868,"items_purged":["Injury"],"score":171,"play_id":"11f90927-c70d-43c3-969d-4963f82ea231","local_time":"20180718045418","is_ascension_mode":true,"campfire_choices":[{"floor":6.0,"key":"REST"},{"floor":8.0,"key":"REST"},{"data":"Bash","floor":11.0,"key":"SMITH"},{"floor":15,"key":"REST"}],"neow_cost":"","seed_source_timestamp":0,"circlet_count":0,"master_deck":["Strike_R","Strike_R","Strike_R","Strike_R","Strike_R","Defend_R","Defend_R","Defend_R","Defend_R","Bash+1","Shrug It Off","Iron Wave","Metallicize","Body Slam","Rage","Iron Wave","Double Tap","Parasite","Sever Soul","Impervious"],"special_seed":42036392590698,"relics":["Golden Idol","Bottled Flame","Shuriken","Eternal Feather"],"potions_floor_usage":[16,16,16],"damage_taken":[{"damage":3.0,"enemies":"Jaw Worm","floor":1.0,"turns":5.0},{"damage":4.0,"enemies":"2 Louse","floor":3.0,"turns":3.0},{"damage":0.0,"enemies":"Cultist","floor":4.0,"turns":4.0},{"damage":36.0,"enemies":"Large Slime","floor":5.0,"turns":7.0},{"damage":6.0,"enemies":"Looter","floor":10.0,"turns":3.0},{"damage":47,"enemies":"Lagavulin","floor":12,"turns":15},{"damage":63,"enemies":"Slime Boss","floor":16,"turns":14}],"seed_played":"-517305406609099730","potions_obtained":[{"floor":3.0,"key":"SpeedPotion"},{"floor":10.0,"key":"FearPotion"},{"floor":12,"key":"Swift Potion"},{"floor":16,"key":"BloodPotion"}],"is_trial":true,"path_per_floor":["M","?","M","M","M","R","$","R","T","M","R","E","?","$","R","B"],"character_chosen":"IRONCLAD","items_purchased":["Rage","Sever Soul"],"campfire_rested":3,"item_purchase_floors":[7,14],"current_hp_per_floor":[77,77,73,73,37,61,61,80,80,74,74,27,47,47,71,8,80],"gold":175,"neow_bonus":"","is_prod":false,"is_daily":false,"chose_seed":true,"campfire_upgraded":1,"win_rate":0,"timestamp":1531878858,"path_taken":["M","?","?","M","M","R","$","R","T","M","R","E","?","$","R","BOSS"],"build_version":"2018-07-12","purchased_purges":1,"victory":false,"max_hp_per_floor":[80,80,80,80,80,80,80,80,80,80,80,80,80,80,80,80,80],"card_choices":[{"not_picked":["Perfected Strike","Anger"],"picked":"Shrug It Off","floor":1.0},{"not_picked":["Shrug It Off","Rupture"],"picked":"Iron Wave","floor":3.0},{"not_picked":["Clothesline","Dual Wield"],"picked":"Metallicize","floor":4.0},{"not_picked":["Anger","Twin Strike"],"picked":"Body Slam","floor":5.0},{"not_picked":["Evolve","True Grit"],"picked":"Iron Wave","floor":10.0},{"not_picked":["Sword Boomerang","Metallicize"],"picked":"Double Tap","floor":12},{"not_picked":["Double Tap","Brutality"],"picked":"Impervious","floor":16}],"player_experience":132681,"relics_obtained":[{"floor":9.0,"key":"Bottled Flame"},{"floor":12,"key":"Shuriken"}],"event_choices":[{"event_name":"Golden Idol","player_choice":"Take Wound","floor":2.0,"damage_taken":0.0},{"event_name":"Mushrooms","player_choice":"Healed and dodged fight","floor":13,"damage_taken":0}],"boss_relics":[{"not_picked":["Fusion Hammer","Ectoplasm"],"picked":"Eternal Feather"}],"items_purged_floors":[7],"is_endless":false,"potions_floor_spawned":[3,10,12,16],"ascension_level":2}