{"path_per_floor":["M","?","?","M","M","E","$","R","T","R","?","?","R","M","R","B",null,"M","?","M","?","M","?","R","$","T","M","R","?","M","$","R"],"character_chosen":"THE_SILENT","items_purchased":["Kunai","Pen Nib","Bottled Tornado","Choke"],"gold_per_floor":[115,190,365,382,397,428,23,23,23,23,23,23,23,38,38,138,138,158,158,172,172,185,185,185,110,410,423,423,452,463,35,35,35],"floor_reached":33,"campfire_rested":3,"playtime":3246,"item_purchase_floors":[],"current_hp_per_floor":[70,59,59,59,59,51,51,51,51,51,44,44,44,44,65,23,70,51,51,45,45,33,33,54,54,54,52,52,34,6,6,27,0],"items_purged":["Doubt","Survivor"],"gold":35,"score":243,"play_id":"5ef1d107-88b6-4001-9921-31009dcee82d","local_time":"20180609120111","is_prod":false,"is_daily":false,"chose_seed":false,"is_ascension_mode":false,"campfire_upgraded":4,"win_rate":0.0,"timestamp":1528563671,"campfire_choices":[{"data":"Phantasmal Killer","floor":8.0,"key":"SMITH"},{"data":"Well Laid Plans","floor":10.0,"key":"SMITH"},{"data":"Venomology","floor":13.0,"key":"SMITH"},{"floor":15.0,"key":"REST"},{"floor":24,"key":"REST"},{"data":"Bouncing Flask","floor":28,"key":"SMITH"},{"floor":32,"key":"REST"}],"path_taken":["M","?","?","M","?","E","?","R","T","R","?","?","R","?","R","BOSS","M","?","M","?","M","?","R","$","T","?","R","?","M","$","R","BOSS"],"build_version":"2018-06-07v3","seed_source_timestamp":0,"purchased_purges":2,"victory":false,"master_deck":["Defend_G+1","Defend_G+1","Defend_G+1","Defend_G+1","Defend_G+1","Strike_G+1","Strike_G+1","Strike_G+1","Strike_G+1","Neutralize","Venomology+1","Flying Knee","Footwork","Well Laid Plans+1","Phantasmal Killer+1","Bouncing Flask+1","Bullet Time","Flying Knee","Bane","Backflip","Escape Plan","All Out Attack+1","Backflip","Choke"],"max_hp_per_floor":[70,70,70,70,70,70,70,70,70,70,70,70,70,70,70,70,70,70,70,70,70,70,70,70,70,70,70,70,70,70,70,70,70],"relics":["Ring of the Snake","Du-Vu Doll","Kunai","Pen Nib","The Specimen","Busted Crown","Frozen Egg 2","Old Coin","Red Mask","Bottled Tornado"],"card_choices":[{"not_picked":["Sucker Punch","Blur"],"picked":"Flying Knee","floor":1.0},{"not_picked":["Skewer","Deadly Poison"],"picked":"Footwork","floor":4.0},{"not_picked":["Prepared","Underhanded Strike"],"picked":"Well Laid Plans","floor":5.0},{"not_picked":["Skewer","PiercingWail"],"picked":"Phantasmal Killer","floor":6.0},{"not_picked":["Heel Hook","Dodge and Roll"],"picked":"Bouncing Flask","floor":14.0},{"not_picked":["Venomology","Glass Knife"],"picked":"Bullet Time","floor":16.0},{"not_picked":[],"picked":"Flying Knee","floor":18},{"not_picked":[],"picked":"Backflip","floor":20},{"not_picked":["Leg Sweep+1"],"picked":"SKIP","floor":22},{"not_picked":[],"picked":"Escape Plan","floor":27},{"not_picked":[],"picked":"All Out Attack+1","floor":29},{"not_picked":[],"picked":"Backflip","floor":30}],"player_experience":133182,"potions_floor_usage":[20,22,27,27,29,33,33],"damage_taken":[{"damage":0.0,"enemies":"2 Louse","floor":1.0,"turns":4.0},{"damage":0.0,"enemies":"Small Slimes","floor":4.0,"turns":4.0},{"damage":0.0,"enemies":"Cultist","floor":5.0,"turns":5.0},{"damage":8.0,"enemies":"3 Sentries","floor":6.0,"turns":15.0},{"damage":0.0,"enemies":"Looter","floor":14.0,"turns":4.0},{"damage":42.0,"enemies":"Hexaghost","floor":16.0,"turns":11.0},{"damage":19,"enemies":"Spheric Guardian","floor":18,"turns":8},{"damage":6,"enemies":"2 Thieves","floor":20,"turns":4},{"damage":12,"enemies":"Snake Plant","floor":22,"turns":5},{"damage":2,"enemies":"Centurion and Healer","floor":27,"turns":8},{"damage":18,"floor":29,"turns":5},{"damage":28,"enemies":"Slaver and Parasite","floor":30,"turns":6},{"damage":59,"enemies":"Automaton","floor":33,"turns":6}],"relics_obtained":[{"floor":6.0,"key":"Du-Vu Doll"},{"floor":9.0,"key":"The Specimen"},{"floor":26,"key":"Old Coin"},{"floor":29,"key":"Red Mask"}],"event_choices":[{"event_name":"World of Goop","player_choice":"Gather Gold","floor":2.0,"damage_taken":0.0},{"event_name":"Liars Game","player_choice":"agreed","floor":3.0,"damage_taken":0.0},{"event_name":"Golden Wing","player_choice":"Card Removal","floor":11.0,"damage_taken":0.0},{"event_name":"The Cleric","player_choice":"Leave","floor":12.0,"damage_taken":0.0},{"event_name":"The Library","player_choice":"Read","floor":19,"damage_taken":0},{"event_name":"Wheel of Change","player_choice":"Relic","floor":21,"damage_taken":0},{"event_name":"Back to Basics","player_choice":"Simplicity","floor":23,"damage_taken":0},{"event_name":"Masked Bandits","player_choice":"Fought over 423 gold","floor":29,"damage_taken":0}],"boss_relics":[{"not_picked":["Lizard Tail","Sozu"],"picked":"Busted Crown"}],"items_purged_floors":[25,31],"potions_floor_spawned":[5,14,30],"seed_played":"3133240054399604147","killed_by":"Automaton","ascension_level":0,"potions_obtained":[{"floor":5.0,"key":"AttackPotion"},{"floor":14.0,"key":"AttackPotion"},{"floor":30,"key":"FearPotion"}],"is_trial":false}