{"gold_per_floor":[109,129,149,74,74,101,101,130,130,161,161,436,455,98,98,199,199,218,231,231],"floor_reached":20,"playtime":2466,"items_purged":["Parasite","Bash"],"score":307,"play_id":"e3b35baa-cf79-4189-bd6b-2e9255ca9289","local_time":"20181209163316","is_ascension_mode":true,"campfire_choices":[{"floor":7,"key":"REST"},{"data":"True Grit","floor":11,"key":"SMITH"},{"data":"Armaments","floor":15,"key":"SMITH"}],"neow_cost":"CURSE","seed_source_timestamp":234075377560046,"circlet_count":0,"master_deck":["AscendersBane","Strike_R","Strike_R","Strike_R","Strike_R","Strike_R","Defend_R","Defend_R","Defend_R","Defend_R","True Grit+1","Armaments+1","Regret","Clash","Anger","Regret","Inflame","Juggernaut","Anger","Anger"],"relics":["Burning Blood","Mango","Blue Candle","Prayer Wheel","Oddly Smooth Stone","Nunchaku","Pantograph","Gremlin Horn","Cursed Key"],"potions_floor_usage":[6,8,16],"damage_taken":[{"damage":10,"enemies":"Cultist","floor":1,"turns":4},{"damage":2,"enemies":"Small Slimes","floor":2,"turns":4},{"damage":5,"enemies":"2 Louse","floor":3,"turns":3},{"damage":49,"enemies":"3 Sentries","floor":6,"turns":13},{"damage":21,"enemies":"Gremlin Nob","floor":8,"turns":4},{"damage":28,"enemies":"3 Sentries","floor":10,"turns":12},{"damage":2,"enemies":"Large Slime","floor":13,"turns":5},{"damage":72,"enemies":"Hexaghost","floor":16,"turns":12},{"damage":45,"enemies":"Chosen","floor":18,"turns":5},{"damage":14,"enemies":"3 Byrds","floor":19,"turns":5},{"damage":29,"enemies":"Colosseum Slavers","floor":20,"turns":2}],"seed_played":"5402096819492845694","potions_obtained":[{"floor":1,"key":"FearPotion"},{"floor":2,"key":"Regen Potion"},{"floor":8,"key":"Dexterity Potion"},{"floor":18,"key":"Fire Potion"}],"is_trial":false,"path_per_floor":["M","M","M","$","?","E","R","E","T","E","R","?","M","$","R","B",null,"M","M","?"],"character_chosen":"IRONCLAD","items_purchased":["Gremlin Horn"],"campfire_rested":1,"item_purchase_floors":[14],"current_hp_per_floor":[82,86,87,87,87,59,86,71,71,49,49,49,53,53,53,12,71,32,24,0],"gold":231,"neow_bonus":"ONE_RARE_RELIC","is_prod":false,"is_daily":false,"chose_seed":false,"campfire_upgraded":2,"win_rate":0,"timestamp":1544394796,"path_taken":["M","?","M","$","?","E","R","E","T","E","R","?","M","$","R","BOSS","M","?","?"],"build_version":"2018-12-06","purchased_purges":2,"victory":false,"max_hp_per_floor":[94,94,94,91,91,91,91,91,91,91,91,91,91,91,91,91,91,91,91,91],"card_choices":[{"not_picked":["Clash","Clothesline"],"picked":"True Grit","floor":1},{"not_picked":["Clothesline","Seeing Red"],"picked":"Armaments","floor":2},{"not_picked":["Thunderclap","True Grit","Wild Strike"],"picked":"SKIP","floor":3},{"not_picked":["True Grit","Havoc"],"picked":"Clash","floor":6},{"not_picked":["Twin Strike","Carnage"],"picked":"Anger","floor":8},{"not_picked":["Perfected Strike","Thunderclap","Infernal Blade"],"picked":"SKIP","floor":10},{"not_picked":["Pommel Strike","Wild Strike"],"picked":"Inflame","floor":13},{"not_picked":["Sever Soul","True Grit","Shrug It Off"],"picked":"SKIP","floor":13},{"not_picked":["Immolate","Bludgeon"],"picked":"Juggernaut","floor":16},{"not_picked":["Sword Boomerang","True Grit"],"picked":"Anger","floor":18},{"not_picked":["Reckless Charge","Cleave"],"picked":"Anger","floor":18},{"not_picked":["Clothesline","Flex","Shrug It Off"],"picked":"SKIP","floor":19},{"not_picked":["Uppercut","Sever Soul","Thunderclap"],"picked":"SKIP","floor":19}],"player_experience":443316,"relics_obtained":[{"floor":6,"key":"Prayer Wheel"},{"floor":8,"key":"Oddly Smooth Stone"},{"floor":9,"key":"Nunchaku"},{"floor":10,"key":"Pantograph"}],"event_choices":[{"damage_healed":0,"gold_gain":0,"player_choice":"Box","damage_taken":0,"relics_obtained":["Blue Candle"],"max_hp_gain":0,"max_hp_loss":0,"event_name":"Big Fish","floor":5,"gold_loss":0,"cards_obtained":["Regret"]},{"damage_healed":0,"gold_gain":275,"player_choice":"Desecrate","damage_taken":0,"max_hp_gain":0,"max_hp_loss":0,"event_name":"Golden Shrine","floor":12,"gold_loss":0,"cards_obtained":["Regret"]},{"damage_healed":0,"gold_gain":0,"player_choice":"Fight","damage_taken":0,"max_hp_gain":0,"max_hp_loss":0,"event_name":"Colosseum","floor":20,"gold_loss":0}],"is_beta":false,"boss_relics":[{"not_picked":["Snecko Eye","Pandora\u0027s Box"],"picked":"Cursed Key"}],"items_purged_floors":[4,14],"is_endless":false,"potions_floor_spawned":[1,2,8,18],"killed_by":"Colosseum Slavers","ascension_level":12}