{"gold_per_floor":[117,117,117,42,54,87,97,97,121,136,136,170,187,35,35,134,134,153,167,200,223,98,116,141,141,141,141,156,167,167,182,182,278,278,291,141,141,152,152,152,252,285,285,299,124,138,165,165,165,165],"floor_reached":51,"playtime":2454,"items_purged":["Strike_R","Strike_R","Defend_R+1","Wild Strike+1","Strike_R+1"],"score":885,"play_id":"45a2c4d7-0526-4eb4-90cc-e709f1b81ca3","local_time":"20190211114713","is_ascension_mode":false,"campfire_choices":[{"floor":8.0,"key":"REST"},{"floor":15.0,"key":"REST"},{"floor":27.0,"key":"REST"},{"floor":30.0,"key":"REST"},{"floor":32.0,"key":"REST"},{"data":"Shrug It Off","floor":40.0,"key":"SMITH"},{"floor":49.0,"key":"REST"}],"neow_cost":"NONE","seed_source_timestamp":53297344937346,"circlet_count":0,"master_deck":["Bash","Shrug It Off+1","Dropkick+1","Intimidate+1","Clash+1","Dropkick+1"],"special_seed":0,"relics":["Burning Blood","Whetstone","War Paint","Art of War","Astrolabe","Red Mask","Juzu Bracelet","Mummified Hand","Dodecahedron","Orrery","Shovel","Potion Belt","Pear","Dream Catcher","Gremlin Horn"],"potions_floor_usage":[50,50,50,50,50,50,50,50],"damage_taken":[{"damage":3.0,"enemies":"Jaw Worm","floor":1.0,"turns":4.0},{"damage":0.0,"enemies":"Small Slimes","floor":5.0,"turns":3.0},{"damage":48.0,"enemies":"Gremlin Nob","floor":6.0,"turns":5.0},{"damage":1.0,"enemies":"Cultist","floor":7.0,"turns":3.0},{"damage":4.0,"enemies":"Looter","floor":10.0,"turns":3.0},{"damage":35.0,"enemies":"Lagavulin","floor":12.0,"turns":8.0},{"damage":10.0,"enemies":"Red Slaver","floor":13.0,"turns":5.0},{"damage":67.0,"enemies":"Slime Boss","floor":16.0,"turns":19.0},{"damage":20.0,"enemies":"Spheric Guardian","floor":18.0,"turns":4.0},{"damage":0.0,"enemies":"Shell Parasite","floor":19.0,"turns":3.0},{"damage":12.0,"enemies":"Masked Bandits","floor":20.0,"turns":4.0},{"damage":0.0,"enemies":"Snecko","floor":23.0,"turns":3.0},{"damage":69.0,"enemies":"Slavers","floor":24.0,"turns":7.0},{"damage":7.0,"enemies":"Shelled Parasite and Fungi","floor":28.0,"turns":3.0},{"damage":0.0,"enemies":"Snake Plant","floor":29.0,"turns":2.0},{"damage":0.0,"enemies":"Cultist and Chosen","floor":31.0,"turns":4.0},{"damage":84.0,"enemies":"Automaton","floor":33.0,"turns":10.0},{"damage":0.0,"enemies":"3 Darklings","floor":35.0,"turns":3.0},{"damage":0.0,"enemies":"Orb Walker","floor":38.0,"turns":1.0},{"damage":0.0,"enemies":"Mind Bloom Boss Battle","floor":41.0,"turns":3.0},{"damage":0.0,"enemies":"Nemesis","floor":42.0,"turns":2.0},{"damage":22.0,"enemies":"Sphere and 2 Shapes","floor":44.0,"turns":4.0},{"damage":0.0,"enemies":"Transient","floor":46.0,"turns":2.0},{"damage":0.0,"enemies":"Giant Head","floor":47.0,"turns":2.0},{"damage":30,"enemies":"Awakened One","floor":50,"turns":4}],"seed_played":"6408354703696914543","potions_obtained":[{"floor":5.0,"key":"Ancient Potion"},{"floor":10.0,"key":"Fire Potion"},{"floor":11.0,"key":"EntropicBrew"},{"floor":23.0,"key":"Poison Potion"},{"floor":24.0,"key":"AttackPotion"},{"floor":28.0,"key":"SteroidPotion"},{"floor":33.0,"key":"Fire Potion"},{"floor":41.0,"key":"EntropicBrew"},{"floor":42.0,"key":"Dexterity Potion"},{"floor":44.0,"key":"GamblersBrew"}],"is_trial":false,"path_per_floor":["M","?","?","$","M","E","M","R","T","M","?","E","M","$","R","B",null,"M","M","?","T","$","M","E","$","T","R","M","M","R","M","R","B",null,"M","$","?","M","?","R","?","E","T","M","$","M","E","T","R","B",null],"character_chosen":"IRONCLAD","items_purchased":["Shrug It Off"],"campfire_rested":6,"item_purchase_floors":[14],"current_hp_per_floor":[88,88,88,88,88,46,51,77,77,79,79,50,46,46,72,11,88,74,80,74,74,74,80,17,17,17,43,42,48,74,80,88,10,88,88,88,88,88,88,88,88,88,98,82,82,88,94,94,98,74],"gold":165,"neow_bonus":"TEN_PERCENT_HP_BONUS","is_prod":false,"is_daily":false,"chose_seed":false,"campfire_upgraded":1,"win_rate":0,"timestamp":1549874833,"path_taken":["M","?","?","$","?","E","M","R","T","M","?","E","?","$","R","BOSS","M","M","?","?","$","M","E","?","T","R","M","M","R","M","R","BOSS","M","$","?","M","?","R","?","E","T","M","$","M","E","?","R","BOSS"],"build_version":"2019-01-23","purchased_purges":5,"victory":true,"max_hp_per_floor":[88,88,88,88,88,88,88,88,88,88,88,88,88,88,88,88,88,88,88,88,88,88,88,88,88,88,88,88,88,88,88,88,88,88,88,88,88,88,88,88,88,88,98,98,98,98,98,98,98,98],"card_choices":[{"not_picked":["Heavy Blade","Blood for Blood","Fire Breathing"],"picked":"SKIP","floor":1.0},{"not_picked":["Power Through","Headbutt","Warcry"],"picked":"SKIP","floor":5.0},{"not_picked":["Body Slam","Dark Embrace","Twin Strike"],"picked":"SKIP","floor":6.0},{"not_picked":["Body Slam","Dark Embrace","Twin Strike"],"picked":"SKIP","floor":6.0},{"not_picked":["Body Slam","Cleave","Whirlwind"],"picked":"SKIP","floor":7.0},{"not_picked":["Anger","Fire Breathing","Shockwave"],"picked":"SKIP","floor":10.0},{"not_picked":["Exhume","Bludgeon","Thunderclap"],"picked":"SKIP","floor":12.0},{"not_picked":["Cleave","Carnage","Thunderclap"],"picked":"SKIP","floor":13.0},{"not_picked":["Uppercut+1","Pommel Strike"],"picked":"Clash+1","floor":18.0},{"not_picked":["Pommel Strike","Body Slam","Havoc"],"picked":"SKIP","floor":19.0},{"not_picked":["Headbutt+1","Searing Blow","Combust"],"picked":"SKIP","floor":23.0},{"not_picked":["Headbutt","True Grit","Spot Weakness"],"picked":"SKIP","floor":24.0},{"not_picked":["Body Slam","Limit Break","Pommel Strike"],"picked":"SKIP","floor":28.0},{"not_picked":["Thunderclap","Iron Wave","Anger"],"picked":"SKIP","floor":29.0},{"not_picked":["Anger","Rampage","Power Through"],"picked":"SKIP","floor":31.0},{"not_picked":["Rupture","Fire Breathing"],"picked":"Dropkick+1","floor":34.0},{"not_picked":["Pummel+1","Warcry+1","Juggernaut"],"picked":"SKIP","floor":35.0},{"not_picked":["Thunderclap","Anger+1","Shrug It Off+1"],"picked":"SKIP","floor":38.0},{"not_picked":["Seeing Red+1","Clothesline+1","Rampage+1"],"picked":"SKIP","floor":42.0},{"not_picked":["Seeing Red+1","Clothesline+1","Rampage+1"],"picked":"SKIP","floor":42.0},{"not_picked":["Body Slam+1","Hemokinesis","Burning Pact"],"picked":"SKIP","floor":44.0},{"not_picked":["Perfected Strike+1","Thunderclap+1","Pommel Strike+1"],"picked":"SKIP","floor":46.0},{"not_picked":["Clash","Hemokinesis+1","Shrug It Off"],"picked":"SKIP","floor":47.0}],"player_experience":302455,"relics_obtained":[{"floor":6.0,"key":"Whetstone"},{"floor":9.0,"key":"War Paint"},{"floor":12.0,"key":"Art of War"},{"floor":20.0,"key":"Red Mask"},{"floor":21.0,"key":"Juzu Bracelet"},{"floor":24.0,"key":"Mummified Hand"},{"floor":26.0,"key":"Dodecahedron"},{"floor":41.0,"key":"Shovel"},{"floor":42.0,"key":"Potion Belt"},{"floor":43.0,"key":"Pear"},{"floor":47.0,"key":"Dream Catcher"},{"floor":48.0,"key":"Gremlin Horn"}],"event_choices":[{"cards_removed":["Defend_R"],"damage_healed":0.0,"max_hp_gain":0.0,"max_hp_loss":0.0,"gold_gain":0.0,"event_name":"Living Wall","player_choice":"Forget","floor":2.0,"gold_loss":0.0,"damage_taken":0.0},{"cards_removed":["Defend_R"],"damage_healed":0.0,"max_hp_gain":0.0,"max_hp_loss":0.0,"gold_gain":0.0,"event_name":"Purifier","player_choice":"Purged","floor":3.0,"gold_loss":0.0,"damage_taken":0.0},{"damage_healed":0.0,"max_hp_gain":0.0,"max_hp_loss":0.0,"gold_gain":0.0,"event_name":"Lab","player_choice":"Got Potions","floor":11.0,"gold_loss":0.0,"damage_taken":0.0},{"damage_healed":0.0,"max_hp_gain":0.0,"max_hp_loss":0.0,"gold_gain":0.0,"event_name":"Masked Bandits","player_choice":"Fought Bandits","floor":20.0,"gold_loss":0.0,"damage_taken":0.0},{"damage_healed":0.0,"max_hp_gain":0.0,"max_hp_loss":0.0,"gold_gain":0.0,"event_name":"SensoryStone","player_choice":"Memory 1","floor":37.0,"gold_loss":0.0,"damage_taken":0.0},{"damage_healed":0.0,"max_hp_gain":0.0,"max_hp_loss":0.0,"gold_gain":0.0,"event_name":"SecretPortal","player_choice":"Ignored","floor":39.0,"gold_loss":0.0,"damage_taken":0.0},{"damage_healed":0.0,"max_hp_gain":0.0,"max_hp_loss":0.0,"gold_gain":0.0,"event_name":"MindBloom","player_choice":"Fight","floor":41.0,"gold_loss":0.0,"damage_taken":0.0}],"is_beta":false,"boss_relics":[{"not_picked":["Ectoplasm","Black Star"],"picked":"Astrolabe"},{"not_picked":["Eternal Feather","White Beast Statue"],"picked":"Orrery"}],"items_purged_floors":[4,14,22,36,45],"is_endless":false,"potions_floor_spawned":[5,10,13,23,24,28,29,33,41,42,44],"ascension_level":0}