{"gold_per_floor":[118,118,68,87,106,106,106,106,129,144,179,189,189,64,64,160,160,177,68,68,68,84,84,94,113,113,113,123,123,123,223,223,318,318,334,164,164,212,212,212,231,247,317,277,287,32,0,0,0,0],"floor_reached":50,"playtime":5311,"items_purged":["Regret"],"score":463,"play_id":"1f9c0aa4-7408-47b3-ac6a-0d408dbf3ea9","local_time":"20190206134835","is_ascension_mode":false,"campfire_choices":[{"floor":6.0,"key":"REST"},{"data":"After Image","floor":8.0,"key":"SMITH"},{"data":"Blade Dance","floor":15.0,"key":"SMITH"},{"data":"Acrobatics","floor":23.0,"key":"SMITH"},{"floor":30.0,"key":"REST"},{"floor":32.0,"key":"REST"},{"floor":40.0,"key":"REST"},{"floor":49.0,"key":"REST"}],"neow_cost":"NONE","seed_source_timestamp":0,"circlet_count":0,"master_deck":["Defend_G","Defend_G","Defend_G","Defend_G","Strike_G","Strike_G","Strike_G","Strike_G","Strike_G","Neutralize","Backflip","Quick Slash","After Image+1","Flying Knee","Blade Dance+1","Sucker Punch","Blade Dance+1","A Thousand Cuts","Flash of Steel+1","Slice+1","Terror","Acrobatics+1","Accuracy+1","Finisher+1","Expertise+1","Unload+1","Distraction+1","Outmaneuver+1","Prepared+1","Expertise+1","Deflect+1"],"special_seed":0,"relics":["Sozu","Juzu Bracelet","Gremlin Horn","Lantern","Kunai","Molten Egg 2","Philosopher\u0027s Stone","Toxic Egg 2","Busted Crown","Strawberry","Girya","Blue Candle","Bottled Tornado","Red Mask"],"potions_floor_usage":[],"damage_taken":[{"damage":0.0,"enemies":"2 Louse","floor":1.0,"turns":2.0},{"damage":10.0,"enemies":"Small Slimes","floor":4.0,"turns":4.0},{"damage":0.0,"enemies":"Cultist","floor":5.0,"turns":3.0},{"damage":2.0,"enemies":"3 Louse","floor":10.0,"turns":3.0},{"damage":6.0,"enemies":"3 Sentries","floor":11.0,"turns":10.0},{"damage":1.0,"enemies":"Blue Slaver","floor":12.0,"turns":4.0},{"damage":9.0,"enemies":"Slime Boss","floor":16.0,"turns":13.0},{"damage":0.0,"enemies":"Spheric Guardian","floor":18.0,"turns":3.0},{"damage":0.0,"enemies":"Chosen","floor":22.0,"turns":2.0},{"damage":21.0,"enemies":"Centurion and Healer","floor":24.0,"turns":4.0},{"damage":17.0,"enemies":"Snake Plant","floor":25.0,"turns":4.0},{"damage":5.0,"enemies":"Cultist and Chosen","floor":28.0,"turns":4.0},{"damage":27.0,"enemies":"Champ","floor":33.0,"turns":8.0},{"damage":5.0,"enemies":"3 Shapes","floor":35.0,"turns":4.0},{"damage":21.0,"enemies":"2 Orb Walkers","floor":38.0,"turns":3.0},{"damage":1.0,"enemies":"Orb Walker","floor":41.0,"turns":3.0},{"damage":9.0,"enemies":"Maw","floor":42.0,"turns":5.0},{"damage":25.0,"enemies":"Spire Growth","floor":45.0,"turns":3.0},{"damage":74,"enemies":"Time Eater","floor":50,"turns":8}],"seed_played":"-8642223895266979091","potions_obtained":[],"is_trial":false,"path_per_floor":["M","?","?","M","M","R","?","R","T","M","E","M","T","$","R","B",null,"M","$","?","?","M","R","M","M","T","?","M","?","R","?","R","B",null,"M","$","?","?","?","R","M","M","T","?","M","$","?","$","R","B"],"character_chosen":"THE_SILENT","items_purchased":["Blade Dance","Flash of Steel+1","Slice+1","Outmaneuver+1","Strawberry","Bottled Tornado"],"campfire_rested":5,"item_purchase_floors":[14,19,19,36,36,46],"current_hp_per_floor":[70,67,67,57,57,70,70,70,70,68,62,61,61,61,61,52,70,70,70,70,70,70,70,49,32,32,19,14,14,36,36,58,31,75,70,77,77,56,56,80,79,70,70,70,45,45,45,45,69,0],"gold":0,"neow_bonus":"BOSS_RELIC","is_prod":false,"is_daily":false,"chose_seed":false,"campfire_upgraded":3,"win_rate":0,"timestamp":1549450115,"path_taken":["M","?","?","M","M","R","?","R","T","M","E","M","?","?","R","BOSS","M","$","?","?","M","R","M","M","T","?","M","?","R","?","R","BOSS","M","$","?","?","?","R","M","M","T","?","M","?","?","$","R","BOSS"],"build_version":"2019-01-23","purchased_purges":1,"victory":false,"max_hp_per_floor":[70,70,70,70,70,70,70,70,70,70,70,70,70,70,70,70,70,70,70,70,70,70,70,70,70,70,75,75,75,75,75,75,75,75,75,82,82,82,82,82,82,82,82,82,82,82,82,82,82,82],"card_choices":[{"not_picked":["Outmaneuver","Tactician"],"picked":"Backflip","floor":1.0},{"not_picked":["Backflip","Accuracy"],"picked":"Quick Slash","floor":4.0},{"not_picked":["PiercingWail","Underhanded Strike"],"picked":"After Image","floor":5.0},{"not_picked":["Eviscerate","Underhanded Strike"],"picked":"Flying Knee","floor":10.0},{"not_picked":["Flechettes","Distraction"],"picked":"Blade Dance","floor":11.0},{"not_picked":["Quick Slash","Riddle With Holes"],"picked":"Sucker Punch","floor":12.0},{"not_picked":["Malaise","Burst"],"picked":"A Thousand Cuts","floor":16.0},{"not_picked":["Bane+1","Dodge and Roll","PiercingWail"],"picked":"SKIP","floor":18.0},{"not_picked":["Heel Hook+1","Dodge and Roll+1"],"picked":"Acrobatics","floor":22.0},{"not_picked":["Cloak And Dagger","Caltrops+1"],"picked":"Accuracy+1","floor":24.0},{"not_picked":["PiercingWail","Heel Hook+1"],"picked":"Finisher+1","floor":25.0},{"not_picked":["Flying Knee+1","Concentrate+1"],"picked":"Expertise+1","floor":28.0},{"not_picked":["Malaise+1","Wraith Form v2"],"picked":"Unload+1","floor":33.0},{"not_picked":[],"picked":"Distraction+1","floor":35.0},{"not_picked":["Backflip+1"],"picked":"SKIP","floor":41.0},{"not_picked":["Sucker Punch+1"],"picked":"SKIP","floor":42.0},{"not_picked":[],"picked":"Deflect+1","floor":45.0}],"player_experience":209028,"relics_obtained":[{"floor":9.0,"key":"Lantern"},{"floor":11.0,"key":"Kunai"},{"floor":13.0,"key":"Molten Egg 2"},{"floor":26.0,"key":"Toxic Egg 2"},{"floor":38.0,"key":"Girya"},{"floor":43.0,"key":"Blue Candle"}],"event_choices":[{"damage_healed":0.0,"max_hp_gain":0.0,"max_hp_loss":0.0,"gold_gain":0.0,"event_name":"Scrap Ooze","player_choice":"Success","floor":2.0,"gold_loss":0.0,"damage_taken":3.0,"relics_obtained":["Juzu Bracelet"]},{"cards_removed":["Survivor"],"damage_healed":0.0,"max_hp_gain":0.0,"max_hp_loss":0.0,"gold_gain":0.0,"event_name":"The Cleric","player_choice":"Card Removal","floor":3.0,"gold_loss":50.0,"damage_taken":0.0},{"damage_healed":0.0,"max_hp_gain":0.0,"max_hp_loss":0.0,"gold_gain":0.0,"event_name":"Big Fish","player_choice":"Box","floor":7.0,"gold_loss":0.0,"damage_taken":0.0,"relics_obtained":["Gremlin Horn"],"cards_obtained":["Regret"]},{"damage_healed":0.0,"max_hp_gain":0.0,"max_hp_loss":0.0,"gold_gain":0.0,"event_name":"The Library","player_choice":"Read","floor":20.0,"gold_loss":0.0,"damage_taken":0.0,"cards_obtained":["Terror"]},{"damage_healed":0.0,"max_hp_gain":0.0,"max_hp_loss":0.0,"gold_gain":0.0,"event_name":"Beggar","player_choice":"Ignored","floor":21.0,"gold_loss":0.0,"damage_taken":0.0},{"damage_healed":0.0,"max_hp_gain":5.0,"max_hp_loss":0.0,"gold_gain":0.0,"event_name":"Forgotten Altar","player_choice":"Shed Blood","floor":27.0,"gold_loss":0.0,"damage_taken":18.0},{"damage_healed":0.0,"max_hp_gain":0.0,"max_hp_loss":0.0,"gold_gain":0.0,"event_name":"The Woman in Blue","player_choice":"Bought 0 Potions","floor":29.0,"gold_loss":0.0,"damage_taken":0.0},{"damage_healed":0.0,"max_hp_gain":0.0,"max_hp_loss":0.0,"gold_gain":100.0,"event_name":"Golden Shrine","player_choice":"Pray","floor":31.0,"gold_loss":0.0,"damage_taken":0.0},{"cards_removed":["Defend_G"],"damage_healed":0.0,"max_hp_gain":0.0,"max_hp_loss":0.0,"gold_gain":0.0,"event_name":"Wheel of Change","player_choice":"Card Removal","floor":37.0,"gold_loss":0.0,"damage_taken":0.0},{"damage_healed":0.0,"max_hp_gain":0.0,"max_hp_loss":0.0,"gold_gain":0.0,"event_name":"Mysterious Sphere","player_choice":"Fight","floor":38.0,"gold_loss":0.0,"damage_taken":0.0},{"damage_healed":0.0,"max_hp_gain":0.0,"max_hp_loss":0.0,"gold_gain":0.0,"event_name":"Match and Keep!","player_choice":"2 cards matched","floor":39.0,"gold_loss":0.0,"damage_taken":0.0,"cards_obtained":["Prepared","Expertise"]},{"damage_healed":0.0,"max_hp_gain":0.0,"max_hp_loss":0.0,"gold_gain":0.0,"event_name":"Designer","player_choice":"Upgrade","floor":44.0,"gold_loss":40.0,"damage_taken":0.0,"cards_upgraded":["Blade Dance"]},{"damage_healed":0.0,"max_hp_gain":0.0,"max_hp_loss":0.0,"gold_gain":0.0,"event_name":"Tomb of Lord Red Mask","player_choice":"Paid","floor":47.0,"gold_loss":32.0,"damage_taken":0.0,"relics_obtained":["Red Mask"]}],"is_beta":false,"boss_relics":[{"not_picked":["Coffee Dripper","Ectoplasm"],"picked":"Philosopher\u0027s Stone"},{"not_picked":["Orrery","Runic Dome"],"picked":"Busted Crown"}],"items_purged_floors":[14],"is_endless":false,"potions_floor_spawned":[4,10,22,28,41,42,45],"killed_by":"Time Eater","ascension_level":0}