{"gold_per_floor":[111,286,173,173,25,51,51,84,96,127,139,151,163,188,200,315,327,349,217,230,12,12,45,45,22,93,93,125,224,257,257,257,257],"floor_reached":33,"playtime":1196,"items_purged":["Doubt","Pain"],"score":314,"play_id":"bf3da7a5-aac4-43ad-9496-7f5884d15cd1","local_time":"20190213150839","is_ascension_mode":true,"campfire_choices":[{"floor":7.0,"key":"REST"},{"floor":15.0,"key":"REST"},{"floor":24.0,"key":"REST"},{"floor":27.0,"key":"REST"},{"floor":32.0,"key":"REST"}],"neow_cost":"NONE","seed_source_timestamp":61007967037022,"circlet_count":0,"master_deck":["Defend_G","Defend_G","Defend_G","Defend_G+1","Defend_G","Strike_G","Strike_G","Strike_G","Strike_G","Strike_G","Survivor+1","Neutralize","Accuracy+1","Blade Dance","Blade Dance","Flying Knee","Night Terror+1","Flying Knee","Phantasmal Killer+1","PiercingWail+1","Accuracy","Choke","Blade Dance+1"],"special_seed":0,"relics":["Ring of the Snake","WarpedTongs","War Paint","MawBank","Toxic Egg 2","Omamori","Fusion Hammer","Pen Nib","Juzu Bracelet","Ninja Scroll","Mercury Hourglass","Red Mask","Paper Crane"],"potions_floor_usage":[33],"damage_taken":[{"damage":0.0,"enemies":"2 Louse","floor":1.0,"turns":5.0},{"damage":39.0,"enemies":"Gremlin Nob","floor":6.0,"turns":6.0},{"damage":14.0,"enemies":"3 Sentries","floor":8.0,"turns":10.0},{"damage":0.0,"enemies":"Jaw Worm","floor":10.0,"turns":4.0},{"damage":6.0,"enemies":"Cultist","floor":14.0,"turns":3.0},{"damage":21.0,"enemies":"Slime Boss","floor":16.0,"turns":9.0},{"damage":20.0,"enemies":"3 Byrds","floor":18.0,"turns":5.0},{"damage":0.0,"enemies":"Spheric Guardian","floor":20.0,"turns":2.0},{"damage":36.0,"enemies":"Book of Stabbing","floor":23.0,"turns":6.0},{"damage":16.0,"enemies":"Masked Bandits","floor":28.0,"turns":3.0},{"damage":42.0,"enemies":"Slavers","floor":30.0,"turns":5.0},{"damage":39,"enemies":"Automaton","floor":33,"turns":4}],"seed_played":"-822394422130499815","potions_obtained":[{"floor":1.0,"key":"Weak Potion"},{"floor":10.0,"key":"AttackPotion"},{"floor":18.0,"key":"AttackPotion"},{"floor":30.0,"key":"Strength Potion"}],"is_trial":false,"path_per_floor":["M","?","$","?","$","E","R","E","T","M","$","?","T","M","R","B",null,"M","$","M","$","?","E","R","$","T","R","?","?","E","?","R","B"],"character_chosen":"THE_SILENT","items_purchased":["Accuracy","Blade Dance","Pen Nib","Accuracy","Juzu Bracelet","Blade Dance+1"],"campfire_rested":5,"item_purchase_floors":[3,5,19,21,21,25],"current_hp_per_floor":[77,77,77,77,77,38,61,47,47,47,47,47,47,41,64,43,77,57,57,57,57,57,21,44,44,44,67,51,51,9,9,32,0],"gold":257,"neow_bonus":"TEN_PERCENT_HP_BONUS","is_prod":false,"is_daily":false,"chose_seed":false,"campfire_upgraded":0,"win_rate":0,"timestamp":1550059719,"path_taken":["M","?","?","?","$","E","R","E","T","?","$","?","?","?","R","BOSS","M","$","M","$","?","E","R","$","T","R","?","?","E","?","R","BOSS"],"build_version":"2019-01-23","purchased_purges":2,"victory":false,"max_hp_per_floor":[77,77,77,77,77,77,77,77,77,77,77,77,77,77,77,77,77,77,77,77,77,77,77,77,77,77,77,77,77,77,77,77,77],"card_choices":[{"not_picked":["Calculated Gamble","Reflex","Underhanded Strike"],"picked":"SKIP","floor":1.0},{"not_picked":["Concentrate","Endless Agony"],"picked":"Blade Dance","floor":6.0},{"not_picked":["Expertise","All Out Attack"],"picked":"Flying Knee","floor":8.0},{"not_picked":["Flying Knee","Poisoned Stab"],"picked":"Night Terror+1","floor":10.0},{"not_picked":["Prepared+1","Poisoned Stab"],"picked":"Flying Knee","floor":14.0},{"not_picked":["Wraith Form v2","Corpse Explosion+1"],"picked":"Phantasmal Killer+1","floor":16.0},{"not_picked":["Underhanded Strike","Acrobatics+1"],"picked":"PiercingWail+1","floor":18.0},{"not_picked":["Deadly Poison+1","Dagger Throw","Setup+1"],"picked":"SKIP","floor":20.0},{"not_picked":["Backflip+1","Dash"],"picked":"Choke","floor":23.0},{"not_picked":["Quick Slash","Malaise+1","Underhanded Strike"],"picked":"SKIP","floor":30.0}],"player_experience":382517,"relics_obtained":[{"floor":6.0,"key":"War Paint"},{"floor":8.0,"key":"MawBank"},{"floor":9.0,"key":"Toxic Egg 2"},{"floor":13.0,"key":"Omamori"},{"floor":23.0,"key":"Ninja Scroll"},{"floor":26.0,"key":"Mercury Hourglass"},{"floor":28.0,"key":"Red Mask"},{"floor":30.0,"key":"Paper Crane"}],"event_choices":[{"damage_healed":0.0,"max_hp_gain":0.0,"max_hp_loss":0.0,"gold_gain":175.0,"event_name":"Liars Game","player_choice":"AGREE","floor":2.0,"gold_loss":0.0,"damage_taken":0.0,"cards_obtained":["Doubt"]},{"damage_healed":0.0,"max_hp_gain":0.0,"max_hp_loss":0.0,"gold_gain":0.0,"event_name":"Accursed Blacksmith","player_choice":"Rummage","floor":4.0,"gold_loss":0.0,"damage_taken":0.0,"relics_obtained":["WarpedTongs"],"cards_obtained":["Pain"]},{"damage_healed":0.0,"max_hp_gain":0.0,"max_hp_loss":0.0,"gold_gain":0.0,"event_name":"Living Wall","player_choice":"Grow","floor":12.0,"gold_loss":0.0,"damage_taken":0.0,"cards_upgraded":["Accuracy"]},{"damage_healed":0.0,"max_hp_gain":0.0,"max_hp_loss":0.0,"gold_gain":0.0,"event_name":"Vampires","player_choice":"Ignored","floor":22.0,"gold_loss":0.0,"damage_taken":0.0},{"damage_healed":0.0,"max_hp_gain":0.0,"max_hp_loss":0.0,"gold_gain":0.0,"event_name":"Masked Bandits","player_choice":"Fought Bandits","floor":28.0,"gold_loss":0.0,"damage_taken":0.0},{"damage_healed":0.0,"max_hp_gain":0.0,"max_hp_loss":0.0,"gold_gain":99.0,"event_name":"Nest","player_choice":"Stole From Cult","floor":29.0,"gold_loss":0.0,"damage_taken":0.0},{"damage_healed":0.0,"max_hp_gain":0.0,"max_hp_loss":0.0,"gold_gain":0.0,"event_name":"Cursed Tome","player_choice":"Ignored","floor":31.0,"gold_loss":0.0,"damage_taken":0.0}],"is_beta":false,"boss_relics":[{"not_picked":["Ring of the Serpent","Orrery"],"picked":"Fusion Hammer"}],"items_purged_floors":[3,5],"is_endless":false,"potions_floor_spawned":[1,10,18,30],"killed_by":"Automaton","ascension_level":2}