{"gold_per_floor":[363,363,380,391,278,278,308,308,308,208,208,208,208,37,37,139,139,153,153,167,177,187,187,187,37,88,88,99,117,117,167,167,262,262,272,422,472,297,317,317,332,332,379,429,448,477,527,577,577,577],"floor_reached":51,"playtime":2007,"items_purged":["Defend_R","Strike_R","Defend_R","Strike_R","Defend_R+1"],"score":771,"play_id":"d01771a1-7736-4289-ad1f-d7a77888ab2d","local_time":"20190212074806","is_ascension_mode":false,"campfire_choices":[{"floor":6.0,"key":"REST"},{"floor":8.0,"key":"REST"},{"floor":11.0,"key":"DIG"},{"floor":15.0,"key":"DIG"},{"floor":23.0,"key":"REST"},{"floor":32.0,"key":"REST"},{"floor":40.0,"key":"DIG"},{"data":"Shrug It Off","floor":42,"key":"SMITH"},{"floor":49,"key":"DIG"}],"neow_cost":"PERCENT_DAMAGE","seed_source_timestamp":36545239320215,"circlet_count":0,"master_deck":["Strike_R+1","Strike_R","Strike_R","Defend_R+1","Bash+1","Dropkick","Shrug It Off+1","Dropkick","Clash","Dropkick"],"special_seed":0,"relics":["Burning Blood","Shovel","Shuriken","War Paint","Omamori","Pantograph","Sozu","Juzu Bracelet","Strawberry","SsserpentHead","Enchiridion","Runic Dome","Charon\u0027s Ashes","Ginger","Art of War","Regal Pillow","Bag of Marbles","Blue Candle"],"potions_floor_usage":[],"damage_taken":[{"damage":0.0,"enemies":"2 Louse","floor":1.0,"turns":3.0},{"damage":6.0,"enemies":"Jaw Worm","floor":3.0,"turns":4.0},{"damage":1.0,"enemies":"Cultist","floor":4.0,"turns":3.0},{"damage":41.0,"enemies":"3 Sentries","floor":7.0,"turns":10.0},{"damage":72.0,"enemies":"The Guardian","floor":16.0,"turns":12.0},{"damage":8.0,"enemies":"Shell Parasite","floor":18.0,"turns":4.0},{"damage":16.0,"enemies":"Spheric Guardian","floor":20.0,"turns":4.0},{"damage":7.0,"enemies":"Chosen and Byrds","floor":21.0,"turns":4.0},{"damage":30.0,"enemies":"Sentry and Sphere","floor":22.0,"turns":6.0},{"damage":20.0,"enemies":"Shelled Parasite and Fungi","floor":28.0,"turns":3.0},{"damage":12.0,"enemies":"Chosen and Byrds","floor":29.0,"turns":5.0},{"damage":43.0,"enemies":"Champ","floor":33.0,"turns":10.0},{"damage":14.0,"enemies":"3 Darklings","floor":35.0,"turns":3.0},{"damage":18.0,"enemies":"Mind Bloom Boss Battle","floor":36.0,"turns":4.0},{"damage":0.0,"enemies":"Orb Walker","floor":39.0,"turns":2.0},{"damage":0.0,"enemies":"Transient","floor":41.0,"turns":5.0},{"damage":5,"enemies":"Writhing Mass","floor":45,"turns":4},{"damage":27,"enemies":"Reptomancer","floor":46,"turns":5},{"damage":82,"enemies":"Time Eater","floor":50,"turns":8}],"seed_played":"4754319776859835371","potions_obtained":[{"floor":4.0,"key":"Swift Potion"}],"is_trial":false,"path_per_floor":["M","?","M","M","$","R","E","R","T","$","R","?","T","$","R","B",null,"M","?","M","M","M","R","?","$","T","?","M","M","?","?","R","B",null,"M","?","?","$","M","R","M","R","T","?","M","E","?","?","R","B",null],"character_chosen":"IRONCLAD","items_purchased":["Dropkick","Shrug It Off"],"campfire_rested":4,"item_purchase_floors":[5,14],"current_hp_per_floor":[62,46,46,51,51,75,40,64,64,64,64,64,64,64,64,14,80,78,78,68,67,43,67,67,67,67,74,60,54,54,38,64,50,87,79,75,75,75,81,81,87,87,87,87,87,66,66,66,66,7],"gold":577,"neow_bonus":"TWO_FIFTY_GOLD","is_prod":false,"is_daily":false,"chose_seed":false,"campfire_upgraded":1,"win_rate":0,"timestamp":1549946886,"path_taken":["M","?","M","M","$","R","E","R","T","$","R","?","?","?","R","BOSS","M","?","?","?","M","R","?","$","T","?","M","M","?","?","R","BOSS","M","?","?","$","M","R","M","R","T","?","M","E","?","?","R","BOSS"],"build_version":"2019-01-23","purchased_purges":5,"victory":true,"max_hp_per_floor":[80,80,80,80,80,80,80,80,80,80,80,80,80,80,80,80,80,80,80,80,80,80,80,80,80,80,87,87,87,87,87,87,87,87,87,87,87,87,87,87,87,87,87,87,87,87,83,83,83,83],"card_choices":[{"not_picked":["Iron Wave","Rage","Uppercut"],"picked":"SKIP","floor":1.0},{"not_picked":["Perfected Strike","Hemokinesis","Corruption"],"picked":"SKIP","floor":3.0},{"not_picked":["Rampage","Wild Strike","Flex"],"picked":"SKIP","floor":4.0},{"not_picked":["Rampage","Wild Strike","Flex"],"picked":"SKIP","floor":4.0},{"not_picked":["Impervious","Carnage","Perfected Strike"],"picked":"SKIP","floor":7.0},{"not_picked":["Thunderclap","True Grit+1","Shrug It Off+1"],"picked":"SKIP","floor":18.0},{"not_picked":["Clothesline","Sword Boomerang"],"picked":"Clash","floor":20.0},{"not_picked":["Offering","Warcry+1","Flex"],"picked":"SKIP","floor":21.0},{"not_picked":["Pummel+1","Iron Wave","Inflame+1"],"picked":"SKIP","floor":22.0},{"not_picked":["Carnage+1","Seeing Red","True Grit+1"],"picked":"SKIP","floor":28.0},{"not_picked":["Clothesline","Anger","Headbutt+1"],"picked":"SKIP","floor":29.0},{"not_picked":["Armaments","Havoc","Cleave"],"picked":"SKIP","floor":35.0},{"not_picked":["Reckless Charge+1","Clothesline"],"picked":"Dropkick","floor":39.0},{"not_picked":["Twin Strike","Burning Pact+1","Cleave"],"picked":"SKIP","floor":41.0},{"not_picked":["Body Slam+1","Heavy Blade+1","Sword Boomerang+1"],"picked":"SKIP","floor":45},{"not_picked":["Searing Blow+1","Twin Strike","Bludgeon"],"picked":"SKIP","floor":46}],"player_experience":327721,"relics_obtained":[{"floor":7.0,"key":"Shovel"},{"floor":9.0,"key":"Shuriken"},{"floor":11.0,"key":"War Paint"},{"floor":13.0,"key":"Omamori"},{"floor":15.0,"key":"Pantograph"},{"floor":26.0,"key":"Juzu Bracelet"},{"floor":31.0,"key":"Enchiridion"},{"floor":36.0,"key":"Charon\u0027s Ashes"},{"floor":40.0,"key":"Ginger"},{"floor":43,"key":"Art of War"},{"floor":46,"key":"Regal Pillow"},{"floor":49,"key":"Blue Candle"}],"event_choices":[{"damage_healed":0.0,"max_hp_gain":0.0,"max_hp_loss":0.0,"gold_gain":0.0,"event_name":"Shining Light","player_choice":"Entered Light","floor":2.0,"gold_loss":0.0,"damage_taken":16.0,"cards_upgraded":["Bash","Strike_R"]},{"damage_healed":0.0,"max_hp_gain":0.0,"max_hp_loss":0.0,"gold_gain":0.0,"event_name":"Liars Game","player_choice":"Ignored","floor":12.0,"gold_loss":0.0,"damage_taken":0.0},{"damage_healed":0.0,"max_hp_gain":0.0,"max_hp_loss":0.0,"gold_gain":0.0,"event_name":"Duplicator","player_choice":"Copied","floor":19.0,"gold_loss":0.0,"damage_taken":0.0,"cards_obtained":["Dropkick"]},{"damage_healed":0.0,"max_hp_gain":0.0,"max_hp_loss":0.0,"gold_gain":0.0,"event_name":"Ghosts","player_choice":"Ignored","floor":24.0,"gold_loss":0.0,"damage_taken":0.0},{"damage_healed":0.0,"max_hp_gain":0.0,"max_hp_loss":0.0,"gold_gain":0.0,"event_name":"The Mausoleum","player_choice":"Opened","floor":27.0,"gold_loss":0.0,"damage_taken":0.0,"relics_obtained":["Strawberry"]},{"damage_healed":0.0,"max_hp_gain":0.0,"max_hp_loss":0.0,"gold_gain":0.0,"event_name":"FaceTrader","player_choice":"Trade","floor":30.0,"gold_loss":0.0,"damage_taken":0.0,"relics_obtained":["SsserpentHead"]},{"damage_healed":0.0,"max_hp_gain":0.0,"max_hp_loss":0.0,"gold_gain":0.0,"event_name":"Cursed Tome","player_choice":"Obtained Book","floor":31.0,"gold_loss":0.0,"damage_taken":16.0},{"damage_healed":0.0,"max_hp_gain":0.0,"max_hp_loss":0.0,"gold_gain":0.0,"event_name":"MindBloom","player_choice":"Fight","floor":36.0,"gold_loss":0.0,"damage_taken":0.0},{"damage_healed":0.0,"max_hp_gain":0.0,"max_hp_loss":0.0,"gold_gain":0.0,"event_name":"Mysterious Sphere","player_choice":"Ignored","floor":37.0,"gold_loss":0.0,"damage_taken":0.0},{"damage_healed":0,"gold_gain":0,"player_choice":"Memory 1","damage_taken":0,"max_hp_gain":0,"max_hp_loss":0,"event_name":"SensoryStone","floor":44,"gold_loss":0},{"damage_healed":0,"gold_gain":0,"player_choice":"Max HP","damage_taken":0,"max_hp_gain":0,"max_hp_loss":4,"event_name":"Winding Halls","floor":47,"gold_loss":0},{"damage_healed":0,"gold_gain":0,"player_choice":"Gave Potion","damage_taken":0,"relics_obtained":["Bag of Marbles"],"max_hp_gain":0,"max_hp_loss":0,"event_name":"WeMeetAgain","floor":48,"gold_loss":0}],"is_beta":false,"boss_relics":[{"not_picked":["Tiny House","Black Blood"],"picked":"Sozu"},{"not_picked":["Orrery","Eternal Feather"],"picked":"Runic Dome"}],"items_purged_floors":[5,10,14,25,38],"is_endless":false,"potions_floor_spawned":[4,18,22,29,36,39,46],"ascension_level":0}