{"gold_per_floor":[117,192,192,208,222,257,276,276,300,319,244,244,244,26,26,121,121,138,157,157],"floor_reached":20,"playtime":1754,"items_purged":["Defend_R"],"score":324,"play_id":"2e0fa608-88f0-4a64-8bde-2b66c7bbd2be","local_time":"20190212111710","is_ascension_mode":false,"campfire_choices":[{"floor":12.0,"key":"REST"},{"floor":15.0,"key":"REST"}],"neow_cost":"NONE","seed_source_timestamp":49309658969851,"circlet_count":0,"master_deck":["Strike_R","Strike_R","Strike_R","Strike_R+1","Strike_R","Defend_R","Defend_R","Bash","Cleave","Anger","Twin Strike","Flex+1","Flex","Shrug It Off"],"special_seed":0,"relics":["Burning Blood","Potion Belt","Art of War","Omamori","Membership Card","Eternal Feather"],"potions_floor_usage":[16,16,20],"damage_taken":[{"damage":6.0,"enemies":"Cultist","floor":1.0,"turns":3.0},{"damage":6.0,"enemies":"Jaw Worm","floor":4.0,"turns":3.0},{"damage":2.0,"enemies":"Small Slimes","floor":5.0,"turns":4.0},{"damage":28.0,"enemies":"Gremlin Nob","floor":6.0,"turns":4.0},{"damage":32.0,"enemies":"Exordium Thugs","floor":7.0,"turns":4.0},{"damage":10.0,"enemies":"Looter","floor":10.0,"turns":3.0},{"damage":0,"enemies":"Slime Boss","floor":16,"turns":3},{"damage":30,"enemies":"2 Thieves","floor":18,"turns":4},{"damage":5,"enemies":"Chosen","floor":19,"turns":4},{"damage":64,"enemies":"Shelled Parasite and Fungi","floor":20,"turns":7}],"seed_played":"8917626649419427677","potions_obtained":[{"floor":1.0,"key":"Fire Potion"},{"floor":4.0,"key":"Fire Potion"},{"floor":7.0,"key":"EssenceOfSteel"},{"floor":16,"key":"Weak Potion"},{"floor":18,"key":"Dexterity Potion"}],"is_trial":false,"path_per_floor":["M","?","?","M","M","E","M","?","T","M","$","R","?","$","R","B",null,"M","M","M"],"character_chosen":"IRONCLAD","items_purchased":["Membership Card","Flex"],"campfire_rested":2,"item_purchase_floors":[14,14],"current_hp_per_floor":[80,69,69,69,73,51,25,25,25,21,21,45,29,29,53,59,80,56,57,0],"gold":157,"neow_bonus":"RANDOM_COMMON_RELIC","is_prod":false,"is_daily":false,"chose_seed":false,"campfire_upgraded":0,"win_rate":0,"timestamp":1549959430,"path_taken":["M","?","?","M","M","E","?","?","T","M","?","R","?","$","R","BOSS","M","M","M"],"build_version":"2019-01-23","purchased_purges":1,"victory":false,"max_hp_per_floor":[80,80,80,80,80,80,80,80,80,80,80,80,80,80,80,80,80,80,80,80],"card_choices":[{"not_picked":["Second Wind","Warcry","Iron Wave"],"picked":"SKIP","floor":1.0},{"not_picked":["True Grit","Havoc","Fire Breathing"],"picked":"SKIP","floor":4.0},{"not_picked":["Corruption","Sever Soul"],"picked":"Cleave","floor":5.0},{"not_picked":["Headbutt","Bloodletting"],"picked":"Anger","floor":6.0},{"not_picked":["Thunderclap","Corruption"],"picked":"Twin Strike","floor":7.0},{"not_picked":["Anger","Disarm"],"picked":"Flex","floor":10.0},{"not_picked":["Flame Barrier","Twin Strike"],"picked":"Shrug It Off","floor":18},{"not_picked":["Pummel","Sword Boomerang","Sever Soul+1"],"picked":"SKIP","floor":19}],"player_experience":338740,"relics_obtained":[{"floor":6.0,"key":"Art of War"},{"floor":9.0,"key":"Omamori"}],"event_choices":[{"damage_healed":0.0,"max_hp_gain":0.0,"max_hp_loss":0.0,"gold_gain":75.0,"event_name":"World of Goop","player_choice":"Gather Gold","floor":2.0,"gold_loss":0.0,"damage_taken":11.0},{"damage_healed":0.0,"max_hp_gain":0.0,"max_hp_loss":0.0,"gold_gain":0.0,"event_name":"Match and Keep!","player_choice":"0 cards matched","floor":3.0,"gold_loss":0.0,"damage_taken":0.0,"cards_obtained":[]},{"cards_removed":["Defend_R"],"damage_healed":0.0,"max_hp_gain":0.0,"max_hp_loss":0.0,"gold_gain":0.0,"event_name":"Wheel of Change","player_choice":"Card Removal","floor":8.0,"gold_loss":0.0,"damage_taken":0.0},{"damage_healed":0.0,"max_hp_gain":0.0,"max_hp_loss":0.0,"gold_gain":0.0,"event_name":"Shining Light","player_choice":"Entered Light","floor":13.0,"gold_loss":0.0,"damage_taken":16.0,"cards_upgraded":["Flex","Strike_R"]}],"is_beta":false,"boss_relics":[{"not_picked":["Empty Cage","Ectoplasm"],"picked":"Eternal Feather"}],"items_purged_floors":[11],"is_endless":false,"potions_floor_spawned":[1,4,7,16,18],"killed_by":"Shelled Parasite and Fungi","ascension_level":0}