{"gold_per_floor":[116,116,116,291,311,311,321,321,321,341,112,175,42,57,57,158,158,170,145,145,162,0,0,17,116,116,116,41,54,1,18,18,18],"floor_reached":33,"playtime":2934,"items_purged":["Doubt"],"score":383,"play_id":"88fe8d97-d7ef-4a96-990d-201881ccb415","local_time":"20190216041616","is_ascension_mode":true,"campfire_choices":[{"data":"Footwork","floor":6,"key":"SMITH"},{"data":"Deadly Poison","floor":8,"key":"SMITH"},{"floor":15,"key":"REST"},{"floor":23,"key":"REST"},{"floor":32,"key":"REST"}],"neow_cost":"NONE","seed_source_timestamp":55810065188919,"circlet_count":0,"master_deck":["AscendersBane","Defend_G+1","Defend_G","Defend_G","Defend_G","Strike_G+1","Strike_G","Strike_G","Survivor","Neutralize+1","Adrenaline","Poisoned Stab+1","Footwork+1","Deadly Poison+1","PiercingWail","Leg Sweep","Noxious Fumes","Backflip","Malaise","Bane","Backstab","Adrenaline","Bane","Crippling Poison"],"relics":["Ring of the Snake","Bag of Marbles","Whetstone","Tiny Chest","Empty Cage","Ancient Tea Set","Shuriken"],"potions_floor_usage":[12,16,18,21],"damage_taken":[{"damage":1,"enemies":"2 Louse","floor":1,"turns":3},{"damage":8,"enemies":"Small Slimes","floor":5,"turns":4},{"damage":1,"enemies":"Jaw Worm","floor":7,"turns":5},{"damage":9,"enemies":"Gremlin Gang","floor":10,"turns":6},{"damage":16,"enemies":"3 Sentries","floor":12,"turns":7},{"damage":0,"enemies":"Blue Slaver","floor":14,"turns":3},{"damage":29,"enemies":"Slime Boss","floor":16,"turns":14},{"damage":3,"enemies":"Shell Parasite","floor":18,"turns":6},{"damage":7,"enemies":"2 Thieves","floor":19,"turns":5},{"damage":17,"enemies":"Snecko","floor":21,"turns":6},{"damage":9,"enemies":"Centurion and Healer","floor":24,"turns":9},{"damage":24,"enemies":"Shelled Parasite and Fungi","floor":29,"turns":5},{"damage":9,"enemies":"Snake Plant","floor":31,"turns":4},{"damage":38,"enemies":"Automaton","floor":33,"turns":6}],"seed_played":"4017890850799364402","potions_obtained":[{"floor":10,"key":"SkillPotion"},{"floor":12,"key":"Block Potion"},{"floor":16,"key":"Block Potion"},{"floor":18,"key":"GamblersBrew"},{"floor":29,"key":"SteroidPotion"}],"is_trial":false,"path_per_floor":["M","?","?","?","M","R","M","R","T","M","$","E","$","M","R","B",null,"M","M","?","M","?","R","M","?","T","T","?","M","$","M","R","B"],"character_chosen":"THE_SILENT","items_purchased":["Whetstone","Noxious Fumes","Backflip","Bane"],"campfire_rested":3,"item_purchase_floors":[11,13,13,30],"current_hp_per_floor":[62,48,70,70,62,62,61,61,61,52,52,36,36,36,57,28,60,57,50,50,33,33,54,45,45,45,45,45,21,21,12,33,0],"gold":18,"neow_bonus":"ONE_RANDOM_RARE_CARD","is_prod":false,"is_daily":false,"chose_seed":false,"campfire_upgraded":2,"win_rate":0,"timestamp":1550312176,"path_taken":["M","?","?","?","?","R","?","R","T","M","$","E","$","M","R","BOSS","M","?","?","M","?","R","M","?","T","?","?","?","$","M","R","BOSS"],"build_version":"2019-01-23","purchased_purges":1,"victory":false,"max_hp_per_floor":[70,70,70,70,70,70,70,70,70,70,70,70,70,70,70,70,70,70,70,70,70,70,70,70,70,70,70,70,70,70,70,70,70],"card_choices":[{"not_picked":["Bane","Outmaneuver"],"picked":"Poisoned Stab","floor":1},{"not_picked":["Quick Slash","Flying Knee"],"picked":"Footwork","floor":5},{"not_picked":["Tactician","Endless Agony"],"picked":"Deadly Poison","floor":7},{"not_picked":["Underhanded Strike","Heel Hook"],"picked":"PiercingWail","floor":10},{"not_picked":["Infinite Blades","Phantasmal Killer"],"picked":"Leg Sweep","floor":12},{"not_picked":["Blade Dance","Underhanded Strike","Outmaneuver"],"picked":"SKIP","floor":14},{"not_picked":["Grand Finale","Bullet Time"],"picked":"Malaise","floor":16},{"not_picked":["Flying Knee","Terror","Infinite Blades"],"picked":"SKIP","floor":18},{"not_picked":["Prepared+1","Leg Sweep+1"],"picked":"Bane","floor":19},{"not_picked":["Backflip","Poisoned Stab+1","Quick Slash"],"picked":"SKIP","floor":21},{"not_picked":["Dagger Spray","Dodge and Roll+1"],"picked":"Backstab","floor":24},{"not_picked":["Deflect+1","Tactician"],"picked":"Adrenaline","floor":29},{"not_picked":["Flying Knee","Terror"],"picked":"Crippling Poison","floor":31}],"player_experience":359246,"relics_obtained":[{"floor":9,"key":"Bag of Marbles"},{"floor":12,"key":"Tiny Chest"},{"floor":26,"key":"Ancient Tea Set"},{"floor":27,"key":"Shuriken"}],"event_choices":[{"damage_healed":0,"gold_gain":0,"player_choice":"Entered Light","damage_taken":14,"max_hp_gain":0,"max_hp_loss":0,"event_name":"Shining Light","floor":2,"gold_loss":0,"cards_upgraded":["Strike_G","Defend_G"]},{"damage_healed":23,"gold_gain":0,"player_choice":"Banana","damage_taken":0,"max_hp_gain":0,"max_hp_loss":0,"event_name":"Big Fish","floor":3,"gold_loss":0},{"damage_healed":0,"gold_gain":175,"player_choice":"AGREE","damage_taken":0,"max_hp_gain":0,"max_hp_loss":0,"event_name":"Liars Game","floor":4,"gold_loss":0,"cards_obtained":["Doubt"]},{"damage_healed":0,"gold_gain":0,"player_choice":"Ignored","damage_taken":0,"max_hp_gain":0,"max_hp_loss":0,"event_name":"Ghosts","floor":20,"gold_loss":0},{"damage_healed":0,"gold_gain":0,"player_choice":"Paid Fearfully","damage_taken":0,"max_hp_gain":0,"max_hp_loss":0,"event_name":"Masked Bandits","floor":22,"gold_loss":162},{"damage_healed":0,"gold_gain":99,"player_choice":"Stole From Cult","damage_taken":0,"max_hp_gain":0,"max_hp_loss":0,"event_name":"Nest","floor":25,"gold_loss":0},{"cards_removed":["Strike_G"],"damage_healed":0,"gold_gain":0,"player_choice":"Gave Gold","damage_taken":0,"max_hp_gain":0,"max_hp_loss":0,"event_name":"Beggar","floor":28,"gold_loss":75}],"is_beta":false,"boss_relics":[{"not_picked":["Orrery","Calling Bell"],"picked":"Empty Cage"}],"items_purged_floors":[11],"is_endless":false,"potions_floor_spawned":[10,12,16,18,29],"killed_by":"Automaton","ascension_level":11}