{"gold_per_floor":[367,367,240,260,279,279,296,296,320,335,335,366,366,94,94,94],"floor_reached":16,"playtime":441,"items_purged":["Decay"],"score":175,"play_id":"ee8725f8-7806-4054-b9a5-4bac854e9373","local_time":"20190214210649","is_ascension_mode":true,"campfire_choices":[{"data":"Cloak And Dagger","floor":6.0,"key":"SMITH"},{"data":"All Out Attack","floor":8.0,"key":"SMITH"},{"data":"Venomology","floor":13.0,"key":"SMITH"},{"data":"Noxious Fumes","floor":15.0,"key":"SMITH"}],"neow_cost":"CURSE","seed_source_timestamp":3730433623424,"circlet_count":0,"master_deck":["AscendersBane","Defend_G","Defend_G","Defend_G","Defend_G","Defend_G","Strike_G","Strike_G+1","Strike_G","Strike_G","Survivor","Neutralize+1","Masterful Stab","Backstab","Cloak And Dagger+1","All Out Attack+1","Backflip","Venomology+1","Cloak And Dagger","Noxious Fumes+1"],"special_seed":0,"relics":["Ring of the Snake","Omamori","Whetstone","Vajra"],"potions_floor_usage":[16,16],"damage_taken":[{"damage":7.0,"enemies":"Jaw Worm","floor":1.0,"turns":6.0},{"damage":0.0,"enemies":"2 Louse","floor":4.0,"turns":2.0},{"damage":0.0,"enemies":"Cultist","floor":5.0,"turns":2.0},{"damage":0.0,"enemies":"3 Louse","floor":7.0,"turns":3.0},{"damage":9.0,"enemies":"Exordium Thugs","floor":10.0,"turns":4.0},{"damage":24.0,"enemies":"Lagavulin","floor":12.0,"turns":5.0},{"damage":21,"enemies":"Hexaghost","floor":16,"turns":9}],"seed_played":"-8694516083049102967","potions_obtained":[{"floor":1.0,"key":"SteroidPotion"},{"floor":4.0,"key":"GhostInAJar"},{"floor":12.0,"key":"SmokeBomb"}],"is_trial":false,"path_per_floor":["M","?","$","M","M","R","M","R","T","M","?","E","R","$","R","B"],"character_chosen":"THE_SILENT","items_purchased":["Cloak And Dagger","Vajra","Cloak And Dagger","Noxious Fumes"],"campfire_rested":0,"item_purchase_floors":[3,14,14,14],"current_hp_per_floor":[52,52,52,52,52,52,52,52,52,43,43,19,19,19,19,0],"gold":94,"neow_bonus":"TWO_FIFTY_GOLD","is_prod":false,"is_daily":false,"chose_seed":false,"campfire_upgraded":4,"win_rate":0,"timestamp":1550189209,"path_taken":["M","?","$","M","M","R","M","R","T","M","?","E","R","$","R","BOSS"],"build_version":"2018-11-15","purchased_purges":1,"victory":false,"max_hp_per_floor":[66,66,66,66,66,66,66,66,66,66,66,66,66,66,66,66],"card_choices":[{"not_picked":["Endless Agony","Setup"],"picked":"Masterful Stab","floor":1.0},{"not_picked":["Underhanded Strike","Cloak And Dagger"],"picked":"All Out Attack","floor":4.0},{"not_picked":["Dodge and Roll","Deflect"],"picked":"Backflip","floor":5.0},{"not_picked":["Endless Agony","Flechettes","Quick Slash"],"picked":"SKIP","floor":7.0},{"not_picked":["Dagger Spray","Acrobatics","Deadly Poison"],"picked":"SKIP","floor":10.0},{"not_picked":["Bouncing Flask","Endless Agony"],"picked":"Venomology","floor":12.0}],"player_experience":135903,"relics_obtained":[{"floor":9.0,"key":"Omamori"},{"floor":12.0,"key":"Whetstone"}],"event_choices":[{"damage_healed":0.0,"max_hp_gain":0.0,"max_hp_loss":0.0,"gold_gain":0.0,"cards_transformed":["Strike_G"],"event_name":"Living Wall","player_choice":"Change","floor":2.0,"gold_loss":0.0,"damage_taken":0.0,"cards_obtained":["Backstab"]},{"damage_healed":0.0,"max_hp_gain":0.0,"max_hp_loss":0.0,"gold_gain":0.0,"event_name":"Lab","player_choice":"Got Potions","floor":11.0,"gold_loss":0.0,"damage_taken":0.0}],"is_beta":false,"boss_relics":[],"items_purged_floors":[3],"is_endless":false,"potions_floor_spawned":[1,4,12],"killed_by":"Hexaghost","ascension_level":15}