{"gold_per_floor":[362,362,377,14,14,45,45,61,61,61,7,41,41,52,52,154,154,170,170,170,188,204,204,235,235,258,357,357,388,398,425,425,525,525,538,550,550,550,566,595,595,63,63,63,95,55,73,92,92,92],"floor_reached":51,"playtime":2001,"items_purged":["Dualcast"],"score":1151,"play_id":"587659f9-1eb7-454f-ace5-6e1535a51298","local_time":"20190127015827","is_ascension_mode":true,"campfire_choices":[{"data":"Zap","floor":7.0,"key":"SMITH"},{"data":"Leap","floor":10.0,"key":"SMITH"},{"data":"Streamline","floor":13.0,"key":"SMITH"},{"data":"Rip and Tear","floor":15.0,"key":"SMITH"},{"data":"Conserve Battery","floor":23,"key":"SMITH"},{"data":"Dramatic Entrance","floor":25,"key":"SMITH"},{"data":"Seek","floor":32,"key":"SMITH"},{"data":"Sweeping Beam","floor":41,"key":"SMITH"},{"data":"Chill","floor":44,"key":"SMITH"},{"floor":49,"key":"REST"}],"neow_cost":"PERCENT_DAMAGE","seed_source_timestamp":7084326579016,"circlet_count":0,"master_deck":["Strike_B","Strike_B","Strike_B","Strike_B","Defend_B","Defend_B","Defend_B","Zap+1","Leap+1","Rip and Tear+1","Glacier+1","Ball Lightning","Conserve Battery+1","Streamline+1","Dramatic Entrance+1","FTL","Cold Snap","Ball Lightning","Sweeping Beam+1","Seek+1","Glacier","Seek+1","Defragment+1","Go for the Eyes+1","Hologram+1","Chill+1","Sweeping Beam+1","Creative AI+1","Steam+1","Melter+1","Mayhem+1"],"special_seed":0,"relics":["FrozenCore","Frozen Egg 2","Bag of Preparation","Singing Bowl","Prayer Wheel","Velvet Choker","Calipers","Bronze Scales","Oddly Smooth Stone","Thread and Needle","Orichalcum","ClockworkSouvenir","War Paint","Pen Nib","Happy Flower"],"potions_floor_usage":[35,40,45,47],"damage_taken":[{"damage":1.0,"enemies":"Cultist","floor":1.0,"turns":3.0},{"damage":0.0,"enemies":"Small Slimes","floor":3.0,"turns":2.0},{"damage":28.0,"enemies":"3 Sentries","floor":6.0,"turns":7.0},{"damage":0.0,"enemies":"2 Louse","floor":8.0,"turns":1.0},{"damage":0.0,"enemies":"Gremlin Nob","floor":12.0,"turns":3.0},{"damage":0.0,"enemies":"Exordium Thugs","floor":14.0,"turns":3.0},{"damage":0,"enemies":"Slime Boss","floor":16,"turns":5},{"damage":5,"enemies":"Shell Parasite","floor":18,"turns":3},{"damage":11,"enemies":"2 Thieves","floor":21,"turns":3},{"damage":6,"enemies":"Snecko","floor":22,"turns":4},{"damage":13,"enemies":"Book of Stabbing","floor":24,"turns":5},{"damage":0,"enemies":"Gremlin Leader","floor":29,"turns":6},{"damage":0,"enemies":"Snake Plant","floor":30,"turns":3},{"damage":7,"enemies":"Book of Stabbing","floor":31,"turns":4},{"damage":2,"enemies":"Collector","floor":33,"turns":11},{"damage":4,"enemies":"3 Darklings","floor":35,"turns":3},{"damage":0,"enemies":"Orb Walker","floor":36,"turns":3},{"damage":0,"enemies":"Maw","floor":39,"turns":7},{"damage":3,"enemies":"Reptomancer","floor":40,"turns":8},{"damage":52,"enemies":"Giant Head","floor":45,"turns":10},{"damage":0,"enemies":"Spire Growth","floor":47,"turns":5},{"damage":0,"enemies":"Jaw Worm Horde","floor":48,"turns":5},{"damage":77,"enemies":"Donu and Deca","floor":50,"turns":12}],"seed_played":"-8965920323413230915","potions_obtained":[{"floor":8.0,"key":"Swift Potion"},{"floor":12.0,"key":"FairyPotion"},{"floor":14.0,"key":"LiquidBronze"},{"floor":16,"key":"Swift Potion"},{"floor":24,"key":"SpeedPotion"},{"floor":29,"key":"FairyPotion"},{"floor":36,"key":"Regen Potion"},{"floor":40,"key":"SkillPotion"},{"floor":46,"key":"Regen Potion"},{"floor":48,"key":"Weak Potion"}],"is_trial":false,"path_per_floor":["M","?","M","$","?","E","R","M","T","R","$","E","R","M","R","B",null,"M","?","?","M","M","R","E","R","T","?","?","E","M","E","R","B",null,"M","M","?","?","M","E","R","$","T","R","E","?","M","M","R","B",null],"character_chosen":"DEFECT","items_purchased":["Glacier","Ball Lightning","Conserve Battery","Streamline","Dramatic Entrance","Ball Lightning","Mayhem+1","ClockworkSouvenir","War Paint"],"campfire_rested":1,"item_purchase_floors":[4,4,4,4,4,11,42,42,42],"current_hp_per_floor":[53,46,46,46,34,6,6,6,6,6,6,8,8,10,10,10,62,59,44,44,35,29,29,16,16,16,16,16,18,22,15,15,13,74,72,76,76,72,76,88,88,88,88,88,38,38,56,60,94,17],"gold":92,"neow_bonus":"TWO_FIFTY_GOLD","is_prod":false,"is_daily":false,"chose_seed":false,"campfire_upgraded":9,"win_rate":0,"timestamp":1548565107,"path_taken":["M","?","M","$","?","E","R","M","T","R","$","E","R","M","R","BOSS","M","?","?","M","?","R","E","R","T","?","?","E","M","E","R","BOSS","M","M","?","?","M","E","R","$","T","R","E","?","M","M","R","BOSS"],"build_version":"2018-11-15","purchased_purges":1,"victory":true,"max_hp_per_floor":[75,75,75,75,75,75,75,75,75,75,75,77,77,79,79,79,79,81,86,86,88,88,88,88,88,88,88,88,90,94,94,94,94,94,96,100,95,101,105,105,105,105,105,105,107,107,111,115,115,115],"card_choices":[{"not_picked":["Conserve Battery","Streamline"],"picked":"Leap","floor":1.0},{"not_picked":["Compile Driver","Hello World"],"picked":"Rip and Tear","floor":3.0},{"not_picked":["Fission","Blizzard"],"picked":"FTL","floor":6.0},{"not_picked":["Consume","Hello World+1"],"picked":"Cold Snap","floor":8.0},{"not_picked":["Leap","Turbo","Skim"],"picked":"Singing Bowl","floor":12.0},{"not_picked":["Chaos","Conserve Battery"],"picked":"Sweeping Beam","floor":14.0},{"not_picked":["Hologram","Stack","Rebound"],"picked":"Singing Bowl","floor":14.0},{"not_picked":["Thunder Strike","Multi-Cast"],"picked":"Seek","floor":16},{"not_picked":["Scrape","Streamline"],"picked":"Glacier","floor":18},{"not_picked":["Doom and Gloom","Go for the Eyes","Sweeping Beam"],"picked":"Singing Bowl","floor":18},{"not_picked":["Heatsinks+1","Stack","Go for the Eyes"],"picked":"Singing Bowl","floor":21},{"not_picked":["Heatsinks+1","Streamline+1"],"picked":"Defragment+1","floor":21},{"not_picked":["Heatsinks+1","Thunder Strike"],"picked":"Go for the Eyes+1","floor":22},{"not_picked":["Streamline","Ball Lightning"],"picked":"Hologram+1","floor":22},{"not_picked":["Rebound+1","Coolheaded+1"],"picked":"Chill","floor":24},{"not_picked":["Aggregate","Reprogram","Leap"],"picked":"Singing Bowl","floor":29},{"not_picked":["Glacier","Rebound","Redo"],"picked":"Singing Bowl","floor":30},{"not_picked":["Doom and Gloom","Compile Driver","Redo"],"picked":"Singing Bowl","floor":30},{"not_picked":["Force Field+1","Chaos"],"picked":"Sweeping Beam+1","floor":31},{"not_picked":["Fission","Biased Cognition+1"],"picked":"Creative AI+1","floor":33},{"not_picked":["Glacier","Streamline","Go for the Eyes+1"],"picked":"Singing Bowl","floor":35},{"not_picked":["Barrage+1","Conserve Battery"],"picked":"Steam+1","floor":35},{"not_picked":["Chaos+1","Hyperbeam","Sweeping Beam"],"picked":"Singing Bowl","floor":36},{"not_picked":["Barrage+1","Static Discharge+1","Double Energy+1"],"picked":"Singing Bowl","floor":36},{"not_picked":["The Bomb","Forethought","Madness"],"picked":"Singing Bowl","floor":38},{"not_picked":["Mind Blast","Finesse","Swift Strike"],"picked":"Singing Bowl","floor":38},{"not_picked":["Enlightenment","Violence","Dramatic Entrance"],"picked":"Singing Bowl","floor":38},{"not_picked":["Redo","Steam","Fusion+1"],"picked":"Singing Bowl","floor":39},{"not_picked":["Lockon+1","Streamline+1","Rebound+1"],"picked":"Singing Bowl","floor":39},{"not_picked":["Ball Lightning+1","Doom and Gloom"],"picked":"Melter+1","floor":40},{"not_picked":["Scrape","Rebound+1","Leap"],"picked":"Singing Bowl","floor":45},{"not_picked":["Gash","Seek","Beam Cell"],"picked":"Singing Bowl","floor":47},{"not_picked":["Glacier+1","Compile Driver+1","Turbo+1"],"picked":"Singing Bowl","floor":47},{"not_picked":["Beam Cell","Compile Driver+1","Reprogram"],"picked":"Singing Bowl","floor":48},{"not_picked":["Redo+1","Scrape","Skim"],"picked":"Singing Bowl","floor":48}],"player_experience":39483,"relics_obtained":[{"floor":6.0,"key":"Bag of Preparation"},{"floor":9.0,"key":"Singing Bowl"},{"floor":12.0,"key":"Prayer Wheel"},{"floor":24,"key":"Calipers"},{"floor":26,"key":"Bronze Scales"},{"floor":29,"key":"Oddly Smooth Stone"},{"floor":31,"key":"Thread and Needle"},{"floor":40,"key":"Orichalcum"},{"floor":43,"key":"Pen Nib"},{"floor":45,"key":"Happy Flower"}],"event_choices":[{"cards_removed":["Defend_B"],"damage_healed":0.0,"max_hp_gain":0.0,"max_hp_loss":0.0,"gold_gain":0.0,"event_name":"Golden Wing","player_choice":"Card Removal","floor":2.0,"gold_loss":0.0,"damage_taken":7.0},{"damage_healed":0.0,"max_hp_gain":0.0,"max_hp_loss":0.0,"gold_gain":0.0,"event_name":"Scrap Ooze","player_choice":"Success","floor":5.0,"gold_loss":0.0,"damage_taken":12.0,"relics_obtained":["Frozen Egg 2"]},{"damage_healed":0,"gold_gain":0,"player_choice":"Shed Blood","damage_taken":20,"max_hp_gain":5,"max_hp_loss":0,"event_name":"Forgotten Altar","floor":19,"gold_loss":0},{"damage_healed":0,"gold_gain":0,"player_choice":"Copied","damage_taken":0,"max_hp_gain":0,"max_hp_loss":0,"event_name":"Duplicator","floor":20,"gold_loss":0,"cards_obtained":["Seek"]},{"damage_healed":0,"gold_gain":99,"player_choice":"Stole From Cult","damage_taken":0,"max_hp_gain":0,"max_hp_loss":0,"event_name":"Nest","floor":27,"gold_loss":0},{"damage_healed":0,"gold_gain":0,"player_choice":"Ignored","damage_taken":0,"max_hp_gain":0,"max_hp_loss":0,"event_name":"Ghosts","floor":28,"gold_loss":0},{"damage_healed":0,"gold_gain":0,"player_choice":"Max HP","damage_taken":0,"max_hp_gain":0,"max_hp_loss":5,"event_name":"Winding Halls","floor":37,"gold_loss":0},{"damage_healed":0,"gold_gain":0,"player_choice":"Memory 3","damage_taken":10,"max_hp_gain":0,"max_hp_loss":0,"event_name":"SensoryStone","floor":38,"gold_loss":0},{"damage_healed":0,"gold_gain":0,"player_choice":"Bought 3 Potions","damage_taken":0,"max_hp_gain":0,"max_hp_loss":0,"event_name":"The Woman in Blue","floor":46,"gold_loss":0}],"is_beta":false,"boss_relics":[{"not_picked":["Fusion Hammer","Calling Bell"],"picked":"Velvet Choker"},{"not_picked":["Lizard Tail","Busted Crown"],"picked":"FrozenCore"}],"items_purged_floors":[4],"is_endless":false,"potions_floor_spawned":[8,12,14,16,24,29,30,31,36,40,48],"ascension_level":5}