{"gold_per_floor":[111,7,7,7,7,7,7,23,48,48,62,86,35,48,48,141,141,154,169,169,183,183,183,183],"floor_reached":24,"playtime":596,"items_purged":["Strike_B"],"score":344,"play_id":"1bb7297d-edd1-4887-8028-49e3a658d491","local_time":"20190217202227","is_ascension_mode":true,"campfire_choices":[{"data":"Zap","floor":7.0,"key":"SMITH"},{"data":"Defend_B","floor":10.0,"key":"SMITH"},{"data":"Streamline","floor":15,"key":"SMITH"},{"data":"Hologram","floor":23,"key":"SMITH"}],"neow_cost":"NONE","seed_source_timestamp":25282112317141,"circlet_count":0,"master_deck":["AscendersBane","Strike_B","Strike_B","Strike_B","Defend_B","Defend_B","Defend_B","Defend_B+1","Zap+1","Self Repair","Cold Snap","Hologram+1","Tempest","Streamline","Streamline+1","Echo Form","Doom and Gloom","Coolheaded+1","White Noise"],"special_seed":0,"relics":["Cracked Core","Potion Belt","Bloody Idol","Centennial Puzzle","Snecko Eye"],"potions_floor_usage":[19,24],"damage_taken":[{"damage":7.0,"enemies":"Small Slimes","floor":1.0,"turns":3.0},{"damage":3.0,"enemies":"2 Louse","floor":8.0,"turns":3.0},{"damage":5.0,"enemies":"Jaw Worm","floor":11.0,"turns":3.0},{"damage":5.0,"enemies":"Lots of Slimes","floor":12.0,"turns":4.0},{"damage":6,"enemies":"Blue Slaver","floor":14,"turns":4},{"damage":44,"enemies":"Slime Boss","floor":16,"turns":8},{"damage":0,"enemies":"Chosen","floor":18,"turns":3},{"damage":17,"enemies":"2 Thieves","floor":19,"turns":3},{"damage":18,"enemies":"Cultist and Chosen","floor":21,"turns":4},{"damage":42,"enemies":"Gremlin Leader","floor":24,"turns":4}],"seed_played":"-7331417373830109094","potions_obtained":[{"floor":12.0,"key":"FairyPotion"},{"floor":14,"key":"Strength Potion"},{"floor":18,"key":"AttackPotion"}],"is_trial":false,"path_per_floor":["M","$","?","?","?","?","R","M","T","R","M","M","$","M","R","B",null,"M","M","?","M","?","R","E"],"character_chosen":"DEFECT","items_purchased":["Cold Snap","Streamline"],"campfire_rested":0,"item_purchase_floors":[2,13],"current_hp_per_floor":[57,57,62,62,62,55,55,59,59,59,61,63,63,64,64,27,59,66,49,49,31,31,31,0],"gold":183,"neow_bonus":"RANDOM_COMMON_RELIC","is_prod":false,"is_daily":false,"chose_seed":false,"campfire_upgraded":4,"win_rate":0,"timestamp":1550445747,"path_taken":["M","$","?","?","?","?","R","?","T","R","M","M","$","M","R","BOSS","M","?","?","M","?","R","E"],"build_version":"2018-11-15","purchased_purges":1,"victory":false,"max_hp_per_floor":[71,71,76,69,69,69,69,69,69,69,69,69,69,69,69,69,69,69,69,69,69,69,69,69],"card_choices":[{"not_picked":["Compile Driver","Loop"],"picked":"Self Repair","floor":1.0},{"not_picked":["Steam Power","Rebound","Reinforced Body"],"picked":"SKIP","floor":8.0},{"not_picked":["Fusion","Heatsinks"],"picked":"Hologram","floor":11.0},{"not_picked":["Reprogram","BootSequence"],"picked":"Tempest","floor":12.0},{"not_picked":["Aggregate","Go for the Eyes"],"picked":"Streamline","floor":14},{"not_picked":["Hyperbeam","Amplify"],"picked":"Echo Form","floor":16},{"not_picked":["Cold Snap","Streamline"],"picked":"Doom and Gloom","floor":18},{"not_picked":["Stack","Blizzard"],"picked":"Coolheaded+1","floor":19},{"not_picked":["Compile Driver","Hologram"],"picked":"White Noise","floor":21}],"player_experience":161505,"relics_obtained":[{"floor":9.0,"key":"Centennial Puzzle"}],"event_choices":[{"damage_healed":0.0,"max_hp_gain":5.0,"max_hp_loss":0.0,"gold_gain":0.0,"event_name":"Big Fish","player_choice":"Donut","floor":3.0,"gold_loss":0.0,"damage_taken":0.0},{"damage_healed":0.0,"max_hp_gain":0.0,"max_hp_loss":7.0,"gold_gain":0.0,"event_name":"Golden Idol","player_choice":"Lose Max HP","floor":4.0,"gold_loss":0.0,"damage_taken":0.0,"relics_obtained":["Golden Idol"]},{"damage_healed":0.0,"max_hp_gain":0.0,"max_hp_loss":0.0,"gold_gain":0.0,"event_name":"The Cleric","player_choice":"Leave","floor":5.0,"gold_loss":0.0,"damage_taken":0.0},{"cards_removed":["Dualcast"],"damage_healed":0.0,"max_hp_gain":0.0,"max_hp_loss":0.0,"gold_gain":0.0,"event_name":"Golden Wing","player_choice":"Card Removal","floor":6.0,"gold_loss":0.0,"damage_taken":7.0},{"damage_healed":0,"gold_gain":0,"player_choice":"Ignored","damage_taken":0,"max_hp_gain":0,"max_hp_loss":0,"event_name":"Vampires","floor":20,"gold_loss":0},{"damage_healed":0,"gold_gain":0,"player_choice":"Gave Idol","damage_taken":0,"relics_obtained":["Bloody Idol"],"max_hp_gain":0,"max_hp_loss":0,"event_name":"Forgotten Altar","floor":22,"relics_lost":["Golden Idol"],"gold_loss":0}],"is_beta":false,"boss_relics":[{"not_picked":["Orrery","Lizard Tail"],"picked":"Snecko Eye"}],"items_purged_floors":[2],"is_endless":false,"potions_floor_spawned":[12,14,18],"killed_by":"Gremlin Leader","ascension_level":17}