{"gold_per_floor":[167,167,181,131,56,56,91,91,91,110,10,25,25,43,43,138,138,149,149,24,24,24,24,38,68,93,104,104,104,104,120,120,222,222,234,234,234,86,86,101,101,101,101,101,101,101,68,80,80,80],"floor_reached":51,"playtime":2651,"items_purged":["Defend_G","Strike_G","Defend_G"],"score":709,"play_id":"8374fb9a-5bfb-4da7-97db-bb65c31dbfce","local_time":"20190211033350","is_ascension_mode":false,"campfire_choices":[{"data":"Tactician","floor":6.0,"key":"SMITH"},{"floor":8.0,"key":"REST"},{"floor":15.0,"key":"REST"},{"floor":23.0,"key":"REST"},{"floor":30.0,"key":"REST"},{"floor":32.0,"key":"REST"},{"data":"Noxious Fumes","floor":41.0,"key":"SMITH"},{"data":"A Thousand Cuts","floor":44.0,"key":"SMITH"},{"data":"Cloak And Dagger","floor":46.0,"key":"SMITH"},{"data":"Catalyst","floor":49.0,"key":"SMITH"}],"neow_cost":"NONE","seed_source_timestamp":24103911310162,"circlet_count":0,"master_deck":["Defend_G","Defend_G","Strike_G","Strike_G","Survivor+1","Neutralize","Tactician+1","Footwork","Deadly Poison","Blade Dance","Cloak And Dagger","Dodge and Roll","Crippling Poison","A Thousand Cuts+1","Backflip+1","Cloak And Dagger+1","Choke+1","Backflip+1","Bullet Time","Noxious Fumes+1","Blur+1","Accuracy","Catalyst+1"],"special_seed":0,"relics":["Tiny House","Ginger","Bottled Lightning","Runic Pyramid","Enchiridion","Darkstone Periapt","Potion Belt","Eternal Feather","Molten Egg 2","Snake Skull","Strawberry"],"potions_floor_usage":[50,50,50,50],"damage_taken":[{"damage":2.0,"enemies":"Small Slimes","floor":1.0,"turns":5.0},{"damage":0.0,"enemies":"Jaw Worm","floor":3.0,"turns":10.0},{"damage":32.0,"enemies":"Gremlin Nob","floor":7.0,"turns":6.0},{"damage":0.0,"enemies":"Cultist","floor":10.0,"turns":4.0},{"damage":4.0,"enemies":"Blue Slaver","floor":12.0,"turns":3.0},{"damage":13.0,"enemies":"Exordium Thugs","floor":14.0,"turns":7.0},{"damage":21.0,"enemies":"Hexaghost","floor":16.0,"turns":14.0},{"damage":19.0,"enemies":"Spheric Guardian","floor":18.0,"turns":8.0},{"damage":2.0,"enemies":"2 Thieves","floor":24.0,"turns":5.0},{"damage":35.0,"enemies":"Slavers","floor":25.0,"turns":6.0},{"damage":17.0,"enemies":"Shelled Parasite and Fungi","floor":27.0,"turns":6.0},{"damage":7.0,"enemies":"Snecko","floor":31.0,"turns":5.0},{"damage":43.0,"enemies":"Collector","floor":33.0,"turns":13.0},{"damage":14.0,"enemies":"3 Shapes","floor":35.0,"turns":5.0},{"damage":3.0,"enemies":"Orb Walker","floor":40.0,"turns":5.0},{"damage":19.0,"enemies":"Jaw Worm Horde","floor":48.0,"turns":5.0},{"damage":77,"enemies":"Awakened One","floor":50,"turns":10}],"seed_played":"-7411938023563108909","potions_obtained":[{"floor":0.0,"key":"FairyPotion"},{"floor":7.0,"key":"Weak Potion"},{"floor":10.0,"key":"Fire Potion"},{"floor":24.0,"key":"EntropicBrew"},{"floor":27.0,"key":"EssenceOfSteel"},{"floor":31.0,"key":"GamblersBrew"},{"floor":40.0,"key":"Ancient Potion"}],"is_trial":false,"path_per_floor":["M","?","M","?","$","R","E","R","T","M","$","M","?","M","R","B",null,"M","?","$","?","?","R","M","E","T","M","$","$","R","M","R","B",null,"M","T","?","$","?","M","R","?","T","R","$","R","$","M","R","B",null],"character_chosen":"THE_SILENT","items_purchased":["Snake Skull","Accuracy"],"campfire_rested":5,"item_purchase_floors":[38,47],"current_hp_per_floor":[73,66,66,66,66,66,34,56,56,56,56,52,52,39,61,40,75,56,56,56,40,40,62,60,25,25,8,8,8,30,23,45,2,75,61,61,61,61,61,58,70,70,77,78,78,78,78,59,71,7],"gold":80,"neow_bonus":"BOSS_RELIC","is_prod":false,"is_daily":false,"chose_seed":false,"campfire_upgraded":5,"win_rate":0,"timestamp":1549845230,"path_taken":["M","?","M","?","$","R","E","R","T","M","?","?","?","M","R","BOSS","M","?","$","?","?","R","?","E","T","M","?","$","R","M","R","BOSS","M","?","?","?","?","M","R","?","T","R","$","R","$","M","R","BOSS"],"build_version":"2019-01-23","purchased_purges":3,"victory":true,"max_hp_per_floor":[75,75,75,75,75,75,75,75,75,75,75,75,75,75,75,75,75,75,75,75,75,75,75,75,75,75,75,75,75,75,75,75,75,75,75,75,75,75,75,75,75,71,78,78,78,78,78,78,78,78],"card_choices":[{"not_picked":["Deadly Poison","Deflect"],"picked":"Tactician","floor":0.0},{"not_picked":["Masterful Stab","Quick Slash"],"picked":"Footwork","floor":1.0},{"not_picked":["Setup","Deflect"],"picked":"Deadly Poison","floor":3.0},{"not_picked":["Deadly Poison","Riddle With Holes"],"picked":"Blade Dance","floor":7.0},{"not_picked":["Prepared","Flechettes","All Out Attack"],"picked":"SKIP","floor":10.0},{"not_picked":["Slice","Deadly Poison"],"picked":"Cloak And Dagger","floor":12.0},{"not_picked":["Dodge and Roll","Slice"],"picked":"Crippling Poison","floor":14.0},{"not_picked":["Adrenaline","Burst"],"picked":"A Thousand Cuts","floor":16.0},{"not_picked":["All Out Attack","Backstab"],"picked":"Backflip+1","floor":18.0},{"not_picked":["Sucker Punch","Deflect"],"picked":"Choke+1","floor":24.0},{"not_picked":["Dagger Spray","Quick Slash","Predator"],"picked":"SKIP","floor":25.0},{"not_picked":["Distraction","Backstab"],"picked":"Backflip+1","floor":27.0},{"not_picked":["Prepared","PiercingWail","Acrobatics"],"picked":"SKIP","floor":31.0},{"not_picked":["Malaise","Die Die Die"],"picked":"Bullet Time","floor":33.0},{"not_picked":["Underhanded Strike","Heel Hook+1"],"picked":"Noxious Fumes","floor":35.0},{"not_picked":["Sucker Punch+1","Dagger Throw+1"],"picked":"Blur+1","floor":40.0},{"not_picked":["Caltrops","Quick Slash+1"],"picked":"Catalyst","floor":48.0}],"player_experience":279939,"relics_obtained":[{"floor":7.0,"key":"Ginger"},{"floor":9.0,"key":"Bottled Lightning"},{"floor":21.0,"key":"Enchiridion"},{"floor":25.0,"key":"Darkstone Periapt"},{"floor":26.0,"key":"Potion Belt"},{"floor":36.0,"key":"Molten Egg 2"},{"floor":43.0,"key":"Strawberry"}],"event_choices":[{"cards_removed":["Strike_G"],"damage_healed":0.0,"max_hp_gain":0.0,"max_hp_loss":0.0,"gold_gain":0.0,"event_name":"Golden Wing","player_choice":"Card Removal","floor":2.0,"gold_loss":0.0,"damage_taken":7.0},{"cards_removed":["Defend_G"],"damage_healed":0.0,"max_hp_gain":0.0,"max_hp_loss":0.0,"gold_gain":0.0,"event_name":"The Cleric","player_choice":"Card Removal","floor":4.0,"gold_loss":50.0,"damage_taken":0.0},{"damage_healed":0.0,"max_hp_gain":0.0,"max_hp_loss":0.0,"gold_gain":0.0,"cards_transformed":["Strike_G"],"event_name":"Transmorgrifier","player_choice":"Transformed","floor":13.0,"gold_loss":0.0,"damage_taken":0.0,"cards_obtained":["Dodge and Roll"]},{"damage_healed":0.0,"max_hp_gain":0.0,"max_hp_loss":0.0,"gold_gain":0.0,"event_name":"Cursed Tome","player_choice":"Obtained Book","floor":21.0,"gold_loss":0.0,"damage_taken":16.0},{"damage_healed":0.0,"max_hp_gain":0.0,"max_hp_loss":0.0,"gold_gain":0.0,"event_name":"Duplicator","player_choice":"Copied","floor":22.0,"gold_loss":0.0,"damage_taken":0.0,"cards_obtained":["Cloak And Dagger"]},{"damage_healed":0.0,"max_hp_gain":0.0,"max_hp_loss":0.0,"gold_gain":0.0,"event_name":"Tomb of Lord Red Mask","player_choice":"Ignored","floor":37.0,"gold_loss":0.0,"damage_taken":0.0},{"damage_healed":0.0,"max_hp_gain":0.0,"max_hp_loss":0.0,"gold_gain":0.0,"event_name":"SensoryStone","player_choice":"Memory 1","floor":39.0,"gold_loss":0.0,"damage_taken":0.0},{"damage_healed":0.0,"max_hp_gain":0.0,"max_hp_loss":4.0,"gold_gain":0.0,"event_name":"Winding Halls","player_choice":"Max HP","floor":42.0,"gold_loss":0.0,"damage_taken":0.0}],"is_beta":false,"boss_relics":[{"not_picked":["White Beast Statue","Calling Bell"],"picked":"Runic Pyramid"},{"not_picked":["Busted Crown","Fusion Hammer"],"picked":"Eternal Feather"}],"items_purged_floors":[5,11,20],"is_endless":false,"potions_floor_spawned":[7,10,24,27,31,40],"ascension_level":0}