{"gold_per_floor":[111,130,130,143,68,68,99,119,119,119,119,119,19,44,44,172,172,191,116,116,116],"floor_reached":21,"playtime":485,"items_purged":["Defend_R","Strike_R"],"score":177,"play_id":"40681d62-7891-4e51-82d7-9fb6e1d36247","local_time":"20190209190314","is_ascension_mode":false,"campfire_choices":[{"data":"Bash","floor":6,"key":"SMITH"},{"floor":11,"key":"REST"},{"floor":15,"key":"REST"}],"neow_cost":"NONE","seed_source_timestamp":78295232198093,"circlet_count":0,"master_deck":["Strike_R","Strike_R","Strike_R","Strike_R","Defend_R","Defend_R","Defend_R","Bash+1","Limit Break","Feed","Juggernaut","Blood for Blood"],"relics":["Black Blood","Red Skull","Happy Flower","Matryoshka","Bottled Lightning","Letter Opener","Golden Idol"],"potions_floor_usage":[16,16],"damage_taken":[{"damage":13,"enemies":"2 Louse","floor":1,"turns":3},{"damage":6,"enemies":"Jaw Worm","floor":2,"turns":4},{"damage":0,"enemies":"Small Slimes","floor":4,"turns":3},{"damage":54,"enemies":"Lagavulin","floor":7,"turns":6},{"damage":11,"enemies":"2 Fungi Beasts","floor":8,"turns":4},{"damage":3,"enemies":"Lots of Slimes","floor":14,"turns":3},{"damage":49,"enemies":"Hexaghost","floor":16,"turns":8},{"damage":60,"enemies":"3 Byrds","floor":18,"turns":7},{"damage":54,"enemies":"Masked Bandits","floor":21,"turns":3}],"seed_played":"4139775263693546061","potions_obtained":[{"floor":1,"key":"Regen Potion"},{"floor":7,"key":"Fire Potion"},{"floor":8,"key":"Swift Potion"},{"floor":16,"key":"EssenceOfSteel"},{"floor":18,"key":"FairyPotion"}],"is_trial":false,"path_per_floor":["M","M","?","M","$","R","E","M","T","T","R","?","$","M","R","B",null,"M","?","$","?"],"character_chosen":"IRONCLAD","items_purchased":[],"campfire_rested":2,"item_purchase_floors":[],"current_hp_per_floor":[73,73,73,79,79,79,31,26,26,26,50,30,30,33,57,26,80,33,33,33,0],"gold":116,"neow_bonus":"RANDOM_COMMON_RELIC","is_prod":false,"is_daily":false,"chose_seed":false,"campfire_upgraded":1,"win_rate":0,"timestamp":1549728194,"path_taken":["M","M","?","M","$","R","E","M","T","?","R","?","$","M","R","BOSS","M","?","$","?"],"build_version":"2019-01-23","purchased_purges":2,"victory":false,"max_hp_per_floor":[80,80,80,80,80,80,80,80,80,80,80,80,80,80,80,80,80,83,83,83,86],"card_choices":[{"not_picked":["Disarm","Whirlwind","Flex"],"picked":"SKIP","floor":1},{"not_picked":["Iron Wave","Havoc","Perfected Strike"],"picked":"SKIP","floor":2},{"not_picked":["Spot Weakness","Perfected Strike","Flex"],"picked":"SKIP","floor":4},{"not_picked":["Intimidate","Warcry"],"picked":"Limit Break","floor":7},{"not_picked":["Cleave","Heavy Blade"],"picked":"Clash","floor":8},{"not_picked":["Combust","Hemokinesis"],"picked":"Feed","floor":14},{"not_picked":["Impervious","Feed"],"picked":"Juggernaut","floor":16},{"not_picked":["Havoc","Armaments"],"picked":"Blood for Blood","floor":18}],"player_experience":270592,"relics_obtained":[{"floor":7,"key":"Happy Flower"},{"floor":9,"key":"Matryoshka"},{"floor":10,"key":"Bottled Lightning"},{"floor":10,"key":"Letter Opener"}],"event_choices":[{"damage_healed":0,"gold_gain":0,"player_choice":"Ignored","damage_taken":0,"max_hp_gain":0,"max_hp_loss":0,"event_name":"Shining Light","floor":3,"gold_loss":0},{"damage_healed":0,"gold_gain":0,"player_choice":"Take Damage","damage_taken":20,"relics_obtained":["Golden Idol"],"max_hp_gain":0,"max_hp_loss":0,"event_name":"Golden Idol","floor":12,"gold_loss":0},{"cards_removed":["Clash"],"damage_healed":0,"gold_gain":0,"player_choice":"Gave Gold","damage_taken":0,"max_hp_gain":0,"max_hp_loss":0,"event_name":"Beggar","floor":19,"gold_loss":75},{"damage_healed":0,"gold_gain":0,"player_choice":"Fought Bandits","damage_taken":0,"max_hp_gain":0,"max_hp_loss":0,"event_name":"Masked Bandits","floor":21,"gold_loss":0}],"is_beta":false,"boss_relics":[{"not_picked":["Ectoplasm","Runic Cube"],"picked":"Black Blood"}],"items_purged_floors":[5,13],"is_endless":false,"potions_floor_spawned":[1,7,8,16,18],"killed_by":"Masked Bandits","ascension_level":0}