{"gold_per_floor":[110,20,34,54,65,65,65,65,65,65,65,65,83,102,102,225,225,209,230,251,251,9,45,45,78,78,78,78,91,91,124,124,243,243,264,284,303,428,494,494,494,494,494,528,551,551,26,46,46,46],"floor_reached":51,"playtime":2659,"items_purged":["Decay"],"score":1070,"play_id":"f9ba3746-aab3-40d5-9afc-27f59851053b","local_time":"20190121122841","is_ascension_mode":true,"campfire_choices":[{"data":"Noxious Fumes","floor":6.0,"key":"SMITH"},{"data":"Neutralize","floor":8.0,"key":"SMITH"},{"data":"Deadly Poison","floor":12.0,"key":"SMITH"},{"data":"Deadly Poison","floor":15.0,"key":"SMITH"},{"data":"Apotheosis","floor":24.0,"key":"SMITH"},{"data":"Backflip","floor":28.0,"key":"SMITH"},{"data":"Backflip","floor":30.0,"key":"SMITH"},{"data":"Adrenaline","floor":32.0,"key":"SMITH"},{"data":"Backflip","floor":40.0,"key":"SMITH"},{"data":"Adrenaline","floor":42.0,"key":"SMITH"},{"data":"Night Terror","floor":49,"key":"SMITH"}],"neow_cost":"NONE","seed_source_timestamp":32796804789594,"circlet_count":0,"master_deck":["Defend_G","Defend_G","Defend_G","Defend_G+1","Defend_G","Survivor","Neutralize+1","Deadly Poison+1","Noxious Fumes+1","PiercingWail","Deadly Poison+1","Backflip+1","Footwork+1","PiercingWail","Tools of the Trade","Adrenaline+1","Quick Slash","Well Laid Plans+1","Apotheosis+1","Backflip+1","Dodge and Roll","Acrobatics+1","Adrenaline+1","Expertise+1","Poisoned Stab+1","Venomology+1","Backflip+1","Deadly Poison+1","Noxious Fumes+1","Night Terror+1"],"special_seed":0,"relics":["Cursed Key","Golden Idol","Coffee Dripper","Ancient Tea Set","Potion Belt","The Specimen","Astrolabe","Thread and Needle","Turnip","Bag of Preparation","Question Card","Happy Flower","Pear"],"potions_floor_usage":[50,50,50,50,50,50,50,50,50,50],"damage_taken":[{"damage":0.0,"enemies":"Jaw Worm","floor":1.0,"turns":3.0},{"damage":5.0,"enemies":"2 Louse","floor":3.0,"turns":3.0},{"damage":0.0,"enemies":"Cultist","floor":4.0,"turns":4.0},{"damage":9.0,"enemies":"3 Louse","floor":5.0,"turns":3.0},{"damage":2.0,"enemies":"Exordium Thugs","floor":13.0,"turns":6.0},{"damage":0.0,"enemies":"2 Fungi Beasts","floor":14.0,"turns":3.0},{"damage":1.0,"enemies":"Slime Boss","floor":16.0,"turns":9.0},{"damage":10.0,"enemies":"2 Thieves","floor":18.0,"turns":4.0},{"damage":0.0,"enemies":"3 Byrds","floor":19.0,"turns":6.0},{"damage":7.0,"enemies":"Cultist and Chosen","floor":20.0,"turns":6.0},{"damage":22.0,"enemies":"Gremlin Leader","floor":23.0,"turns":7.0},{"damage":10.0,"enemies":"Slavers","floor":25.0,"turns":8.0},{"damage":12.0,"enemies":"3 Cultists","floor":29.0,"turns":6.0},{"damage":0.0,"enemies":"Gremlin Leader","floor":31.0,"turns":7.0},{"damage":0.0,"enemies":"Automaton","floor":33.0,"turns":10.0},{"damage":0.0,"enemies":"3 Darklings","floor":35.0,"turns":4.0},{"damage":10.0,"enemies":"Orb Walker","floor":36.0,"turns":4.0},{"damage":0.0,"enemies":"Writhing Mass","floor":37.0,"turns":7.0},{"damage":1.0,"enemies":"Mind Bloom Boss Battle","floor":38.0,"turns":6.0},{"damage":0.0,"enemies":"2 Orb Walkers","floor":39.0,"turns":5.0},{"damage":0.0,"enemies":"Nemesis","floor":44.0,"turns":7.0},{"damage":0.0,"enemies":"Sphere and 2 Shapes","floor":45.0,"turns":4.0},{"damage":0,"enemies":"Maw","floor":48,"turns":6},{"damage":0,"enemies":"Donu and Deca","floor":50,"turns":8}],"seed_played":"-717771712741953306","potions_obtained":[{"floor":4.0,"key":"Poison Potion"},{"floor":5.0,"key":"FearPotion"},{"floor":16.0,"key":"GamblersBrew"},{"floor":23.0,"key":"PowerPotion"},{"floor":25.0,"key":"FearPotion"},{"floor":37.0,"key":"Energy Potion"},{"floor":38.0,"key":"Regen Potion"},{"floor":44.0,"key":"GhostInAJar"}],"is_trial":false,"path_per_floor":["M","$","M","M","M","R","?","R","T","?","?","R","M","M","R","B",null,"M","M","M","?","$","E","R","E","T","?","R","M","R","E","R","B",null,"M","M","M","?","?","R","?","R","T","E","M","T","$","M","R","B",null],"character_chosen":"THE_SILENT","items_purchased":["Noxious Fumes","PiercingWail","Apotheosis","Backflip","PowerPotion","Happy Flower","Pear"],"campfire_rested":0,"item_purchase_floors":[2,2,22,22,47,47,47],"current_hp_per_floor":[70,70,65,65,56,56,42,42,42,25,25,25,23,23,23,22,70,60,60,53,53,53,31,31,21,21,21,21,9,9,9,9,9,70,70,60,60,70,70,70,66,66,66,66,66,66,76,76,76,76],"gold":46,"neow_bonus":"BOSS_RELIC","is_prod":false,"is_daily":false,"chose_seed":false,"campfire_upgraded":11,"win_rate":0,"timestamp":1548084521,"path_taken":["M","$","M","M","M","R","?","R","T","?","?","R","M","M","R","BOSS","M","?","M","?","?","E","R","E","T","?","R","?","R","E","R","BOSS","M","M","M","?","?","R","?","R","T","E","M","?","$","?","R","BOSS"],"build_version":"2018-11-15","purchased_purges":1,"victory":true,"max_hp_per_floor":[70,70,70,70,70,70,70,70,70,70,70,70,70,70,70,70,70,70,70,70,70,70,70,70,70,70,70,70,70,70,70,70,70,70,70,70,70,70,70,70,66,66,66,66,66,66,76,76,76,76],"card_choices":[{"not_picked":["Bane","Dodge and Roll"],"picked":"Deadly Poison","floor":1.0},{"not_picked":["Poisoned Stab","Dagger Throw"],"picked":"Deadly Poison","floor":3.0},{"not_picked":["Quick Slash","Poisoned Stab"],"picked":"Backflip","floor":4.0},{"not_picked":["Heel Hook","Leg Sweep"],"picked":"Footwork","floor":5.0},{"not_picked":["Slice","Finisher","PiercingWail"],"picked":"SKIP","floor":13.0},{"not_picked":["Slice","Finisher"],"picked":"PiercingWail","floor":13.0},{"not_picked":["Dagger Spray","Slice"],"picked":"Tools of the Trade","floor":14.0},{"not_picked":["Corpse Explosion","Bullet Time"],"picked":"Adrenaline","floor":16.0},{"not_picked":["Deflect","Flying Knee+1","Deadly Poison"],"picked":"SKIP","floor":18.0},{"not_picked":["Expertise","Infinite Blades","Bane"],"picked":"SKIP","floor":19.0},{"not_picked":["Poisoned Stab","Eviscerate"],"picked":"Quick Slash","floor":20.0},{"not_picked":["Dagger Spray","Tactician"],"picked":"Dodge and Roll","floor":23.0},{"not_picked":["Slice","Deadly Poison","Choke"],"picked":"SKIP","floor":25.0},{"not_picked":["Blade Dance","Poisoned Stab","Backstab+1"],"picked":"SKIP","floor":29.0},{"not_picked":["Sucker Punch","Die Die Die"],"picked":"Acrobatics+1","floor":31.0},{"not_picked":["Burst","Unload"],"picked":"Adrenaline","floor":33.0},{"not_picked":["Outmaneuver","PiercingWail+1","Poisoned Stab+1"],"picked":"SKIP","floor":35.0},{"not_picked":["Outmaneuver","PiercingWail+1","Poisoned Stab+1"],"picked":"SKIP","floor":35.0},{"not_picked":["Riddle With Holes","Dodge and Roll","Dagger Throw+1"],"picked":"SKIP","floor":36.0},{"not_picked":["Masterful Stab+1","Expertise"],"picked":"Backflip","floor":37.0},{"not_picked":["Infinite Blades","Expertise+1"],"picked":"Deadly Poison+1","floor":38.0},{"not_picked":["Quick Slash","Endless Agony+1"],"picked":"Noxious Fumes+1","floor":39.0},{"not_picked":["Masterful Stab+1","PiercingWail","Riddle With Holes"],"picked":"SKIP","floor":44.0},{"not_picked":["Terror","Flying Knee","Prepared+1"],"picked":"SKIP","floor":45.0},{"not_picked":["Infinite Blades+1","Dodge and Roll+1","Heel Hook+1"],"picked":"Night Terror","floor":48}],"player_experience":32493,"relics_obtained":[{"floor":23.0,"key":"Ancient Tea Set"},{"floor":25.0,"key":"Potion Belt"},{"floor":31.0,"key":"The Specimen"},{"floor":38.0,"key":"Thread and Needle"},{"floor":39.0,"key":"Turnip"},{"floor":44.0,"key":"Bag of Preparation"},{"floor":46.0,"key":"Question Card"}],"event_choices":[{"damage_healed":0.0,"max_hp_gain":0.0,"max_hp_loss":0.0,"gold_gain":0.0,"event_name":"Shining Light","player_choice":"Entered Light","floor":7.0,"gold_loss":0.0,"damage_taken":14.0,"cards_upgraded":["Footwork","Defend_G"]},{"damage_healed":0.0,"max_hp_gain":0.0,"max_hp_loss":0.0,"gold_gain":0.0,"event_name":"Golden Idol","player_choice":"Take Damage","floor":10.0,"gold_loss":0.0,"damage_taken":17.0,"relics_obtained":["Golden Idol"]},{"cards_removed":["Strike_G"],"damage_healed":0.0,"max_hp_gain":0.0,"max_hp_loss":0.0,"gold_gain":0.0,"event_name":"Bonfire Elementals","player_choice":"Offered Basic","floor":11.0,"gold_loss":0.0,"damage_taken":0.0},{"damage_healed":0.0,"max_hp_gain":0.0,"max_hp_loss":0.0,"gold_gain":0.0,"cards_transformed":["Strike_G"],"event_name":"Transmorgrifier","player_choice":"Transformed","floor":21.0,"gold_loss":0.0,"damage_taken":0.0,"cards_obtained":["Well Laid Plans"]},{"damage_healed":0.0,"max_hp_gain":0.0,"max_hp_loss":0.0,"gold_gain":0.0,"event_name":"Upgrade Shrine","player_choice":"Upgraded","floor":27.0,"gold_loss":0.0,"damage_taken":0.0,"cards_upgraded":["Well Laid Plans"]},{"damage_healed":0.0,"max_hp_gain":0.0,"max_hp_loss":0.0,"gold_gain":0.0,"event_name":"MindBloom","player_choice":"Fight","floor":38.0,"gold_loss":0.0,"damage_taken":0.0},{"damage_healed":0.0,"max_hp_gain":0.0,"max_hp_loss":0.0,"gold_gain":0.0,"event_name":"Mysterious Sphere","player_choice":"Fight","floor":39.0,"gold_loss":0.0,"damage_taken":0.0},{"damage_healed":0.0,"max_hp_gain":0.0,"max_hp_loss":4.0,"gold_gain":0.0,"event_name":"Winding Halls","player_choice":"Max HP","floor":41.0,"gold_loss":0.0,"damage_taken":0.0}],"is_beta":false,"boss_relics":[{"not_picked":["Velvet Choker","Lizard Tail"],"picked":"Coffee Dripper"},{"not_picked":["Philosopher\u0027s Stone","Snecko Eye"],"picked":"Astrolabe"}],"items_purged_floors":[47],"is_endless":false,"potions_floor_spawned":[4,5,16,23,25,37,38,44,45],"ascension_level":4}