{"path_per_floor":["M","?","M","?","M","R","E","?","T","M","M","R","M","$","R","B",null,"M","?","$","?","M","?","R","M","T","R","$","M","M"],"character_chosen":"DEFECT","items_purchased":["Electrodynamics"],"gold_per_floor":[113,113,132,132,146,146,182,182,206,219,239,239,263,34,34,164,164,132,162,62,62,78,78,78,92,144,144,19,42,66,66],"floor_reached":31,"campfire_rested":4,"playtime":2363,"item_purchase_floors":[14],"current_hp_per_floor":[72,65,64,46,45,45,9,27,27,16,3,40,35,35,72,51,75,44,44,44,44,29,29,65,37,37,72,72,34,1,0],"items_purged":["Strike_B","Parasite","Strike_B"],"gold":66,"score":237,"play_id":"163d76f5-d357-4936-bc9c-1eee8dbc6c48","local_time":"20180603174837","is_prod":false,"is_daily":false,"chose_seed":false,"is_ascension_mode":false,"campfire_upgraded":1,"win_rate":0.0,"timestamp":1528066117,"campfire_choices":[{"data":"Fusion","floor":6.0,"key":"SMITH"},{"floor":12,"key":"REST"},{"floor":15,"key":"REST"},{"floor":24,"key":"REST"},{"floor":27,"key":"REST"}],"path_taken":["M","?","M","?","?","R","E","?","T","M","M","R","M","$","R","BOSS","M","?","$","?","?","?","R","M","T","R","$","M","M","M"],"build_version":"2018-05-31","seed_source_timestamp":0,"purchased_purges":3,"victory":false,"master_deck":["Strike_B","Defend_B","Defend_B","Defend_B","Defend_B","Zap","Dualcast","Lockon","Fusion+1","Rebound","Darkness","Electrodynamics","Creative AI","Storm","Redo+1","Redo+1"],"max_hp_per_floor":[75,75,75,75,75,75,75,75,75,75,75,75,75,75,75,75,75,75,75,72,72,72,72,72,72,72,72,72,72,72,72],"relics":["Cracked Core","Happy Flower","Golden Idol","Regal Pillow","Ancient Tea Set","Runic Pyramid","Tiny Chest","Bag of Preparation"],"card_choices":[{"not_picked":["Beam Cell","Aggregate"],"picked":"Lockon","floor":1.0},{"not_picked":["Gash","Streamline","Stack"],"picked":"SKIP","floor":3.0},{"not_picked":["Force Field","Conserve Battery"],"picked":"Fusion","floor":5.0},{"not_picked":["Barrage","Hello World"],"picked":"Rebound","floor":7.0},{"not_picked":["Compile Driver","Leap","Barrage"],"picked":"SKIP","floor":10},{"not_picked":["Fusion","Stack","Beam Cell"],"picked":"SKIP","floor":11},{"not_picked":["Chill","Fusion"],"picked":"Darkness","floor":13},{"not_picked":["Fission","Buffer"],"picked":"Creative AI","floor":16},{"not_picked":["Conserve Battery","Go for the Eyes"],"picked":"Storm","floor":18},{"not_picked":["Streamline","Reprogram","Conserve Battery+1"],"picked":"SKIP","floor":22},{"not_picked":["Streamline+1","Conserve Battery"],"picked":"Redo+1","floor":25},{"not_picked":["Chill+1","Echo Form"],"picked":"Redo+1","floor":29},{"not_picked":["Blizzard","Go for the Eyes","Sweeping Beam"],"picked":"SKIP","floor":30}],"player_experience":84982,"potions_floor_usage":[10,16,16,18],"damage_taken":[{"damage":3.0,"enemies":"2 Louse","floor":1.0,"turns":3.0},{"damage":1.0,"enemies":"Cultist","floor":3.0,"turns":3.0},{"damage":1.0,"enemies":"Jaw Worm","floor":5.0,"turns":3.0},{"damage":36.0,"enemies":"Lagavulin","floor":7.0,"turns":6.0},{"damage":11,"enemies":"Gremlin Gang","floor":10,"turns":6},{"damage":13,"enemies":"2 Fungi Beasts","floor":11,"turns":4},{"damage":5,"enemies":"Looter","floor":13,"turns":3},{"damage":21,"enemies":"Slime Boss","floor":16,"turns":7},{"damage":31,"enemies":"2 Thieves","floor":18,"turns":5},{"damage":15,"enemies":"Chosen","floor":22,"turns":4},{"damage":28,"enemies":"Snecko","floor":25,"turns":5},{"damage":38,"enemies":"Cultist and Chosen","floor":29,"turns":4},{"damage":33,"enemies":"Snake Plant","floor":30,"turns":4},{"damage":2,"enemies":"Slaver and Parasite","floor":31,"turns":1}],"relics_obtained":[{"floor":7.0,"key":"Regal Pillow"},{"floor":9,"key":"Ancient Tea Set"},{"floor":26,"key":"Bag of Preparation"}],"event_choices":[{"event_name":"Golden Wing","player_choice":"Card Removal","floor":2.0,"damage_taken":0.0},{"event_name":"Golden Idol","player_choice":"Take Damage","floor":4.0,"damage_taken":0.0},{"event_name":"Mushrooms","player_choice":"Healed and dodged fight","floor":8.0,"damage_taken":0.0},{"event_name":"The Mausoleum","player_choice":"Yes","floor":19,"damage_taken":0},{"event_name":"Vampires","player_choice":"Ignored","floor":21,"damage_taken":0},{"event_name":"N\u0027loth","player_choice":"Ignored","floor":23,"damage_taken":0}],"boss_relics":[{"not_picked":["Snecko Eye","Velvet Choker"],"picked":"Runic Pyramid"}],"items_purged_floors":[14,20,28],"potions_floor_spawned":[5,7,10,13,16,29],"seed_played":"8750205158565362013","killed_by":"Slaver and Parasite","ascension_level":0,"potions_obtained":[{"floor":5.0,"key":"Energy Potion"},{"floor":7.0,"key":"Poison Potion"},{"floor":10,"key":"Poison Potion"},{"floor":13,"key":"SpeedPotion"},{"floor":16,"key":"SteroidPotion"},{"floor":29,"key":"FearPotion"}],"is_trial":false}