{"path_per_floor":["M","$","?","?","M","E","R","M","T","M","M","E","M","M","R","B",null,"M","$","M","$","?","R"],"character_chosen":"IRONCLAD","items_purchased":["Armaments","Medical Kit"],"gold_per_floor":[115,17,17,17,28,54,54,74,100,112,124,149,159,176,176,278,278,294,194,205,3,3,3,3],"floor_reached":24,"campfire_rested":0,"playtime":3135,"item_purchase_floors":[2,21],"current_hp_per_floor":[88,88,81,63,65,63,63,69,76,71,70,65,71,75,75,8,95,84,84,50,50,50,50,0],"items_purged":["Defend_R","Strike_R"],"gold":3,"score":233,"play_id":"0461e08b-7873-47b0-a7c0-cd269cdb3960","local_time":"20180529221649","is_prod":false,"is_daily":false,"chose_seed":false,"is_ascension_mode":false,"campfire_upgraded":3,"win_rate":0,"timestamp":1527650209,"campfire_choices":[{"data":"Armaments","floor":7,"key":"SMITH"},{"data":"Dark Embrace","floor":15,"key":"SMITH"},{"data":"Fiend Fire","floor":23,"key":"SMITH"}],"path_taken":["M","$","?","?","?","E","R","M","T","M","M","E","M","M","R","BOSS","M","$","M","?","?","R","E"],"build_version":"2018-05-24","seed_source_timestamp":601930861535209,"purchased_purges":2,"victory":false,"master_deck":["Strike_R+1","Strike_R","Strike_R","Defend_R+1","Defend_R","Defend_R","Bash","Feel No Pain","Armaments+1","Body Slam","Metallicize","Dark Embrace+1","Infernal Blade","Fiend Fire+1"],"max_hp_per_floor":[88,88,88,88,88,88,88,88,95,95,95,95,95,95,95,95,95,95,95,95,95,95,95,95],"relics":["Burning Blood","Bag of Marbles","Strawberry","Bottled Tornado","White Beast Statue","Medical Kit"],"card_choices":[{"not_picked":["Warcry","Bloodletting"],"picked":"Feel No Pain","floor":1},{"not_picked":["Sever Soul","Havoc","Sentinel"],"picked":"SKIP","floor":5},{"not_picked":["Thunderclap","Clash"],"picked":"Body Slam","floor":6},{"not_picked":["Clothesline","Whirlwind","Cleave"],"picked":"SKIP","floor":8},{"not_picked":["Second Wind","Thunderclap","Pommel Strike"],"picked":"SKIP","floor":10},{"not_picked":["Blood for Blood","Uppercut"],"picked":"Metallicize","floor":11},{"not_picked":["Fire Breathing","Warcry"],"picked":"Dark Embrace","floor":12},{"not_picked":["Whirlwind","Sword Boomerang","Flex"],"picked":"SKIP","floor":13},{"not_picked":["Pommel Strike","Thunderclap"],"picked":"Infernal Blade","floor":14},{"not_picked":["Double Tap","Demon Form"],"picked":"Fiend Fire","floor":16},{"not_picked":["Heavy Blade","Hemokinesis","True Grit"],"picked":"SKIP","floor":18},{"not_picked":["Heavy Blade","Armaments","Body Slam"],"picked":"SKIP","floor":20}],"player_experience":58932,"potions_floor_usage":[12,12,12,16,20,24],"damage_taken":[{"damage":4,"enemies":"2 Louse","floor":1,"turns":3},{"damage":4,"enemies":"Small Slimes","floor":5,"turns":4},{"damage":8,"enemies":"3 Sentries","floor":6,"turns":12},{"damage":0,"enemies":"Jaw Worm","floor":8,"turns":2},{"damage":11,"enemies":"Red Slaver","floor":10,"turns":5},{"damage":7,"enemies":"Blue Slaver","floor":11,"turns":3},{"damage":11,"enemies":"Gremlin Nob","floor":12,"turns":4},{"damage":0,"enemies":"2 Fungi Beasts","floor":13,"turns":7},{"damage":2,"enemies":"Looter","floor":14,"turns":3},{"damage":73,"enemies":"The Guardian","floor":16,"turns":19},{"damage":17,"enemies":"3 Byrds","floor":18,"turns":9},{"damage":40,"enemies":"Shell Parasite","floor":20,"turns":10},{"damage":52,"enemies":"Gremlin Leader","floor":24,"turns":5}],"relics_obtained":[{"floor":6,"key":"Bag of Marbles"},{"floor":9,"key":"Strawberry"},{"floor":12,"key":"Bottled Tornado"}],"event_choices":[{"event_name":"Golden Wing","player_choice":"Card Removal","floor":3,"damage_taken":0},{"event_name":"Shining Light","player_choice":"Entered Light","floor":4,"damage_taken":0},{"event_name":"Ghosts","player_choice":"Ignored","floor":22,"damage_taken":0}],"boss_relics":[{"not_picked":["Sozu","Runic Dome"],"picked":"White Beast Statue"}],"items_purged_floors":[2,19],"potions_floor_spawned":[5,8,10,11,13,18,20],"seed_played":"-980117563432675893","killed_by":"Gremlin Leader","ascension_level":0,"potions_obtained":[{"floor":5,"key":"Ancient Potion"},{"floor":8,"key":"LiquidBronze"},{"floor":10,"key":"FearPotion"},{"floor":13,"key":"FearPotion"},{"floor":18,"key":"Energy Potion"},{"floor":20,"key":"AttackPotion"}],"is_trial":false}