{"gold_per_floor":[112,37,37,48,48,74,86,86,133,133,133,133,165,182,182,285,285,302,48,48,63,63,73,73,20,20,20,34,51,51,51,51,51],"floor_reached":33,"playtime":1101,"items_purged":["Defend_R","Fire Breathing+1"],"score":353,"play_id":"628e25ea-fa15-4faa-bc00-dfa7df6303f9","local_time":"20190212091116","is_ascension_mode":false,"campfire_choices":[{"floor":10.0,"key":"REST"},{"floor":12.0,"key":"REST"},{"floor":15.0,"key":"REST"},{"floor":24.0,"key":"REST"},{"floor":32.0,"key":"REST"}],"neow_cost":"PERCENT_DAMAGE","seed_source_timestamp":42277338038452,"circlet_count":0,"master_deck":["Strike_R+1","Strike_R+1","Strike_R+1","Strike_R+1","Strike_R+1","Defend_R+1","Bash","Flex+1","Flex+1","Flex","Pommel Strike","Clash","Wild Strike","Twin Strike","Perfected Strike+1","Shrug It Off","Perfected Strike+1","Flex"],"special_seed":0,"relics":["Burning Blood","Torii","Frozen Egg 2","Ancient Tea Set","War Paint","Mercury Hourglass","Orrery","Vajra","Pear"],"potions_floor_usage":[33],"damage_taken":[{"damage":3.0,"enemies":"Cultist","floor":1.0,"turns":6.0},{"damage":0.0,"enemies":"Small Slimes","floor":4.0,"turns":3.0},{"damage":40.0,"enemies":"Gremlin Nob","floor":6.0,"turns":5.0},{"damage":6.0,"enemies":"Jaw Worm","floor":7.0,"turns":3.0},{"damage":19.0,"enemies":"3 Sentries","floor":13.0,"turns":6.0},{"damage":32.0,"enemies":"Exordium Thugs","floor":14.0,"turns":4.0},{"damage":0.0,"enemies":"Slime Boss","floor":16.0,"turns":5.0},{"damage":23.0,"enemies":"Shell Parasite","floor":18.0,"turns":4.0},{"damage":21.0,"enemies":"2 Thieves","floor":21.0,"turns":3.0},{"damage":24.0,"enemies":"Centurion and Healer","floor":23.0,"turns":3.0},{"damage":0.0,"enemies":"3 Cultists","floor":28.0,"turns":3.0},{"damage":1.0,"enemies":"Cultist and Chosen","floor":29.0,"turns":4.0},{"damage":92,"enemies":"Automaton","floor":33,"turns":6}],"seed_played":"-3101342185292771406","potions_obtained":[{"floor":1.0,"key":"SpeedPotion"},{"floor":6.0,"key":"Explosive Potion"},{"floor":23.0,"key":"Strength Potion"}],"is_trial":false,"path_per_floor":["M","$","T","M","?","E","M","$","T","R","?","R","E","M","R","B",null,"M","$","?","M","?","M","R","$","T","?","M","M","?","?","R","B"],"character_chosen":"IRONCLAD","items_purchased":["Vajra","Shrug It Off"],"campfire_rested":5,"item_purchase_floors":[19,25],"current_hp_per_floor":[59,59,59,65,65,31,31,31,31,55,48,72,59,33,57,63,80,63,63,63,48,48,30,54,54,64,64,70,75,57,57,85,0],"gold":51,"neow_bonus":"ONE_RARE_RELIC","is_prod":false,"is_daily":false,"chose_seed":false,"campfire_upgraded":0,"win_rate":0,"timestamp":1549951876,"path_taken":["M","$","?","?","?","E","M","$","T","R","?","R","E","M","R","BOSS","M","$","?","M","?","?","R","$","T","?","M","?","?","?","R","BOSS"],"build_version":"2019-01-23","purchased_purges":2,"victory":false,"max_hp_per_floor":[80,80,80,80,80,80,80,80,80,80,80,80,80,80,80,80,80,80,80,80,80,80,80,80,80,90,90,90,90,95,95,95,95],"card_choices":[{"not_picked":["Rupture","Sword Boomerang"],"picked":"Flex","floor":1.0},{"not_picked":["True Grit","Power Through"],"picked":"Flex","floor":4.0},{"not_picked":["Heavy Blade","Sword Boomerang"],"picked":"Flex","floor":6.0},{"not_picked":["Carnage","Anger"],"picked":"Pommel Strike","floor":7.0},{"not_picked":["Reaper","Searing Blow"],"picked":"Clash","floor":13.0},{"not_picked":["Shrug It Off","True Grit"],"picked":"Wild Strike","floor":14.0},{"not_picked":["Infernal Blade","Armaments"],"picked":"Twin Strike","floor":17.0},{"not_picked":["Sentinel","Body Slam"],"picked":"Fire Breathing+1","floor":17.0},{"not_picked":["Clash","Pummel+1","Sentinel"],"picked":"SKIP","floor":18.0},{"not_picked":["Clothesline","Uppercut+1","Feel No Pain+1"],"picked":"SKIP","floor":21.0},{"not_picked":["Iron Wave+1","Shrug It Off+1"],"picked":"Perfected Strike+1","floor":23.0},{"not_picked":["True Grit","Thunderclap","Iron Wave"],"picked":"SKIP","floor":28.0},{"not_picked":["Feel No Pain+1","Clothesline"],"picked":"Flex","floor":29.0}],"player_experience":332791,"relics_obtained":[{"floor":3.0,"key":"Frozen Egg 2"},{"floor":6.0,"key":"Ancient Tea Set"},{"floor":9.0,"key":"War Paint"},{"floor":13.0,"key":"Mercury Hourglass"},{"floor":26.0,"key":"Pear"}],"event_choices":[{"damage_healed":0.0,"max_hp_gain":0.0,"max_hp_loss":0.0,"gold_gain":0.0,"event_name":"The Cleric","player_choice":"Leave","floor":5.0,"gold_loss":0.0,"damage_taken":0.0},{"cards_removed":["Defend_R"],"damage_healed":0.0,"max_hp_gain":0.0,"max_hp_loss":0.0,"gold_gain":0.0,"event_name":"Golden Wing","player_choice":"Card Removal","floor":11.0,"gold_loss":0.0,"damage_taken":7.0},{"damage_healed":0.0,"max_hp_gain":0.0,"max_hp_loss":0.0,"gold_gain":0.0,"event_name":"Back to Basics","player_choice":"Simplicity","floor":20.0,"gold_loss":0.0,"damage_taken":0.0,"cards_upgraded":["Strike_R","Strike_R","Strike_R","Strike_R","Strike_R","Defend_R","Defend_R"]},{"cards_removed":["Defend_R"],"damage_healed":0.0,"max_hp_gain":0.0,"max_hp_loss":0.0,"gold_gain":0.0,"event_name":"Purifier","player_choice":"Purged","floor":22.0,"gold_loss":0.0,"damage_taken":0.0},{"damage_healed":0.0,"max_hp_gain":0.0,"max_hp_loss":0.0,"gold_gain":0.0,"event_name":"Duplicator","player_choice":"Copied","floor":27.0,"gold_loss":0.0,"damage_taken":0.0,"cards_obtained":["Perfected Strike"]},{"damage_healed":0.0,"max_hp_gain":5.0,"max_hp_loss":0.0,"gold_gain":0.0,"event_name":"Forgotten Altar","player_choice":"Shed Blood","floor":30.0,"gold_loss":0.0,"damage_taken":23.0},{"damage_healed":0.0,"max_hp_gain":0.0,"max_hp_loss":0.0,"gold_gain":0.0,"event_name":"The Woman in Blue","player_choice":"Bought 0 Potions","floor":31.0,"gold_loss":0.0,"damage_taken":0.0}],"is_beta":false,"boss_relics":[{"not_picked":["Calling Bell","Sozu"],"picked":"Orrery"}],"items_purged_floors":[2,19],"is_endless":false,"potions_floor_spawned":[1,6,23],"killed_by":"Automaton","ascension_level":0}