{"gold_per_floor":[112,387,406,419,12,12,23,23,75,25,41,73,97,97,97,217,217,240,263,296,316,316,316,335,335,362,362,362,287,11,11,11,134,134,150,483,530,752,763,788,788,25,76,90,0,15,48,148,148,148],"floor_reached":51,"playtime":1005,"items_purged":["Regret","Defend_R"],"score":751,"play_id":"275307d8-eba3-42f7-b785-b105602295ac","local_time":"20190215165136","is_ascension_mode":false,"campfire_choices":[{"data":"Flex","floor":6.0,"key":"SMITH"},{"data":"Corruption","floor":8.0,"key":"SMITH"},{"data":"Whirlwind","floor":15.0,"key":"SMITH"},{"data":"Demon Form","floor":23.0,"key":"SMITH"},{"data":"Inflame","floor":25.0,"key":"SMITH"},{"data":"Rampage","floor":27.0,"key":"SMITH"},{"floor":32.0,"key":"REST"},{"data":"Uppercut","floor":41.0,"key":"SMITH"},{"data":"Juggernaut","floor":49.0,"key":"SMITH"}],"neow_cost":"NONE","seed_source_timestamp":17766026898427,"circlet_count":0,"master_deck":["Strike_R+1","Defend_R","Defend_R","Bash","Rampage+1","Headbutt+1","Flex+1","Corruption+1","Spot Weakness+1","Pummel","Feed","Whirlwind+1","Intimidate","Demon Form+1","Infernal Blade+1","Battle Trance","Inflame+1","Feel No Pain+1","Iron Wave+1","Battle Trance","Impervious","Uppercut+1","Immolate+1","Shockwave","Pommel Strike+1","Whirlwind+1","Carnage","Rage","Shrug It Off","Pummel","Feel No Pain+1","Juggernaut+1"],"special_seed":0,"relics":["Burning Blood","NeowsBlessing","Bronze Scales","Omamori","Whetstone","Art of War","Philosopher\u0027s Stone","Red Mask","Mercury Hourglass","War Paint","Chemical X","Coffee Dripper","Juzu Bracelet","Ancient Tea Set","DollysMirror","PreservedInsect","Lantern","Regal Pillow"],"potions_floor_usage":[50,50,50],"damage_taken":[{"damage":0.0,"enemies":"Small Slimes","floor":1.0,"turns":1.0},{"damage":0.0,"enemies":"Cultist","floor":3.0,"turns":1.0},{"damage":0.0,"enemies":"Jaw Worm","floor":4.0,"turns":1.0},{"damage":14.0,"enemies":"Blue Slaver","floor":7.0,"turns":3.0},{"damage":0.0,"enemies":"3 Louse","floor":11.0,"turns":3.0},{"damage":22.0,"enemies":"3 Sentries","floor":12.0,"turns":4.0},{"damage":66.0,"enemies":"The Guardian","floor":16.0,"turns":8.0},{"damage":26.0,"enemies":"Shell Parasite","floor":18.0,"turns":5.0},{"damage":18.0,"enemies":"3 Byrds","floor":19.0,"turns":2.0},{"damage":23.0,"enemies":"Masked Bandits","floor":20.0,"turns":4.0},{"damage":10.0,"enemies":"Centurion and Healer","floor":21.0,"turns":3.0},{"damage":13.0,"enemies":"Snake Plant","floor":24.0,"turns":2.0},{"damage":4.0,"enemies":"Champ","floor":33.0,"turns":6.0},{"damage":8.0,"enemies":"Orb Walker","floor":35.0,"turns":3.0},{"damage":28.0,"enemies":"3 Darklings","floor":39.0,"turns":3.0},{"damage":18.0,"enemies":"Reptomancer","floor":40.0,"turns":4.0},{"damage":13.0,"enemies":"Maw","floor":44.0,"turns":5.0},{"damage":12.0,"enemies":"Spire Growth","floor":46.0,"turns":3.0},{"damage":9.0,"enemies":"Nemesis","floor":47.0,"turns":3.0},{"damage":31,"enemies":"Time Eater","floor":50,"turns":7}],"seed_played":"2407216470218061827","potions_obtained":[{"floor":1.0,"key":"LiquidBronze"},{"floor":7.0,"key":"GamblersBrew"},{"floor":16.0,"key":"Fire Potion"},{"floor":18.0,"key":"Strength Potion"},{"floor":19.0,"key":"BloodPotion"},{"floor":20.0,"key":"BloodPotion"},{"floor":21.0,"key":"GamblersBrew"},{"floor":39.0,"key":"EssenceOfSteel"},{"floor":40.0,"key":"Fire Potion"},{"floor":46.0,"key":"SkillPotion"}],"is_trial":false,"path_per_floor":["M","?","M","M","$","R","M","R","T","?","M","E","T","?","R","B",null,"M","M","?","M","T","R","M","R","T","R","?","?","$","?","R","B",null,"M","?","T","?","M","E","R","$","T","M","?","M","E","?","R","B",null],"character_chosen":"IRONCLAD","items_purchased":["Corruption","Bronze Scales","Spot Weakness","Pummel","Chemical X","Uppercut","DollysMirror","PreservedInsect","Carnage","Rage","Shrug It Off","Pummel","LiquidBronze"],"campfire_rested":1,"item_purchase_floors":[5,5,5,5,30,30,42,42,42,42,42,42,42],"current_hp_per_floor":[80,80,80,80,80,80,72,72,72,72,81,68,68,68,68,8,80,60,48,39,46,46,46,39,39,39,39,39,39,39,39,63,65,83,81,81,81,81,59,50,50,50,50,43,43,37,34,34,34,9],"gold":148,"neow_bonus":"THREE_ENEMY_KILL","is_prod":false,"is_daily":false,"chose_seed":false,"campfire_upgraded":8,"win_rate":0,"timestamp":1550271096,"path_taken":["M","?","?","?","$","R","M","R","T","?","M","E","?","?","R","BOSS","M","M","?","M","?","R","M","R","T","R","?","?","$","?","R","BOSS","M","?","?","?","M","E","R","$","T","M","?","M","E","?","R","BOSS"],"build_version":"2019-01-23","purchased_purges":2,"victory":true,"max_hp_per_floor":[80,80,80,80,80,80,80,80,80,80,83,86,86,80,80,80,80,80,80,80,83,83,83,83,83,83,83,83,83,83,83,83,83,83,83,83,83,83,83,86,86,86,86,86,86,86,86,86,86,86],"card_choices":[{"not_picked":["Iron Wave","Anger"],"picked":"Rampage","floor":1.0},{"not_picked":["Cleave","Thunderclap"],"picked":"Headbutt","floor":3.0},{"not_picked":["Wild Strike","Pommel Strike"],"picked":"Flex","floor":4.0},{"not_picked":["Ghostly Armor","Warcry"],"picked":"Feed","floor":7.0},{"not_picked":["Infernal Blade","Combust"],"picked":"Whirlwind","floor":11.0},{"not_picked":["Body Slam","Headbutt"],"picked":"Intimidate","floor":12.0},{"not_picked":["Double Tap","Fiend Fire"],"picked":"Demon Form","floor":16.0},{"not_picked":["Havoc","Clothesline+1"],"picked":"Infernal Blade","floor":18.0},{"not_picked":["Shrug It Off","Power Through"],"picked":"Battle Trance","floor":19.0},{"not_picked":["Hemokinesis+1","Power Through+1"],"picked":"Inflame","floor":20.0},{"not_picked":["Shockwave","Battle Trance"],"picked":"Feel No Pain+1","floor":21.0},{"not_picked":["Headbutt","Entrench+1"],"picked":"Iron Wave+1","floor":24.0},{"not_picked":["Barricade","Brutality"],"picked":"Immolate","floor":33.0},{"not_picked":["Dropkick","Headbutt+1"],"picked":"Shockwave","floor":35.0},{"not_picked":["Havoc","Shockwave"],"picked":"Pommel Strike+1","floor":39.0},{"not_picked":["Warcry+1","Power Through+1","Sword Boomerang+1"],"picked":"SKIP","floor":40.0},{"not_picked":["Iron Wave","True Grit"],"picked":"Feel No Pain+1","floor":44.0},{"not_picked":["Anger","Rage"],"picked":"Juggernaut","floor":46.0},{"not_picked":["Twin Strike","Warcry","Cleave+1"],"picked":"SKIP","floor":47.0}],"player_experience":832903,"relics_obtained":[{"floor":9.0,"key":"Omamori"},{"floor":12.0,"key":"Whetstone"},{"floor":13.0,"key":"Art of War"},{"floor":20.0,"key":"Red Mask"},{"floor":22.0,"key":"Mercury Hourglass"},{"floor":26.0,"key":"War Paint"},{"floor":37.0,"key":"Juzu Bracelet"},{"floor":40.0,"key":"Ancient Tea Set"},{"floor":43.0,"key":"Lantern"},{"floor":47.0,"key":"Regal Pillow"}],"event_choices":[{"damage_healed":0.0,"max_hp_gain":0.0,"max_hp_loss":0.0,"gold_gain":275.0,"event_name":"Golden Shrine","player_choice":"Desecrate","floor":2.0,"gold_loss":0.0,"damage_taken":0.0,"cards_obtained":["Regret"]},{"cards_removed":["Strike_R"],"damage_healed":0.0,"max_hp_gain":0.0,"max_hp_loss":0.0,"gold_gain":0.0,"event_name":"The Cleric","player_choice":"Card Removal","floor":10.0,"gold_loss":50.0,"damage_taken":0.0},{"damage_healed":0.0,"max_hp_gain":0.0,"max_hp_loss":6.0,"gold_gain":0.0,"event_name":"Golden Idol","player_choice":"Lose Max HP","floor":14.0,"gold_loss":0.0,"damage_taken":0.0,"relics_obtained":["Golden Idol"]},{"damage_healed":0.0,"max_hp_gain":0.0,"max_hp_loss":0.0,"gold_gain":0.0,"event_name":"Masked Bandits","player_choice":"Fought Bandits","floor":20.0,"gold_loss":0.0,"damage_taken":0.0},{"damage_healed":0.0,"max_hp_gain":0.0,"max_hp_loss":0.0,"gold_gain":0.0,"cards_transformed":["Strike_R","Strike_R"],"event_name":"Drug Dealer","player_choice":"Became Test Subject","floor":28.0,"gold_loss":0.0,"damage_taken":0.0,"cards_obtained":["Battle Trance","Impervious"]},{"cards_removed":["Strike_R"],"damage_healed":0.0,"max_hp_gain":0.0,"max_hp_loss":0.0,"gold_gain":0.0,"event_name":"Beggar","player_choice":"Gave Gold","floor":29.0,"gold_loss":75.0,"damage_taken":0.0},{"damage_healed":0.0,"max_hp_gain":0.0,"max_hp_loss":0.0,"gold_gain":0.0,"event_name":"Vampires","player_choice":"Ignored","floor":31.0,"gold_loss":0.0,"damage_taken":0.0},{"damage_healed":0.0,"max_hp_gain":0.0,"max_hp_loss":0.0,"gold_gain":333.0,"event_name":"The Moai Head","player_choice":"Gave Idol","floor":36.0,"relics_lost":["Golden Idol"],"gold_loss":0.0,"damage_taken":0.0},{"damage_healed":0.0,"max_hp_gain":0.0,"max_hp_loss":0.0,"gold_gain":222.0,"event_name":"Tomb of Lord Red Mask","player_choice":"Wore Mask","floor":38.0,"gold_loss":0.0,"damage_taken":0.0},{"cards_removed":["Defend_R"],"damage_healed":0.0,"max_hp_gain":0.0,"max_hp_loss":0.0,"gold_gain":0.0,"event_name":"Designer","player_choice":"Upgrade and Remove","floor":45.0,"gold_loss":90.0,"damage_taken":0.0,"cards_upgraded":["Immolate"]},{"damage_healed":0.0,"max_hp_gain":0.0,"max_hp_loss":0.0,"gold_gain":100.0,"event_name":"Golden Shrine","player_choice":"Pray","floor":48.0,"gold_loss":0.0,"damage_taken":0.0}],"is_beta":false,"boss_relics":[{"not_picked":["Runic Pyramid","Calling Bell"],"picked":"Philosopher\u0027s Stone"},{"not_picked":["Pandora\u0027s Box","Eternal Feather"],"picked":"Coffee Dripper"}],"items_purged_floors":[5,42],"is_endless":false,"potions_floor_spawned":[1,7,16,18,19,20,21,39,40,46,47],"ascension_level":0}