{"gold_per_floor":[110,110,110,110,130,130,145,145,168,194,211,227,227,246,246,345,345,356,376,143,143,157,157,171,171,171,203,203,219,219],"floor_reached":30,"playtime":1207,"items_purged":["Strike_G"],"score":277,"play_id":"b4f38ecf-0fb8-4f7f-b314-1ff6ae5fc15b","local_time":"20190213103456","is_ascension_mode":false,"campfire_choices":[{"floor":6.0,"key":"RECALL"},{"data":"Bouncing Flask","floor":8.0,"key":"SMITH"},{"floor":13.0,"key":"REST"},{"floor":15.0,"key":"REST"},{"floor":23,"key":"REST"},{"floor":25,"key":"REST"}],"neow_cost":"NONE","seed_source_timestamp":44760069614237,"circlet_count":0,"master_deck":["Defend_G","Defend_G","Defend_G","Defend_G","Defend_G","Strike_G","Strike_G","Strike_G+1","Strike_G","Survivor","Neutralize+1","Bouncing Flask+1","Sucker Punch","Slice","Terror+1","Phantasmal Killer+1","A Thousand Cuts","Crippling Poison+1","Deflect+1","Accuracy","Dramatic Entrance","Poisoned Stab","Backflip+1","Ghostly+1","Ghostly+1","Ghostly+1","Ghostly+1","Ghostly+1","Dagger Throw"],"special_seed":0,"relics":["Ring of the Snake","Calipers","Toxic Egg 2","Lizard Tail","Sundial","Dodecahedron"],"potions_floor_usage":[27,27,30,30],"damage_taken":[{"damage":0.0,"enemies":"2 Louse","floor":1.0,"turns":2.0},{"damage":1.0,"enemies":"Jaw Worm","floor":5.0,"turns":3.0},{"damage":0.0,"enemies":"Cultist","floor":7.0,"turns":3.0},{"damage":18.0,"enemies":"Lagavulin","floor":10.0,"turns":5.0},{"damage":4.0,"enemies":"3 Louse","floor":11.0,"turns":3.0},{"damage":0.0,"enemies":"Looter","floor":12.0,"turns":3.0},{"damage":4.0,"enemies":"Red Slaver","floor":14.0,"turns":5.0},{"damage":34.0,"enemies":"The Guardian","floor":16.0,"turns":9.0},{"damage":25,"enemies":"Spheric Guardian","floor":18,"turns":4},{"damage":18,"enemies":"3 Byrds","floor":19,"turns":5},{"damage":19,"enemies":"3 Cultists","floor":22,"turns":5},{"damage":21,"enemies":"Shelled Parasite and Fungi","floor":24,"turns":7},{"damage":32,"enemies":"Book of Stabbing","floor":27,"turns":9},{"damage":27,"enemies":"Centurion and Healer","floor":29,"turns":11},{"damage":1,"enemies":"3 Cultists","floor":30,"turns":4}],"seed_played":"3307112939678390046","potions_obtained":[{"floor":1.0,"key":"Swift Potion"},{"floor":7.0,"key":"EssenceOfSteel"},{"floor":10.0,"key":"EssenceOfSteel"},{"floor":21,"key":"EntropicBrew"},{"floor":27,"key":"FearPotion"}],"is_trial":false,"path_per_floor":["M","?","?","?","M","R","M","R","T","E","M","M","R","M","R","B",null,"M","M","$","?","M","R","M","R","T","E","?","M","M"],"character_chosen":"THE_SILENT","items_purchased":["Accuracy","Dramatic Entrance"],"campfire_rested":4,"item_purchase_floors":[20,20],"current_hp_per_floor":[77,62,62,62,61,61,61,61,61,43,39,39,62,58,77,43,77,52,34,34,34,15,38,17,40,40,8,8,1,0],"gold":219,"neow_bonus":"TEN_PERCENT_HP_BONUS","is_prod":false,"is_daily":false,"chose_seed":false,"campfire_upgraded":1,"win_rate":0,"timestamp":1550043296,"path_taken":["M","?","?","?","M","R","M","R","T","E","?","M","R","M","R","BOSS","M","M","$","?","?","R","M","R","T","E","?","M","M"],"build_version":"2019-01-23","purchased_purges":1,"victory":false,"max_hp_per_floor":[77,77,77,77,77,77,77,77,77,77,77,77,77,77,77,77,77,77,77,77,77,77,77,77,77,77,77,38,38,38],"card_choices":[{"not_picked":["Predator","Underhanded Strike"],"picked":"Bouncing Flask","floor":1.0},{"not_picked":["Backstab","Well Laid Plans","Masterful Stab"],"picked":"SKIP","floor":5.0},{"not_picked":["Well Laid Plans","Underhanded Strike"],"picked":"Sucker Punch","floor":7.0},{"not_picked":["Concentrate","Masterful Stab"],"picked":"Slice","floor":10.0},{"not_picked":["Endless Agony","Escape Plan+1","Deflect+1"],"picked":"SKIP","floor":11.0},{"not_picked":["PiercingWail+1","Cloak And Dagger+1"],"picked":"Terror+1","floor":12.0},{"not_picked":["Well Laid Plans","Slice"],"picked":"Phantasmal Killer+1","floor":14.0},{"not_picked":["Grand Finale","Night Terror+1"],"picked":"A Thousand Cuts","floor":16.0},{"not_picked":["Quick Slash+1","Finisher+1"],"picked":"Crippling Poison+1","floor":18},{"not_picked":["Well Laid Plans","Calculated Gamble+1"],"picked":"Deflect+1","floor":19},{"not_picked":["Calculated Gamble+1","Flying Knee"],"picked":"Poisoned Stab","floor":22},{"not_picked":["Predator","Eviscerate","Dagger Spray"],"picked":"SKIP","floor":24},{"not_picked":["Sucker Punch","Outmaneuver+1"],"picked":"Backflip+1","floor":27},{"not_picked":["PiercingWail+1","Well Laid Plans"],"picked":"Dagger Throw","floor":29}],"player_experience":374150,"relics_obtained":[{"floor":10.0,"key":"Toxic Egg 2"},{"floor":26,"key":"Sundial"},{"floor":27,"key":"Dodecahedron"}],"event_choices":[{"damage_healed":0.0,"max_hp_gain":0.0,"max_hp_loss":0.0,"gold_gain":0.0,"event_name":"Shining Light","player_choice":"Entered Light","floor":2.0,"gold_loss":0.0,"damage_taken":15.0,"cards_upgraded":["Strike_G","Neutralize"]},{"damage_healed":0.0,"max_hp_gain":0.0,"max_hp_loss":0.0,"gold_gain":0.0,"event_name":"Big Fish","player_choice":"Box","floor":3.0,"gold_loss":0.0,"damage_taken":0.0,"relics_obtained":["Calipers"],"cards_obtained":["Regret"]},{"cards_removed":["Regret"],"damage_healed":0.0,"max_hp_gain":0.0,"max_hp_loss":0.0,"gold_gain":0.0,"event_name":"Living Wall","player_choice":"Forget","floor":4.0,"gold_loss":0.0,"damage_taken":0.0},{"damage_healed":0,"gold_gain":0,"player_choice":"Got Potions","damage_taken":0,"max_hp_gain":0,"max_hp_loss":0,"event_name":"Lab","floor":21,"gold_loss":0},{"damage_healed":0,"gold_gain":0,"player_choice":"Became a Ghost","damage_taken":0,"max_hp_gain":0,"max_hp_loss":39,"event_name":"Ghosts","floor":28,"gold_loss":0,"cards_obtained":["Ghostly","Ghostly","Ghostly","Ghostly","Ghostly"]}],"is_beta":false,"boss_relics":[{"not_picked":["Tiny House","Runic Pyramid"],"picked":"Lizard Tail"}],"items_purged_floors":[20],"is_endless":false,"potions_floor_spawned":[1,7,10,12,14,19,22,27],"killed_by":"3 Cultists","ascension_level":0}