{"gold_per_floor":[366,366,379,81,97,97,132,32,78,78,78,78,78,91,91,195,195,210,9,27,41,41,41,73,73,148,148,148,148,148,174,174,273,273,291,344,344,107,107,107],"floor_reached":40,"playtime":5972,"items_purged":["Strike_G","Strike_G","Riddle With Holes","Survivor"],"score":617,"play_id":"4ca33782-bfa7-4963-be48-9df2b79848e7","local_time":"20180921013747","is_ascension_mode":true,"campfire_choices":[{"data":"Noxious Fumes","floor":6,"key":"SMITH"},{"data":"Backstab","floor":11,"key":"SMITH"},{"floor":15,"key":"REST"},{"data":"Catalyst","floor":23,"key":"SMITH"},{"data":"After Image","floor":25,"key":"SMITH"},{"data":"Noxious Fumes","floor":30,"key":"SMITH"},{"floor":32,"key":"REST"}],"neow_cost":"TEN_PERCENT_HP_LOSS","seed_source_timestamp":565564113500489,"circlet_count":0,"master_deck":["Neutralize","Slice","Backstab+1","Noxious Fumes+1","Bouncing Flask","After Image+1","Prepared","Dodge and Roll","Backflip","Backflip","Dagger Throw","Prepared","Calculated Gamble+1","Catalyst+1","Escape Plan","Noxious Fumes+1","Caltrops","Noxious Fumes"],"relics":["Ring of the Snake","Blood Vial","Lantern","Juzu Bracelet","Pandora\u0027s Box","Ice Cream","Strawberry","Singing Bowl","MutagenicStrength","Happy Flower","Black Star","Torii","Thread and Needle"],"potions_floor_usage":[14,14,14,24,33,33,40],"damage_taken":[{"damage":3,"enemies":"Jaw Worm","floor":1,"turns":4},{"damage":0,"enemies":"Cultist","floor":3,"turns":4},{"damage":0,"enemies":"Small Slimes","floor":5,"turns":3},{"damage":19,"enemies":"3 Sentries","floor":7,"turns":9},{"damage":11,"enemies":"Exordium Thugs","floor":14,"turns":4},{"damage":17,"enemies":"The Guardian","floor":16,"turns":10},{"damage":4,"enemies":"Shell Parasite","floor":18,"turns":6},{"damage":3,"enemies":"3 Byrds","floor":20,"turns":5},{"damage":7,"enemies":"Centurion and Healer","floor":21,"turns":4},{"damage":5,"enemies":"Gremlin Leader","floor":24,"turns":5},{"damage":13,"enemies":"Book of Stabbing","floor":31,"turns":5},{"damage":58,"enemies":"Automaton","floor":33,"turns":9},{"damage":1,"enemies":"Orb Walker","floor":35,"turns":4},{"damage":24,"enemies":"Mysterious Sphere","floor":36,"turns":6},{"damage":0,"enemies":"Mind Bloom Boss Battle","floor":37,"turns":5},{"damage":56,"enemies":"2 Orb Walkers","floor":40,"turns":3}],"seed_played":"7589609332661774489","potions_obtained":[{"floor":1,"key":"Strength Potion"},{"floor":5,"key":"SpeedPotion"},{"floor":12,"key":"LiquidBronze"},{"floor":12,"key":"EntropicBrew"},{"floor":12,"key":"Weak Potion"},{"floor":16,"key":"FearPotion"},{"floor":21,"key":"Regen Potion"},{"floor":24,"key":"Regen Potion"},{"floor":35,"key":"LiquidBronze"}],"is_trial":false,"path_per_floor":["M","?","M","$","M","R","E","$","T","?","R","?","$","M","R","B",null,"M","$","M","M","?","R","E","R","T","?","?","?","R","E","R","B",null,"M","?","?","$","?"],"character_chosen":"THE_SILENT","items_purchased":["Noxious Fumes","Blood Vial","Catalyst","Noxious Fumes","Prepared"],"campfire_rested":2,"item_purchase_floors":[4,4,19,38,38],"current_hp_per_floor":[60,60,60,60,62,62,44,44,44,44,44,44,44,35,53,38,57,55,55,54,49,49,49,68,68,68,68,68,68,68,57,70,29,61,64,44,48,48,48,0],"gold":107,"neow_bonus":"TWO_FIFTY_GOLD","is_prod":false,"is_daily":false,"chose_seed":false,"campfire_upgraded":5,"win_rate":0,"timestamp":1537511867,"path_taken":["M","?","M","$","M","R","E","?","T","?","R","?","$","M","R","BOSS","M","$","M","M","?","R","E","R","T","?","?","?","R","E","R","BOSS","M","?","?","$","?","E"],"build_version":"2018-09-20","purchased_purges":4,"victory":false,"max_hp_per_floor":[63,63,63,63,63,63,63,63,63,63,63,63,63,63,63,63,63,63,63,63,63,63,63,70,70,70,70,70,70,70,70,70,72,72,74,76,78,78,78,78],"card_choices":[{"not_picked":["Tactician","Flying Knee"],"picked":"Slice","floor":1},{"not_picked":["Bouncing Flask","Choke"],"picked":"Backstab","floor":3},{"not_picked":["Underhanded Strike","PiercingWail"],"picked":"Bouncing Flask","floor":5},{"not_picked":["Finisher","Eviscerate","PiercingWail"],"picked":"SKIP","floor":7},{"not_picked":["Accuracy","Outmaneuver","Deflect"],"picked":"SKIP","floor":14},{"not_picked":["Die Die Die","Wraith Form v2"],"picked":"After Image","floor":16},{"not_picked":["Outmaneuver+1","Acrobatics+1"],"picked":"Calculated Gamble+1","floor":18},{"not_picked":["Dagger Throw","Flying Knee","Outmaneuver"],"picked":"SKIP","floor":20},{"not_picked":["Slice","Poisoned Stab","Cloak And Dagger"],"picked":"SKIP","floor":21},{"not_picked":["Concentrate","Sucker Punch"],"picked":"Escape Plan","floor":24},{"not_picked":["Wraith Form v2","Deadly Poison+1"],"picked":"Caltrops","floor":31},{"not_picked":["Tools of the Trade","Wraith Form v2","Die Die Die"],"picked":"Singing Bowl","floor":33},{"not_picked":["Backflip+1","Bane+1","Acrobatics+1"],"picked":"Singing Bowl","floor":35},{"not_picked":["Slice","Dagger Throw","Expertise"],"picked":"Singing Bowl","floor":36},{"not_picked":["Cloak And Dagger+1","Outmaneuver","Dodge and Roll+1"],"picked":"Singing Bowl","floor":37}],"player_experience":402564,"relics_obtained":[{"floor":7,"key":"Lantern"},{"floor":9,"key":"Juzu Bracelet"},{"floor":24,"key":"Strawberry"},{"floor":26,"key":"Singing Bowl"},{"floor":31,"key":"Happy Flower"},{"floor":36,"key":"Torii"},{"floor":37,"key":"Thread and Needle"}],"event_choices":[{"event_name":"Match and Keep!","player_choice":"0 cards matched","floor":2,"damage_taken":0},{"event_name":"Purifier","player_choice":"One Purge","floor":10,"damage_taken":0},{"event_name":"The Lab","player_choice":"Got Potions","floor":12,"damage_taken":0},{"event_name":"WeMeetAgain","player_choice":"Potion","floor":22,"damage_taken":0},{"event_name":"The Library","player_choice":"Read","floor":27,"damage_taken":0},{"event_name":"Drug Dealer","player_choice":"Inject Mutagens","floor":28,"damage_taken":0},{"event_name":"Vampires","player_choice":"Ignored","floor":29,"damage_taken":0},{"event_name":"Mysterious Sphere","player_choice":"Fight","floor":36,"damage_taken":0},{"event_name":"MindBloom","player_choice":"Fight","floor":37,"damage_taken":0},{"event_name":"Falling","player_choice":"Removed Skill","floor":39,"damage_taken":0}],"is_beta":false,"boss_relics":[{"not_picked":["Velvet Choker","Tiny House"],"picked":"Pandora\u0027s Box"},{"not_picked":["Philosopher\u0027s Stone","Runic Pyramid"],"picked":"Black Star"}],"items_purged_floors":[4,8,19,38],"is_endless":false,"potions_floor_spawned":[1,5,16,21,24,35],"killed_by":"2 Orb Walkers","ascension_level":8}