{"path_per_floor":["M","?","?","$","M","R","E","R","T","R","?","$","?","M","R","B",null,"M","M","?","?","T","R","M","R","T","?","$","M","?","?","R","B",null,"M","?","M","M","?","R","E","?","T","?","$","R","M","M","R"],"character_chosen":"DEFECT","items_purchased":["Bottled Tornado","Loop","Regen Potion","Regen Potion"],"gold_per_floor":[110,110,110,35,48,48,79,79,149,149,149,49,49,64,64,161,161,181,200,200,225,298,298,310,310,355,280,28,43,43,43,43,138,168,183,236,248,262,262,262,287,287,311,533,184,184,203,213,213,213],"floor_reached":50,"campfire_rested":4,"playtime":3708,"item_purchase_floors":[],"current_hp_per_floor":[37,30,30,30,30,30,25,47,47,69,69,69,69,68,68,51,75,65,60,60,58,58,58,58,58,58,58,58,56,56,40,40,39,80,80,63,67,77,67,67,34,34,34,34,34,58,53,41,65,0],"items_purged":["Normality","Strike_B","Defend_B"],"gold":213,"score":464,"play_id":"168b8418-af50-4409-886c-dcce30d58aa5","local_time":"20180605193431","is_prod":false,"is_daily":false,"chose_seed":false,"is_ascension_mode":false,"campfire_upgraded":6,"win_rate":0,"timestamp":1528245271,"campfire_choices":[{"data":"Streamline","floor":6.0,"key":"SMITH"},{"floor":8.0,"key":"REST"},{"floor":10.0,"key":"REST"},{"data":"Zap","floor":15.0,"key":"SMITH"},{"data":"Tempest","floor":23.0,"key":"SMITH"},{"data":"Multi-Cast","floor":25.0,"key":"SMITH"},{"data":"Dualcast","floor":32,"key":"SMITH"},{"data":"Madness","floor":40,"key":"SMITH"},{"floor":46,"key":"REST"},{"floor":49,"key":"REST"}],"path_taken":["M","?","?","$","M","R","E","R","T","R","?","$","?","M","R","BOSS","M","M","?","?","?","R","M","R","T","?","$","M","?","?","R","BOSS","M","?","M","M","?","R","E","?","T","?","$","R","M","M","R","BOSS"],"build_version":"2018-05-31","seed_source_timestamp":0,"purchased_purges":3,"victory":false,"master_deck":["Defend_B","Zap+1","Dualcast+1","Conserve Battery+1","Streamline+1","Electrodynamics","Tempest+1","Conserve Battery","Thunder Strike","Skim","Multi-Cast+1","Conserve Battery","Heatsinks+1","Echo Form","Turbo+1","Madness+1","Madness","Biased Cognition","Loop","Chaos+1"],"max_hp_per_floor":[75,75,75,75,75,75,75,75,75,75,75,75,75,75,75,75,75,75,75,75,75,75,75,75,75,75,75,75,75,75,75,75,75,80,80,80,80,80,80,80,80,80,80,80,80,80,80,80,80,80],"relics":["Cracked Core","Sundial","Juzu Bracelet","Ornamental Fan","Du-Vu Doll","Red Mask","Mummified Hand","Vajra","Bottled Tornado","Nloth\u0027s Gift","Tiny House","Peace Pipe","Gremlin Horn","Dream Catcher"],"card_choices":[{"not_picked":["Hologram","FTL"],"picked":"Conserve Battery","floor":1.0},{"not_picked":["Cold Snap","Loop"],"picked":"Streamline","floor":5.0},{"not_picked":["Doom and Gloom","Turbo"],"picked":"Electrodynamics","floor":7.0},{"not_picked":["Gash","Ball Lightning"],"picked":"Conserve Battery","floor":14.0},{"not_picked":["Amplify","Meteor Strike"],"picked":"Thunder Strike","floor":16.0},{"not_picked":["Sweeping Beam","Rip and Tear+1"],"picked":"Skim","floor":18.0},{"not_picked":["Streamline","Beam Cell","Ball Lightning"],"picked":"SKIP","floor":19.0},{"not_picked":["Multi-Cast","Reprogram"],"picked":"Conserve Battery","floor":21.0},{"not_picked":["Steam","Skim"],"picked":"Self Repair+1","floor":24.0},{"not_picked":["Rebound","Turbo"],"picked":"Heatsinks+1","floor":29.0},{"not_picked":["Rainbow","Thunder Strike"],"picked":"Echo Form","floor":33},{"not_picked":["Streamline","Rebound+1","Multi-Cast"],"picked":"SKIP","floor":35},{"not_picked":["Beam Cell+1","Streamline"],"picked":"Turbo+1","floor":37},{"not_picked":["Gash+1","Chill+1","Blizzard+1"],"picked":"SKIP","floor":38},{"not_picked":["Rip and Tear+1","Fission"],"picked":"Biased Cognition","floor":41},{"not_picked":["Sunder","Rebound+1"],"picked":"Chaos+1","floor":46},{"not_picked":["Leap+1","Redo","Steam+1"],"picked":"SKIP","floor":47},{"not_picked":["Steam","Sweeping Beam","Barrage"],"picked":"SKIP","floor":48}],"player_experience":112281,"potions_floor_usage":[33,33,41,41,48,48,50],"damage_taken":[{"damage":1.0,"enemies":"Jaw Worm","floor":1.0,"turns":5.0},{"damage":0.0,"enemies":"Small Slimes","floor":5.0,"turns":4.0},{"damage":5.0,"enemies":"Lagavulin","floor":7.0,"turns":6.0},{"damage":1.0,"enemies":"2 Louse","floor":14.0,"turns":2.0},{"damage":17.0,"enemies":"The Guardian","floor":16.0,"turns":10.0},{"damage":10.0,"enemies":"3 Byrds","floor":18.0,"turns":2.0},{"damage":5.0,"enemies":"Spheric Guardian","floor":19.0,"turns":4.0},{"damage":2.0,"enemies":"Masked Bandits","floor":21.0,"turns":2.0},{"damage":0.0,"enemies":"3 Cultists","floor":24.0,"turns":3.0},{"damage":2.0,"enemies":"Snake Plant","floor":29.0,"turns":4.0},{"damage":11,"enemies":"Automaton","floor":33,"turns":6},{"damage":6,"enemies":"3 Shapes","floor":35,"turns":2},{"damage":17,"enemies":"Mysterious Sphere","floor":36,"turns":4},{"damage":6,"enemies":"3 Darklings","floor":37,"turns":2},{"damage":0,"enemies":"Sphere and 2 Shapes","floor":38,"turns":2},{"damage":43,"enemies":"Nemesis","floor":41,"turns":7},{"damage":5,"enemies":"Maw","floor":47,"turns":4},{"damage":12,"enemies":"3 Darklings","floor":48,"turns":2},{"damage":78,"enemies":"Donu and Deca","floor":50,"turns":4}],"relics_obtained":[{"floor":7.0,"key":"Juzu Bracelet"},{"floor":9.0,"key":"Ornamental Fan"},{"floor":21.0,"key":"Red Mask"},{"floor":22.0,"key":"Mummified Hand"},{"floor":26.0,"key":"Vajra"},{"floor":36,"key":"Peace Pipe"},{"floor":41,"key":"Gremlin Horn"},{"floor":43,"key":"Dream Catcher"}],"event_choices":[{"event_name":"Golden Wing","player_choice":"Card Removal","floor":2.0,"damage_taken":0.0},{"event_name":"Accursed Blacksmith","player_choice":"Rummage","floor":3.0,"damage_taken":0.0},{"event_name":"Wheel of Change","player_choice":"Relic","floor":11.0,"damage_taken":0.0},{"event_name":"Transmorgrifier","player_choice":"Transform","floor":13.0,"damage_taken":0.0},{"event_name":"Match and Keep!","player_choice":"1 cards matched","floor":20.0,"damage_taken":0.0},{"event_name":"Masked Bandits","player_choice":"Fought over 200 gold","floor":21.0,"damage_taken":0.0},{"event_name":"Beggar","player_choice":"Gave Gold","floor":27.0,"damage_taken":0.0},{"event_name":"N\u0027loth","player_choice":"Traded a White Beast Statue","floor":30.0,"damage_taken":0.0},{"event_name":"Cursed Tome","player_choice":"Obtained Book","floor":31.0,"damage_taken":0.0},{"event_name":"Mysterious Sphere","player_choice":"Fight","floor":36,"damage_taken":0},{"event_name":"Winding Halls","player_choice":"Embrace Madness","floor":39,"damage_taken":0},{"event_name":"Tomb of Lord Red Mask","player_choice":"Wore Mask","floor":44,"damage_taken":0}],"boss_relics":[{"not_picked":["Philosopher\u0027s Stone","Black Star"],"picked":"Tiny House"}],"items_purged_floors":[],"potions_floor_spawned":[5,14,16,18,19,21,24,29,36,38,41,47],"seed_played":"-2901196113522091680","killed_by":"Donu and Deca","ascension_level":0,"potions_obtained":[{"floor":5.0,"key":"SmokeBomb"},{"floor":14.0,"key":"AttackPotion"},{"floor":16.0,"key":"AttackPotion"},{"floor":18.0,"key":"PowerPotion"},{"floor":19.0,"key":"Energy Potion"},{"floor":29.0,"key":"FocusPotion"},{"floor":34,"key":"SteroidPotion"},{"floor":36,"key":"AttackPotion"},{"floor":38,"key":"Energy Potion"},{"floor":41,"key":"PowerPotion"},{"floor":47,"key":"FocusPotion"}],"is_trial":false}