{"gold_per_floor":[118,118,138,138,148,173,173,173,199,199,199,199,231,250,250,348,348,366,311,311,311,321,321,334,349,349,349,71,71,19,38,38,136,136,146,146,146,0,15,15,47,47,74,74,74,86,86,96,96,96],"floor_reached":50,"playtime":3297,"items_purged":[],"score":503,"play_id":"59437fcd-8579-40b9-b582-6a051536118e","local_time":"20180717013109","is_ascension_mode":false,"campfire_choices":[{"floor":7.0,"key":"REST"},{"data":"Echo Form","floor":10.0,"key":"SMITH"},{"floor":15.0,"key":"REST"},{"floor":23.0,"key":"REST"},{"floor":29.0,"key":"REST"},{"floor":32.0,"key":"REST"},{"data":"Apotheosis","floor":40.0,"key":"SMITH"},{"floor":44,"key":"REST"},{"data":"Buffer","floor":47,"key":"SMITH"},{"data":"Consume","floor":49,"key":"SMITH"}],"neow_cost":"NONE","seed_source_timestamp":806504786515235,"circlet_count":0,"master_deck":["Strike_B+1","Strike_B+1","Strike_B+1","Strike_B+1","Defend_B+1","Defend_B+1","Defend_B+1","Defend_B+1","Zap","Dualcast","Darkness+1","Consume+1","Echo Form+1","Rip and Tear","Zap","Double Energy","Cold Snap","Rebound","Turbo","Melter","Biased Cognition+1","Hello World+1","Sweeping Beam","Redo","Sunder+1","Apotheosis+1","Self Repair","Buffer+1","Redo+1","Dark Shackles","Chill","Writhe","Redo+1"],"special_seed":0,"relics":["Cracked Core","Anchor","Potion Belt","Ginger","Ancient Tea Set","Eternal Feather","Tiny Chest","Mercury Hourglass","Bronze Scales","Velvet Choker","Dodecahedron","Red Mask","Bag of Preparation","Vajra","Bottled Flame"],"potions_floor_usage":[41,50,50],"damage_taken":[{"damage":3.0,"enemies":"Jaw Worm","floor":1.0,"turns":4.0},{"damage":1.0,"enemies":"Cultist","floor":3.0,"turns":3.0},{"damage":6.0,"enemies":"2 Louse","floor":5.0,"turns":3.0},{"damage":14.0,"enemies":"Lagavulin","floor":6.0,"turns":4.0},{"damage":0.0,"enemies":"Lots of Slimes","floor":11.0,"turns":1.0},{"damage":16.0,"enemies":"Gremlin Nob","floor":13.0,"turns":4.0},{"damage":12.0,"enemies":"Large Slime","floor":14.0,"turns":3.0},{"damage":37.0,"enemies":"The Guardian","floor":16.0,"turns":11.0},{"damage":30.0,"enemies":"Shell Parasite","floor":18.0,"turns":4.0},{"damage":22.0,"enemies":"2 Thieves","floor":22.0,"turns":4.0},{"damage":33.0,"enemies":"Slaver and Parasite","floor":24.0,"turns":6.0},{"damage":15.0,"enemies":"Cultist and Chosen","floor":25.0,"turns":6.0},{"damage":19.0,"enemies":"Centurion and Healer","floor":31.0,"turns":6.0},{"damage":16.0,"enemies":"Collector","floor":33.0,"turns":6.0},{"damage":5.0,"enemies":"Orb Walker","floor":35.0,"turns":4.0},{"damage":1.0,"enemies":"3 Shapes","floor":39.0,"turns":5.0},{"damage":73,"enemies":"Giant Head","floor":41,"turns":8},{"damage":7,"enemies":"3 Darklings","floor":46,"turns":3},{"damage":17,"enemies":"Sphere and 2 Shapes","floor":48,"turns":4},{"damage":76,"enemies":"Time Eater","floor":50,"turns":8}],"seed_played":"7724451165738064807","potions_obtained":[{"floor":1.0,"key":"Strength Potion"},{"floor":3.0,"key":"AttackPotion"},{"floor":5.0,"key":"EssenceOfSteel"},{"floor":8.0,"key":"SmokeBomb"},{"floor":13.0,"key":"Strength Potion"},{"floor":14.0,"key":"Block Potion"},{"floor":18.0,"key":"Strength Potion"},{"floor":22.0,"key":"Block Potion"},{"floor":24.0,"key":"SkillPotion"},{"floor":35.0,"key":"Energy Potion"},{"floor":41,"key":"Dexterity Potion"},{"floor":48,"key":"SkillPotion"}],"is_trial":false,"path_per_floor":["M","?","M","?","M","E","R","?","T","R","M","?","E","M","R","B",null,"M","?","?","?","M","R","M","M","T","T","$","R","$","M","R","B",null,"M","?","T","?","M","R","E","?","T","R","T","M","R","M","R"],"character_chosen":"DEFECT","items_purchased":["Apotheosis","Self Repair","Energy Potion"],"campfire_rested":6,"item_purchase_floors":[28,28,30],"current_hp_per_floor":[72,72,71,71,65,51,73,73,73,73,73,70,54,42,64,27,75,45,45,45,45,23,53,20,5,5,5,5,37,37,25,57,48,75,70,70,70,70,75,75,22,41,41,75,75,68,75,65,75,0],"gold":96,"neow_bonus":"THREE_CARDS","is_prod":false,"is_daily":false,"chose_seed":false,"campfire_upgraded":4,"win_rate":0,"timestamp":1531780269,"path_taken":["M","?","?","?","?","E","R","?","T","R","M","?","E","M","R","BOSS","M","?","?","?","M","R","M","?","T","?","$","R","$","M","R","BOSS","M","?","?","?","M","R","E","?","T","R","?","?","R","M","R","BOSS"],"build_version":"2018-07-12","purchased_purges":0,"victory":false,"max_hp_per_floor":[75,75,75,75,75,75,75,75,75,75,75,75,75,75,75,75,75,75,75,75,75,75,75,75,75,75,75,75,75,75,75,75,75,75,75,75,75,75,75,75,75,75,75,75,75,75,75,75,75,75],"card_choices":[{"not_picked":["Stack","Rip and Tear"],"picked":"Darkness","floor":0.0},{"not_picked":["Glacier","Genetic Algorithm"],"picked":"Consume","floor":1.0},{"not_picked":["Skim","Redo"],"picked":"Double Energy","floor":3.0},{"not_picked":["Skim","Force Field"],"picked":"Cold Snap","floor":5.0},{"not_picked":["Recycle","Glacier"],"picked":"Rebound","floor":6.0},{"not_picked":["Rebound","Beam Cell"],"picked":"Turbo","floor":13.0},{"not_picked":["Rebound","Rip and Tear"],"picked":"Melter","floor":14.0},{"not_picked":["Amplify","Thunder Strike"],"picked":"Biased Cognition","floor":16.0},{"not_picked":["Consume","Steam Power+1"],"picked":"Hello World+1","floor":18.0},{"not_picked":["Stack","Ball Lightning"],"picked":"Sweeping Beam","floor":22.0},{"not_picked":["Cold Snap+1","Storm"],"picked":"Redo","floor":24.0},{"not_picked":["Leap","Beam Cell"],"picked":"Sunder+1","floor":25.0},{"not_picked":["Hologram","Storm+1","Barrage"],"picked":"SKIP","floor":31.0},{"not_picked":["All For One","Creative AI"],"picked":"Buffer","floor":33.0},{"not_picked":["Go for the Eyes+1","Auto Shields"],"picked":"Redo+1","floor":35.0},{"not_picked":["Transmutation","Enlightenment"],"picked":"Dark Shackles","floor":36.0},{"not_picked":["Streamline","Barrage+1","Rebound+1"],"picked":"SKIP","floor":39.0},{"not_picked":["Hologram","Ball Lightning+1"],"picked":"Chill","floor":41},{"not_picked":["BootSequence","Barrage+1"],"picked":"Redo+1","floor":46},{"not_picked":["Coolheaded+1","Recycle","Ball Lightning+1"],"picked":"SKIP","floor":48}],"player_experience":105534,"relics_obtained":[{"floor":6.0,"key":"Anchor"},{"floor":9.0,"key":"Potion Belt"},{"floor":13.0,"key":"Ancient Tea Set"},{"floor":26.0,"key":"Mercury Hourglass"},{"floor":27.0,"key":"Bronze Scales"},{"floor":37.0,"key":"Dodecahedron"},{"floor":41,"key":"Bag of Preparation"},{"floor":43,"key":"Vajra"},{"floor":45,"key":"Bottled Flame"}],"event_choices":[{"event_name":"Match and Keep!","player_choice":"3 cards matched","floor":2.0,"damage_taken":0.0},{"event_name":"Living Wall","player_choice":"Grow","floor":4.0,"damage_taken":0.0},{"event_name":"The Lab","player_choice":"Got Potions","floor":8.0,"damage_taken":0.0},{"event_name":"Scrap Ooze","player_choice":"success","floor":12.0,"damage_taken":3.0},{"event_name":"Addict","player_choice":"Obtained Relic","floor":19.0,"damage_taken":0.0},{"event_name":"Back to Basics","player_choice":"Simplicity","floor":20.0,"damage_taken":0.0},{"event_name":"Upgrade Shrine","player_choice":"Upgraded","floor":21.0,"damage_taken":0.0},{"event_name":"SensoryStone","player_choice":"Memory 1","floor":36.0,"damage_taken":0.0},{"event_name":"Tomb of Lord Red Mask","player_choice":"Paid","floor":38.0,"damage_taken":0.0},{"event_name":"Winding Halls","player_choice":"Writhe","floor":42,"damage_taken":0}],"boss_relics":[{"not_picked":["Black Star","White Beast Statue"],"picked":"Eternal Feather"},{"not_picked":["Empty Cage","Coffee Dripper"],"picked":"Velvet Choker"}],"items_purged_floors":[],"is_endless":false,"potions_floor_spawned":[1,3,5,13,14,18,22,24,35,41,48],"killed_by":"Time Eater","ascension_level":0}