{"gold_per_floor":[113,113,128,128,128,128,159,159,159,189,109,141,168,200,200,299,299,315,238,271,285,73,73,100,100,100,179,179,207,207,221,221,221],"floor_reached":33,"playtime":1305,"items_purged":[],"score":369,"play_id":"6bd21ac4-2b4c-4bec-9c6c-6d16c6a6c0ef","local_time":"20180730110648","is_ascension_mode":true,"campfire_choices":[{"data":"Seeing Red","floor":6.0,"key":"SMITH"},{"floor":8.0,"key":"REST"},{"floor":15.0,"key":"REST"},{"floor":23.0,"key":"REST"},{"floor":28.0,"key":"REST"},{"floor":30.0,"key":"REST"},{"data":"Limit Break","floor":32.0,"key":"SMITH"}],"neow_cost":"NONE","seed_source_timestamp":136377906547680,"circlet_count":0,"master_deck":["Strike_R","Strike_R+1","Strike_R","Strike_R","Strike_R","Defend_R+1","Defend_R+1","Defend_R","Defend_R","Bash","Flex+1","Seeing Red+1","Feel No Pain","Corruption","Heavy Blade","Limit Break+1","Pummel+1","J.A.X.+1","Flex","Metallicize","Combust","Cleave","Uppercut"],"special_seed":0,"relics":["Burning Blood","Boot","Bottled Lightning","Mercury Hourglass","Oddly Smooth Stone","Orichalcum","Paper Frog","Eternal Feather","Red Mask","Regal Pillow","War Paint","Nloth\u0027s Gift","Du-Vu Doll","Dodecahedron","The Courier"],"potions_floor_usage":[33,33],"damage_taken":[{"damage":11.0,"enemies":"Small Slimes","floor":1.0,"turns":4.0},{"damage":4.0,"enemies":"2 Louse","floor":3.0,"turns":3.0},{"damage":40.0,"enemies":"Lagavulin","floor":7.0,"turns":6.0},{"damage":25.0,"enemies":"Gremlin Nob","floor":12.0,"turns":4.0},{"damage":28.0,"enemies":"Lagavulin","floor":14.0,"turns":5.0},{"damage":18.0,"enemies":"Slime Boss","floor":16.0,"turns":7.0},{"damage":12.0,"enemies":"Shell Parasite","floor":18.0,"turns":4.0},{"damage":33.0,"floor":20.0,"turns":4.0},{"damage":31.0,"enemies":"3 Byrds","floor":21.0,"turns":5.0},{"damage":43.0,"enemies":"Slavers","floor":24.0,"turns":6.0},{"damage":55.0,"enemies":"Book of Stabbing","floor":29.0,"turns":5.0},{"damage":18.0,"enemies":"Snecko","floor":31.0,"turns":4.0},{"damage":95,"enemies":"Automaton","floor":33,"turns":6}],"seed_played":"2193002877784770190","potions_obtained":[{"floor":1.0,"key":"Ancient Potion"},{"floor":7.0,"key":"Regen Potion"},{"floor":12.0,"key":"Strength Potion"},{"floor":14.0,"key":"EssenceOfSteel"},{"floor":29.0,"key":"Block Potion"},{"floor":31.0,"key":"Strength Potion"}],"is_trial":false,"path_per_floor":["M","?","M","?","?","R","E","R","T","?","$","E","T","E","R","B",null,"M","?","?","M","$","R","E","?","T","T","R","E","R","M","R"],"character_chosen":"IRONCLAD","items_purchased":["Corruption","Regal Pillow","Metallicize"],"campfire_rested":5,"item_purchase_floors":[11,22,22],"current_hp_per_floor":[75,75,77,61,61,61,27,51,51,51,51,44,44,22,46,34,69,63,63,36,11,11,62,25,25,25,25,76,27,78,66,78,0],"gold":221,"neow_bonus":"RANDOM_COMMON_RELIC","is_prod":false,"is_daily":false,"chose_seed":false,"campfire_upgraded":2,"win_rate":0,"timestamp":1532938008,"path_taken":["M","?","M","?","?","R","E","R","T","?","?","E","?","E","R","BOSS","M","?","?","M","?","R","E","?","T","?","R","E","R","M","R","BOSS"],"build_version":"2018-07-26","purchased_purges":0,"victory":false,"max_hp_per_floor":[80,80,80,80,80,80,80,80,80,80,80,80,80,80,80,80,80,80,80,80,80,80,80,80,80,80,80,80,80,80,80,80,80],"card_choices":[{"not_picked":["Second Wind","Body Slam"],"picked":"Flex","floor":1.0},{"not_picked":["True Grit","Perfected Strike"],"picked":"Seeing Red","floor":3.0},{"not_picked":["Combust","Sever Soul"],"picked":"Feel No Pain","floor":7.0},{"not_picked":["Shrug It Off","Body Slam"],"picked":"Heavy Blade","floor":12.0},{"not_picked":["Sword Boomerang","Perfected Strike","Clash"],"picked":"SKIP","floor":14.0},{"not_picked":["Dark Embrace","Berserk"],"picked":"Limit Break","floor":16.0},{"not_picked":["Heavy Blade","Flex"],"picked":"Pummel+1","floor":18.0},{"not_picked":["Rupture+1","Iron Wave"],"picked":"Flex","floor":21.0},{"not_picked":["Shrug It Off+1","Immolate"],"picked":"Combust","floor":24.0},{"not_picked":["Clothesline","Warcry"],"picked":"Cleave","floor":29.0},{"not_picked":["Body Slam+1","Havoc"],"picked":"Uppercut","floor":31.0}],"player_experience":155484,"relics_obtained":[{"floor":7.0,"key":"Bottled Lightning"},{"floor":9.0,"key":"Mercury Hourglass"},{"floor":12.0,"key":"Oddly Smooth Stone"},{"floor":13.0,"key":"Orichalcum"},{"floor":14.0,"key":"Paper Frog"},{"floor":20.0,"key":"Red Mask"},{"floor":24.0,"key":"War Paint"},{"floor":26.0,"key":"Du-Vu Doll"},{"floor":27.0,"key":"Dodecahedron"},{"floor":29.0,"key":"The Courier"}],"event_choices":[{"event_name":"Living Wall","player_choice":"Grow","floor":2.0,"damage_taken":0.0},{"event_name":"Shining Light","player_choice":"Entered Light","floor":4.0,"damage_taken":0.0},{"event_name":"Golden Wing","player_choice":"Ignored","floor":5.0,"damage_taken":0.0},{"event_name":"Dead Adventurer","player_choice":"Searched \u00272\u0027 times","floor":10.0,"damage_taken":0.0},{"event_name":"Drug Dealer","player_choice":"Got JAXXED","floor":19.0,"damage_taken":0.0},{"event_name":"Masked Bandits","player_choice":"Fought over 238 gold","floor":20.0,"damage_taken":0.0},{"event_name":"N\u0027loth","player_choice":"Traded a Art of War","floor":25.0,"damage_taken":0.0}],"is_beta":false,"boss_relics":[{"not_picked":["Astrolabe","Ectoplasm"],"picked":"Eternal Feather"}],"items_purged_floors":[],"is_endless":false,"potions_floor_spawned":[1,7,12,14,29,31],"killed_by":"Automaton","ascension_level":5}