{"gold_per_floor":[115,290,290,46,60,88,88,105,105,121,131,160,176,97,97,97],"floor_reached":16,"playtime":761,"items_purged":["Doubt"],"score":102,"play_id":"7e4a4494-d90b-44c2-a101-7e115af4b8d4","local_time":"20190207081412","is_ascension_mode":false,"campfire_choices":[{"floor":7,"key":"REST"},{"floor":15,"key":"REST"}],"neow_cost":"NONE","seed_source_timestamp":40004666856662,"circlet_count":0,"master_deck":["Strike_B","Strike_B","Strike_B","Strike_B","Defend_B","Defend_B","Defend_B","Defend_B","Zap","Dualcast","Streamline","Scrape","Finesse","Leap","Gash","Go for the Eyes","Darkness","Capacitor"],"relics":["Cracked Core","Meat on the Bone","Orichalcum","Odd Mushroom"],"potions_floor_usage":[16,16],"damage_taken":[{"damage":1,"enemies":"2 Louse","floor":1,"turns":3},{"damage":0,"enemies":"Small Slimes","floor":5,"turns":3},{"damage":36,"enemies":"Gremlin Nob","floor":6,"turns":5},{"damage":0,"enemies":"Cultist","floor":8,"turns":3},{"damage":3,"enemies":"Blue Slaver","floor":10,"turns":3},{"damage":9,"enemies":"Looter","floor":11,"turns":3},{"damage":22,"enemies":"The Mushroom Lair","floor":12,"turns":5},{"damage":37,"enemies":"Gremlin Gang","floor":13,"turns":5},{"damage":47,"enemies":"Slime Boss","floor":16,"turns":10}],"seed_played":"-1602066081964319834","potions_obtained":[{"floor":10,"key":"LiquidBronze"},{"floor":13,"key":"SkillPotion"}],"is_trial":false,"path_per_floor":["M","?","?","$","M","E","R","M","T","M","M","?","M","$","R","B"],"character_chosen":"DEFECT","items_purchased":["Scrape","Finesse","Capacitor"],"campfire_rested":2,"item_purchase_floors":[4,4,14],"current_hp_per_floor":[81,81,81,81,81,45,69,69,69,66,57,47,22,22,46,0],"gold":97,"neow_bonus":"TEN_PERCENT_HP_BONUS","is_prod":false,"is_daily":false,"chose_seed":false,"campfire_upgraded":0,"win_rate":0.0,"timestamp":1549516452,"path_taken":["M","?","?","$","M","E","R","M","T","M","?","?","M","$","R","BOSS"],"build_version":"2019-01-23","purchased_purges":1,"victory":false,"max_hp_per_floor":[82,82,82,82,82,82,82,82,82,82,82,82,82,82,82,82],"card_choices":[{"not_picked":["Conserve Battery","Skim"],"picked":"Streamline","floor":1},{"not_picked":["Sweeping Beam","Coolheaded"],"picked":"Leap","floor":5},{"not_picked":["FTL","Ball Lightning","Fission"],"picked":"SKIP","floor":6},{"not_picked":["Blizzard","Ball Lightning","Barrage"],"picked":"SKIP","floor":8},{"not_picked":["Hologram","Beam Cell"],"picked":"Gash","floor":10},{"not_picked":["Conserve Battery","Aggregate"],"picked":"Go for the Eyes","floor":11},{"not_picked":["Streamline","Self Repair"],"picked":"Darkness","floor":12},{"not_picked":["Undo","Fission","Steam Power"],"picked":"SKIP","floor":13}],"player_experience":222075,"relics_obtained":[{"floor":6,"key":"Meat on the Bone"},{"floor":9,"key":"Orichalcum"},{"floor":12,"key":"Odd Mushroom"}],"event_choices":[{"damage_healed":0,"gold_gain":175,"player_choice":"AGREE","damage_taken":0,"max_hp_gain":0,"max_hp_loss":0,"event_name":"Liars Game","floor":2,"gold_loss":0,"cards_obtained":["Doubt"]},{"damage_healed":0,"gold_gain":0,"player_choice":"Ignored","damage_taken":0,"max_hp_gain":0,"max_hp_loss":0,"event_name":"NoteForYourself","floor":3,"gold_loss":0},{"damage_healed":0,"gold_gain":0,"player_choice":"Fought Mushrooms","damage_taken":0,"max_hp_gain":0,"max_hp_loss":0,"event_name":"Mushrooms","floor":12,"gold_loss":0}],"is_beta":false,"boss_relics":[],"items_purged_floors":[4],"is_endless":false,"potions_floor_spawned":[6,10,13],"killed_by":"Slime Boss","ascension_level":0}