{"path_per_floor":["M","M","?","?","T","R","M","R","T","?","$","?","R","M","R","B",null,"M","?","?","?","M","R","E","R","T","E","R","$","?","M","R","B",null,"M","M","$","M","$","R","M","E","T","M","R","M","R","M","R","B"],"character_chosen":"THE_SILENT","items_purchased":["Bronze Scales","Footwork","Catalyst","Footwork","Snake Skull"],"gold_per_floor":[118,137,212,212,212,212,225,225,294,353,46,46,46,58,58,159,159,178,0,0,150,165,165,192,192,192,221,221,4,4,24,24,129,129,149,164,21,33,33,33,47,78,78,98,98,110,110,122,122,122],"floor_reached":51,"campfire_rested":5,"playtime":4559,"item_purchase_floors":[11,11,29,29,37],"current_hp_per_floor":[33,33,22,15,15,36,47,68,68,47,47,47,47,47,68,55,70,54,54,54,54,54,54,42,42,42,38,38,38,31,43,64,43,70,69,69,69,69,69,69,47,47,47,47,47,47,47,38,59,50],"items_purged":["Strike_G","Strike_G"],"gold":122,"score":773,"play_id":"77c93992-cf15-4600-847a-869982b75010","local_time":"20180610231804","is_prod":false,"is_daily":false,"chose_seed":false,"is_ascension_mode":true,"campfire_upgraded":7,"win_rate":0,"timestamp":1528690684,"campfire_choices":[{"floor":6,"key":"REST"},{"floor":8,"key":"REST"},{"data":"Footwork","floor":13,"key":"SMITH"},{"floor":15,"key":"REST"},{"data":"Bouncing Flask","floor":23,"key":"SMITH"},{"data":"Venomology","floor":25,"key":"SMITH"},{"data":"Adrenaline","floor":28,"key":"SMITH"},{"floor":32,"key":"REST"},{"data":"Catalyst","floor":40,"key":"SMITH"},{"data":"Blur","floor":45,"key":"SMITH"},{"data":"Crippling Poison","floor":47,"key":"SMITH"},{"floor":49,"key":"REST"}],"path_taken":["M","M","?","?","?","R","?","R","T","?","$","?","R","M","R","BOSS","M","?","?","?","M","R","E","R","T","E","R","$","?","M","R","BOSS","M","M","$","M","$","R","M","E","T","?","R","M","R","M","R","BOSS"],"build_version":"2018-06-07v3","seed_source_timestamp":641430586571061,"purchased_purges":2,"victory":true,"master_deck":["Defend_G","Defend_G","Defend_G","Defend_G","Defend_G","Survivor","Neutralize","Dash","Backflip","Footwork+1","Bouncing Flask+1","Adrenaline+1","Venomology+1","Catalyst+1","Footwork","Crippling Poison+1","Blur+1","Deadly Poison+1"],"max_hp_per_floor":[70,70,70,70,70,70,70,70,70,70,70,70,70,70,70,70,70,70,70,70,70,70,70,70,70,70,70,70,70,70,70,70,70,70,70,70,70,70,70,70,70,70,70,70,70,70,70,70,70,70],"relics":["Ring of the Snake","Ice Cream","Meat on the Bone","Centennial Puzzle","Dream Catcher","Bronze Scales","Runic Pyramid","Happy Flower","Gambling Chip","Black Star","Snake Skull","Gremlin Horn","Blue Candle","Bottled Flame"],"card_choices":[{"not_picked":["Underhanded Strike","Expertise"],"picked":"Dash","floor":1},{"not_picked":["Dodge and Roll","Quick Slash"],"picked":"Backflip","floor":2},{"not_picked":["Leg Sweep","Underhanded Strike","Backflip"],"picked":"SKIP","floor":7},{"not_picked":["Deflect","Die Die Die","PiercingWail"],"picked":"SKIP","floor":14},{"not_picked":["Doppelganger","Envenom"],"picked":"Adrenaline","floor":16},{"not_picked":["Dodge and Roll","Slice","Quick Slash+1"],"picked":"SKIP","floor":18},{"not_picked":["Flechettes","Poisoned Stab+1","Dagger Spray"],"picked":"SKIP","floor":22},{"not_picked":["Bane","Endless Agony"],"picked":"Venomology","floor":24},{"not_picked":["Eviscerate+1","Dash+1","Flying Knee+1"],"picked":"SKIP","floor":27},{"not_picked":["Dagger Throw+1","Underhanded Strike+1"],"picked":"Crippling Poison","floor":31},{"not_picked":["Dodge and Roll","Cloak And Dagger"],"picked":"Blur","floor":35},{"not_picked":["Heel Hook","Poisoned Stab+1","Backstab+1"],"picked":"SKIP","floor":36},{"not_picked":["Eviscerate+1","Backflip"],"picked":"Deadly Poison+1","floor":38},{"not_picked":["Finisher+1","Caltrops","Dodge and Roll"],"picked":"SKIP","floor":41},{"not_picked":["Slice","Dagger Spray","Underhanded Strike"],"picked":"SKIP","floor":42},{"not_picked":["Heel Hook+1","Caltrops","Masterful Stab"],"picked":"SKIP","floor":44},{"not_picked":["Deadly Poison","Backstab+1","Wraith Form v2"],"picked":"SKIP","floor":46},{"not_picked":["Slice","PiercingWail+1","Flying Knee"],"picked":"SKIP","floor":48}],"player_experience":156840,"potions_floor_usage":[10,27,27,33,33,33,33,38,38,42,44,46,50,50,50,50],"damage_taken":[{"damage":2,"enemies":"Small Slimes","floor":1,"turns":5},{"damage":0,"enemies":"2 Louse","floor":2,"turns":4},{"damage":1,"enemies":"Cultist","floor":7,"turns":5},{"damage":33,"enemies":"Lagavulin Event","floor":10,"turns":14},{"damage":0,"enemies":"Blue Slaver","floor":14,"turns":3},{"damage":13,"enemies":"Hexaghost","floor":16,"turns":9},{"damage":16,"enemies":"Spheric Guardian","floor":18,"turns":4},{"damage":0,"enemies":"Shell Parasite","floor":22,"turns":4},{"damage":12,"enemies":"Book of Stabbing","floor":24,"turns":5},{"damage":4,"enemies":"Gremlin Leader","floor":27,"turns":8},{"damage":0,"enemies":"Snecko","floor":31,"turns":4},{"damage":33,"enemies":"Collector","floor":33,"turns":6},{"damage":1,"enemies":"Orb Walker","floor":35,"turns":5},{"damage":0,"enemies":"3 Shapes","floor":36,"turns":7},{"damage":0,"enemies":"Sphere and 2 Shapes","floor":38,"turns":4},{"damage":22,"enemies":"Maw","floor":41,"turns":4},{"damage":0,"enemies":"Giant Head","floor":42,"turns":6},{"damage":0,"enemies":"3 Darklings","floor":44,"turns":4},{"damage":0,"enemies":"4 Shapes","floor":46,"turns":5},{"damage":9,"enemies":"Sphere and 2 Shapes","floor":48,"turns":5},{"damage":9,"enemies":"Awakened One","floor":50,"turns":15}],"relics_obtained":[{"floor":5,"key":"Meat on the Bone"},{"floor":9,"key":"Centennial Puzzle"},{"floor":10,"key":"Dream Catcher"},{"floor":24,"key":"Happy Flower"},{"floor":27,"key":"Gambling Chip"},{"floor":42,"key":"Gremlin Horn"},{"floor":42,"key":"Blue Candle"},{"floor":43,"key":"Bottled Flame"}],"event_choices":[{"event_name":"World of Goop","player_choice":"Gather Gold","floor":3,"damage_taken":0},{"event_name":"Scrap Ooze","player_choice":"success","floor":4,"damage_taken":7},{"event_name":"Dead Adventurer","player_choice":"Searched \u00272\u0027 times","floor":10,"damage_taken":0},{"event_name":"Transmorgrifier","player_choice":"Transform","floor":12,"damage_taken":0},{"event_name":"Masked Bandits","player_choice":"Paid Bandits 178 gold","floor":19,"damage_taken":0},{"event_name":"Vampires","player_choice":"Ignored","floor":20,"damage_taken":0},{"event_name":"Nest","player_choice":"Stole From Cult","floor":21,"damage_taken":0},{"event_name":"Knowing Skull","player_choice":"","floor":30,"damage_taken":0}],"boss_relics":[{"not_picked":["Philosopher\u0027s Stone","White Beast Statue"],"picked":"Runic Pyramid"},{"not_picked":["Tiny House","Lizard Tail"],"picked":"Black Star"}],"items_purged_floors":[11,29],"potions_floor_spawned":[7,10,16,24,27,31,35,36],"seed_played":"-3892758216743413652","ascension_level":2,"potions_obtained":[{"floor":7,"key":"EssenceOfSteel"},{"floor":10,"key":"Fire Potion"},{"floor":16,"key":"Swift Potion"},{"floor":24,"key":"Block Potion"},{"floor":27,"key":"PowerPotion"},{"floor":31,"key":"Explosive Potion"},{"floor":35,"key":"FearPotion"},{"floor":36,"key":"EssenceOfSteel"}],"is_trial":false}