{"path_per_floor":["M","M","?","$","M","E","M","M","T","R","M","$","?","T","R","B",null,"M","?","M"],"character_chosen":"DEFECT","items_purchased":["Self Repair","Chaos"],"gold_per_floor":[11,30,280,65,85,113,131,141,188,188,198,98,98,98,98,202,202,212,212,224,224],"floor_reached":21,"campfire_rested":0,"playtime":1946,"item_purchase_floors":[],"current_hp_per_floor":[74,74,74,74,75,36,41,48,48,48,55,55,55,55,55,62,75,53,53,22,0],"items_purged":["Regret","Strike_B"],"gold":224,"score":231,"play_id":"7da7b3ff-c1eb-4cac-ae80-914260421991","local_time":"20180606222406","is_prod":false,"is_daily":false,"chose_seed":false,"is_ascension_mode":false,"campfire_upgraded":2,"win_rate":0,"timestamp":1528341846,"campfire_choices":[{"data":"Rainbow","floor":10.0,"key":"SMITH"},{"data":"Chaos","floor":15.0,"key":"SMITH"}],"path_taken":["M","M","?","?","M","E","M","?","T","R","?","?","?","?","R","BOSS","M","?","M","?"],"build_version":"2018-05-31","seed_source_timestamp":0,"purchased_purges":2,"victory":false,"master_deck":["Strike_B","Strike_B","Defend_B","Defend_B","Defend_B","Defend_B","Zap","Dualcast","Electrodynamics","Conserve Battery","Streamline","Self Repair","Chaos+1","Compile Driver","Rainbow+1","Coolheaded","Glacier","Coolheaded","Buffer","Compile Driver","Decay","Turbo+1"],"max_hp_per_floor":[75,75,75,75,75,75,75,75,75,75,75,75,75,75,75,75,75,75,75,75,75],"relics":["Cracked Core","Letter Opener","Bag of Marbles","Matryoshka","White Beast Statue"],"card_choices":[{"not_picked":["Core Surge","Echo Form"],"picked":"Electrodynamics","floor":0.0},{"not_picked":["Cold Snap","Gash"],"picked":"Conserve Battery","floor":1.0},{"not_picked":["Coolheaded","Beam Cell"],"picked":"Streamline","floor":2.0},{"not_picked":["Sweeping Beam","Turbo"],"picked":"Compile Driver","floor":5.0},{"not_picked":["Cold Snap","Gash"],"picked":"Rainbow","floor":6.0},{"not_picked":["Gash","Rebound"],"picked":"Coolheaded","floor":7.0},{"not_picked":["Beam Cell","Scrape"],"picked":"Glacier","floor":8.0},{"not_picked":["Go for the Eyes","Skim"],"picked":"Coolheaded","floor":11.0},{"not_picked":["Reboot","Hyperbeam"],"picked":"Buffer","floor":16.0},{"not_picked":["Rebound","Sweeping Beam"],"picked":"Compile Driver","floor":18.0},{"not_picked":["Barrage","Redo"],"picked":"Turbo+1","floor":20.0}],"player_experience":119357,"potions_floor_usage":[],"damage_taken":[{"damage":1.0,"enemies":"Cultist","floor":1.0,"turns":3.0},{"damage":0.0,"enemies":"2 Louse","floor":2.0,"turns":2.0},{"damage":3.0,"enemies":"Jaw Worm","floor":5.0,"turns":3.0},{"damage":46.0,"enemies":"Lagavulin","floor":6.0,"turns":7.0},{"damage":2.0,"enemies":"Blue Slaver","floor":7.0,"turns":4.0},{"damage":0.0,"enemies":"Large Slime","floor":8.0,"turns":6.0},{"damage":0.0,"enemies":"Red Slaver","floor":11.0,"turns":4.0},{"damage":0.0,"enemies":"Slime Boss","floor":16.0,"turns":6.0},{"damage":22.0,"enemies":"2 Thieves","floor":18.0,"turns":5.0},{"damage":38.0,"enemies":"Shell Parasite","floor":20.0,"turns":8.0},{"damage":22,"enemies":"Masked Bandits","floor":21,"turns":3}],"relics_obtained":[{"floor":6.0,"key":"Letter Opener"},{"floor":9.0,"key":"Bag of Marbles"},{"floor":14.0,"key":"Matryoshka"}],"event_choices":[{"event_name":"Golden Shrine","player_choice":"Desecrate","floor":3.0,"damage_taken":0.0},{"event_name":"Purifier","player_choice":"One Purge","floor":13.0,"damage_taken":0.0},{"event_name":"Wheel of Change","player_choice":"Curse","floor":19.0,"damage_taken":0.0},{"event_name":"Masked Bandits","player_choice":"Fought over 224 gold","floor":21,"damage_taken":0}],"boss_relics":[],"items_purged_floors":[],"potions_floor_spawned":[2,8,11,18,20],"seed_played":"-1519016466025452547","killed_by":"Masked Bandits","ascension_level":0,"potions_obtained":[{"floor":2.0,"key":"Strength Potion"},{"floor":8.0,"key":"Energy Potion"},{"floor":11.0,"key":"AttackPotion"},{"floor":18.0,"key":"AttackPotion"},{"floor":20.0,"key":"SpeedPotion"}],"is_trial":false}