{"gold_per_floor":[112,123,398,417,367,367,158,158,158,173,198,198,209,209,209,209],"floor_reached":16,"playtime":1459,"items_purged":[],"score":160,"play_id":"68d5d784-46fe-4db7-9df8-badc557a7087","local_time":"20181203213514","is_ascension_mode":true,"campfire_choices":[{"data":"True Grit","floor":6,"key":"SMITH"},{"data":"Anger","floor":8,"key":"SMITH"},{"data":"Panache","floor":12,"key":"SMITH"},{"data":"Flex","floor":15,"key":"SMITH"}],"neow_cost":"NONE","seed_source_timestamp":1706281205749821,"circlet_count":0,"master_deck":["AscendersBane","Strike_R","Strike_R","Strike_R","Strike_R","Strike_R","Defend_R","Defend_R","Defend_R","Defend_R","Bash","Cleave","True Grit+1","Flex+1","Panache+1","Anger+1","Warcry","Warcry"],"relics":["Burning Blood","NeowsBlessing","Letter Opener","Smiling Mask","Golden Idol"],"potions_floor_usage":[11,16,16],"damage_taken":[{"damage":0,"enemies":"2 Louse","floor":1,"turns":1},{"damage":0,"enemies":"Cultist","floor":2,"turns":1},{"damage":0,"enemies":"Small Slimes","floor":4,"turns":1},{"damage":13,"enemies":"Looter","floor":10,"turns":3},{"damage":25,"enemies":"Lagavulin","floor":11,"turns":4},{"damage":4,"enemies":"Large Slime","floor":13,"turns":5},{"damage":59,"enemies":"The Guardian","floor":16,"turns":6}],"seed_played":"-4512045486324535384","potions_obtained":[{"floor":4,"key":"Explosive Potion"},{"floor":10,"key":"Energy Potion"},{"floor":11,"key":"Weak Potion"}],"is_trial":false,"path_per_floor":["M","M","?","M","?","R","$","R","T","M","E","R","M","?","R","B"],"character_chosen":"IRONCLAD","items_purchased":["Panache","Anger"],"campfire_rested":0,"item_purchase_floors":[7,7],"current_hp_per_floor":[78,80,80,80,80,80,80,80,80,73,54,54,56,56,56,0],"gold":209,"neow_bonus":"THREE_ENEMY_KILL","is_prod":false,"is_daily":false,"chose_seed":false,"campfire_upgraded":4,"win_rate":0,"timestamp":1543894514,"path_taken":["M","M","?","?","?","R","$","R","T","M","E","R","M","?","R","BOSS"],"build_version":"2018-11-15","purchased_purges":0,"victory":false,"max_hp_per_floor":[80,80,80,80,80,80,80,80,80,80,80,80,80,74,74,74],"card_choices":[{"not_picked":["Body Slam","Warcry"],"picked":"Cleave","floor":1},{"not_picked":["Warcry","Perfected Strike"],"picked":"True Grit","floor":2},{"not_picked":["Feed","Cleave"],"picked":"Flex","floor":4},{"not_picked":["Iron Wave","Infernal Blade","Clothesline"],"picked":"SKIP","floor":10},{"not_picked":["Burning Pact","Body Slam"],"picked":"Warcry","floor":11},{"not_picked":["Sentinel","Iron Wave"],"picked":"Warcry","floor":13}],"player_experience":441857,"relics_obtained":[{"floor":9,"key":"Letter Opener"},{"floor":11,"key":"Smiling Mask"}],"event_choices":[{"damage_healed":0,"gold_gain":275,"player_choice":"Desecrate","damage_taken":0,"max_hp_gain":0,"max_hp_loss":0,"event_name":"Golden Shrine","floor":3,"gold_loss":0,"cards_obtained":["Regret"]},{"cards_removed":["Regret"],"damage_healed":0,"gold_gain":0,"player_choice":"Card Removal","damage_taken":0,"max_hp_gain":0,"max_hp_loss":0,"event_name":"The Cleric","floor":5,"gold_loss":50},{"damage_healed":0,"gold_gain":0,"player_choice":"Lose Max HP","damage_taken":0,"relics_obtained":["Golden Idol"],"max_hp_gain":0,"max_hp_loss":6,"event_name":"Golden Idol","floor":14,"gold_loss":0}],"is_beta":false,"boss_relics":[],"items_purged_floors":[],"is_endless":false,"potions_floor_spawned":[4,10,11],"killed_by":"The Guardian","ascension_level":12}