{"gold_per_floor":[109,109,128,140,140,154,172,172,226,7,27,56,56,72,72,173,173,190,190,206,78,78,78,89,89,89,89,89,107,124,135,135,231,231,250,260,3,0,100,100,134,134,157,157,157,173,173,184,184,184],"floor_reached":50,"playtime":4661,"items_purged":[],"score":499,"play_id":"16672719-7c98-4c8b-8b70-3121580c715a","local_time":"20190204221056","is_ascension_mode":false,"campfire_choices":[{"floor":8.0,"key":"REST"},{"data":"Bouncing Flask","floor":15.0,"key":"SMITH"},{"floor":23.0,"key":"REST"},{"floor":25.0,"key":"REST"},{"floor":27.0,"key":"REST"},{"floor":32.0,"key":"REST"},{"floor":40.0,"key":"DIG"},{"floor":42.0,"key":"REST"},{"floor":44.0,"key":"DIG"},{"floor":49.0,"key":"REST"}],"neow_cost":"NONE","seed_source_timestamp":0,"circlet_count":0,"master_deck":["Defend_G+1","Defend_G+1","Defend_G+1","Defend_G+1","Defend_G+1","Strike_G+1","Strike_G+1","Strike_G+1","Strike_G+1","Strike_G+1","Survivor","Neutralize","Deep Breath","Cloak And Dagger","Sucker Punch","Prepared+1","Bouncing Flask","Infinite Blades","Tools of the Trade","Bouncing Flask+1","Slice","Riddle With Holes","Envenom","Dagger Throw","Predator","Noxious Fumes","Flying Knee","Backflip","Catalyst+1","Infinite Blades","Masterful Stab","Corpse Explosion","Bane+1","Slice","Discovery+1","Madness","Madness","Bane+1","Finesse","Apotheosis","Parasite"],"special_seed":0,"relics":["Ring of the Snake","Lantern","Centennial Puzzle","Ornamental Fan","Shuriken","HoveringKite","Meat on the Bone","WristBlade","PrismaticShard","Red Mask","Shovel","Orichalcum","Bronze Scales","Oddly Smooth Stone","Sundial"],"potions_floor_usage":[],"damage_taken":[{"damage":2.0,"enemies":"Small Slimes","floor":1.0,"turns":4.0},{"damage":9.0,"enemies":"Jaw Worm","floor":3.0,"turns":5.0},{"damage":6.0,"enemies":"Cultist","floor":4.0,"turns":6.0},{"damage":4.0,"enemies":"Red Slaver","floor":6.0,"turns":6.0},{"damage":2.0,"enemies":"Exordium Wildlife","floor":7.0,"turns":5.0},{"damage":0.0,"enemies":"Blue Slaver","floor":11.0,"turns":4.0},{"damage":8.0,"enemies":"Lagavulin","floor":12.0,"turns":5.0},{"damage":4.0,"enemies":"3 Louse","floor":14.0,"turns":4.0},{"damage":24.0,"enemies":"Hexaghost","floor":16.0,"turns":8.0},{"damage":5.0,"enemies":"Spheric Guardian","floor":18.0,"turns":3.0},{"damage":28.0,"enemies":"Colosseum Slavers","floor":19.0,"turns":4.0},{"damage":5.0,"enemies":"3 Byrds","floor":20.0,"turns":6.0},{"damage":30.0,"enemies":"Snake Plant","floor":24.0,"turns":4.0},{"damage":20.0,"enemies":"Snecko","floor":29.0,"turns":4.0},{"damage":3.0,"enemies":"Cultist and Chosen","floor":30.0,"turns":4.0},{"damage":14.0,"enemies":"Snake Plant","floor":31.0,"turns":3.0},{"damage":35.0,"enemies":"Champ","floor":33.0,"turns":8.0},{"damage":1.0,"enemies":"3 Shapes","floor":35.0,"turns":6.0},{"damage":15.0,"enemies":"Orb Walker","floor":36.0,"turns":4.0},{"damage":0.0,"enemies":"Mind Bloom Boss Battle","floor":39.0,"turns":6.0},{"damage":50.0,"enemies":"Giant Head","floor":41.0,"turns":7.0},{"damage":0.0,"enemies":"Transient","floor":46.0,"turns":5.0},{"damage":28.0,"enemies":"Writhing Mass","floor":48.0,"turns":5.0},{"damage":49,"enemies":"Time Eater","floor":50,"turns":4}],"seed_played":"-4787079381558129278","potions_obtained":[{"floor":3.0,"key":"Explosive Potion"},{"floor":7.0,"key":"PowerPotion"},{"floor":14.0,"key":"GamblersBrew"},{"floor":16.0,"key":"Poison Potion"},{"floor":24.0,"key":"Swift Potion"},{"floor":31.0,"key":"Energy Potion"},{"floor":35.0,"key":"SteroidPotion"},{"floor":39.0,"key":"Energy Potion"}],"is_trial":false,"path_per_floor":["M","?","M","M","?","M","M","R","T","$","M","E","T","M","R","B",null,"M","?","M","$","?","R","M","R","T","R","?","M","M","M","R","B",null,"M","M","$","?","?","R","E","R","T","R","?","M","?","M","R","B"],"character_chosen":"THE_SILENT","items_purchased":["Tools of the Trade","Centennial Puzzle","Noxious Fumes","Flying Knee","PrismaticShard","Slice"],"campfire_rested":7,"item_purchase_floors":[10,10,21,21,37,37],"current_hp_per_floor":[68,68,59,53,53,49,47,68,68,68,68,60,60,56,56,32,70,65,37,32,32,32,53,23,44,44,65,52,44,41,39,61,38,75,74,59,59,59,59,59,21,43,43,43,34,46,41,25,47,0],"gold":184,"neow_bonus":"RANDOM_COLORLESS","is_prod":false,"is_daily":false,"chose_seed":false,"campfire_upgraded":1,"win_rate":0.0,"timestamp":1549307456,"path_taken":["M","?","M","M","?","?","M","R","T","?","M","E","?","M","R","BOSS","M","?","M","$","?","R","M","R","T","R","?","?","M","M","R","BOSS","M","M","$","?","?","R","E","R","T","R","?","M","?","M","R","BOSS"],"build_version":"2019-01-23","purchased_purges":0,"victory":false,"max_hp_per_floor":[70,70,70,70,70,70,70,70,70,70,70,70,70,70,70,70,70,70,70,70,70,70,70,70,70,70,70,75,75,75,75,75,75,75,75,75,75,75,75,75,75,75,75,75,75,75,75,75,75,75],"card_choices":[{"not_picked":["Deflect","Backflip"],"picked":"Cloak And Dagger","floor":1.0},{"not_picked":["Outmaneuver","Deadly Poison"],"picked":"Sucker Punch","floor":3.0},{"not_picked":["Dash","Sucker Punch"],"picked":"Prepared","floor":4.0},{"not_picked":["Dodge and Roll","Underhanded Strike"],"picked":"Bouncing Flask","floor":6.0},{"not_picked":["Sucker Punch","Dagger Spray"],"picked":"Infinite Blades","floor":7.0},{"not_picked":["Terror","Blade Dance"],"picked":"Bouncing Flask","floor":11.0},{"not_picked":["Doppelganger","Underhanded Strike"],"picked":"Slice","floor":12.0},{"not_picked":["Blur","Sucker Punch"],"picked":"Riddle With Holes","floor":14.0},{"not_picked":["Unload","Tools of the Trade"],"picked":"Envenom","floor":16.0},{"not_picked":["Quick Slash","Slice+1"],"picked":"Dagger Throw","floor":18.0},{"not_picked":["Well Laid Plans","Poisoned Stab"],"picked":"Predator","floor":20.0},{"not_picked":["Caltrops","Cloak And Dagger"],"picked":"Backflip","floor":24.0},{"not_picked":["Prepared","Outmaneuver"],"picked":"Catalyst+1","floor":29.0},{"not_picked":["Skewer","Sucker Punch"],"picked":"Infinite Blades","floor":30.0},{"not_picked":["Blur","Prepared"],"picked":"Masterful Stab","floor":31.0},{"not_picked":["Unload","Wraith Form v2"],"picked":"Corpse Explosion","floor":33.0},{"not_picked":["Slice+1","Catalyst","Backflip"],"picked":"SKIP","floor":35.0},{"not_picked":["Dagger Throw","Backflip"],"picked":"Bane+1","floor":36.0},{"not_picked":["Perfected Strike","Dagger Throw+1"],"picked":"Discovery+1","floor":41.0},{"not_picked":["Corruption","Searing Blow+1"],"picked":"Bane+1","floor":46.0},{"not_picked":["Trip","Bandage Up"],"picked":"Finesse","floor":47.0},{"not_picked":["Forethought","Jack Of All Trades"],"picked":"Apotheosis","floor":47.0},{"not_picked":["Uppercut+1","Reinforced Body+1","Madness+1"],"picked":"SKIP","floor":48.0}],"player_experience":188829,"relics_obtained":[{"floor":9.0,"key":"Lantern"},{"floor":12.0,"key":"Ornamental Fan"},{"floor":13.0,"key":"Shuriken"},{"floor":26.0,"key":"Meat on the Bone"},{"floor":39.0,"key":"Shovel"},{"floor":40.0,"key":"Orichalcum"},{"floor":41.0,"key":"Bronze Scales"},{"floor":43.0,"key":"Oddly Smooth Stone"},{"floor":44.0,"key":"Sundial"}],"event_choices":[{"damage_healed":0.0,"max_hp_gain":0.0,"max_hp_loss":0.0,"gold_gain":0.0,"event_name":"The Cleric","player_choice":"Leave","floor":2.0,"gold_loss":0.0,"damage_taken":0.0},{"damage_healed":0.0,"max_hp_gain":0.0,"max_hp_loss":0.0,"gold_gain":0.0,"event_name":"Upgrade Shrine","player_choice":"Upgraded","floor":5.0,"gold_loss":0.0,"damage_taken":0.0,"cards_upgraded":["Prepared"]},{"damage_healed":0.0,"max_hp_gain":0.0,"max_hp_loss":0.0,"gold_gain":0.0,"event_name":"Colosseum","player_choice":"Fight","floor":19.0,"gold_loss":0.0,"damage_taken":0.0},{"damage_healed":0.0,"max_hp_gain":0.0,"max_hp_loss":0.0,"gold_gain":0.0,"event_name":"Colosseum","player_choice":"Fled From Nobs","floor":19.0,"gold_loss":0.0,"damage_taken":0.0},{"damage_healed":0.0,"max_hp_gain":0.0,"max_hp_loss":0.0,"gold_gain":0.0,"event_name":"Back to Basics","player_choice":"Simplicity","floor":22.0,"gold_loss":0.0,"damage_taken":0.0,"cards_upgraded":["Defend_G","Defend_G","Defend_G","Defend_G","Defend_G","Strike_G","Strike_G","Strike_G","Strike_G","Strike_G"]},{"damage_healed":0.0,"max_hp_gain":5.0,"max_hp_loss":0.0,"gold_gain":0.0,"event_name":"Forgotten Altar","player_choice":"Shed Blood","floor":28.0,"gold_loss":0.0,"damage_taken":18.0},{"damage_healed":0.0,"max_hp_gain":0.0,"max_hp_loss":0.0,"gold_gain":0.0,"event_name":"Tomb of Lord Red Mask","player_choice":"Paid","floor":38.0,"gold_loss":3.0,"damage_taken":0.0,"relics_obtained":["Red Mask"]},{"damage_healed":0.0,"max_hp_gain":0.0,"max_hp_loss":0.0,"gold_gain":0.0,"event_name":"MindBloom","player_choice":"Fight","floor":39.0,"gold_loss":0.0,"damage_taken":0.0},{"damage_healed":0.0,"max_hp_gain":0.0,"max_hp_loss":0.0,"gold_gain":0.0,"event_name":"Winding Halls","player_choice":"Embrace Madness","floor":45.0,"gold_loss":0.0,"damage_taken":9.0,"cards_obtained":["Madness","Madness"]},{"damage_healed":0.0,"max_hp_gain":0.0,"max_hp_loss":0.0,"gold_gain":0.0,"event_name":"SensoryStone","player_choice":"Memory 2","floor":47.0,"gold_loss":0.0,"damage_taken":5.0}],"is_beta":false,"boss_relics":[{"not_picked":["Velvet Choker","Coffee Dripper"],"picked":"HoveringKite"},{"not_picked":["Runic Dome","Runic Pyramid"],"picked":"WristBlade"}],"items_purged_floors":[],"is_endless":false,"potions_floor_spawned":[3,7,14,16,19,24,31,35,39],"killed_by":"Time Eater","ascension_level":0}