{"gold_per_floor":[210,225,235,235,235,235,270,270,270,281,315,315,333,352,352,424,424,364,374,58,58,58,92,92,102,127,127,137,16,16],"floor_reached":30,"playtime":1479,"items_purged":["Strike_R","Strike_R"],"score":439,"play_id":"da753310-c2dd-411d-ab2a-1b6de369b478","local_time":"20190217151349","is_ascension_mode":true,"campfire_choices":[{"data":"Armaments","floor":6.0,"key":"SMITH"},{"floor":8.0,"key":"REST"},{"floor":12.0,"key":"REST"},{"floor":15.0,"key":"REST"},{"floor":24,"key":"REST"},{"floor":27,"key":"REST"}],"neow_cost":"NONE","seed_source_timestamp":0,"circlet_count":0,"master_deck":["AscendersBane","Strike_R","Strike_R","Defend_R","Defend_R","Defend_R","Defend_R","Bash","Sword Boomerang","Armaments+1","Headbutt","Shrug It Off","Spot Weakness","Thunderclap","Impervious","Flame Barrier","Anger","Juggernaut","Ghostly Armor+1","Body Slam+1","Shame","Inflame","Pummel","Metallicize"],"special_seed":0,"relics":["Burning Blood","Blue Candle","Dream Catcher","Orichalcum","Lizard Tail","Self Forming Clay","Smiling Mask","Enchiridion","Oddly Smooth Stone","Happy Flower"],"potions_floor_usage":[23,25],"damage_taken":[{"damage":2.0,"enemies":"Jaw Worm","floor":1.0,"turns":3.0},{"damage":6.0,"enemies":"Cultist","floor":2.0,"turns":3.0},{"damage":7.0,"enemies":"Small Slimes","floor":3.0,"turns":3.0},{"damage":64.0,"enemies":"3 Sentries","floor":7.0,"turns":16.0},{"damage":13.0,"enemies":"Red Slaver","floor":10.0,"turns":3.0},{"damage":26.0,"enemies":"Gremlin Nob","floor":11.0,"turns":5.0},{"damage":7.0,"enemies":"Looter","floor":13.0,"turns":3.0},{"damage":7.0,"enemies":"3 Louse","floor":14.0,"turns":4.0},{"damage":43.0,"enemies":"The Guardian","floor":16.0,"turns":15.0},{"damage":17,"enemies":"2 Thieves","floor":18,"turns":4},{"damage":6,"enemies":"3 Byrds","floor":19,"turns":4},{"damage":82,"enemies":"Gremlin Leader","floor":23,"turns":9},{"damage":24,"enemies":"Snecko","floor":25,"turns":7},{"damage":29,"enemies":"Shelled Parasite and Fungi","floor":28,"turns":5},{"damage":19,"enemies":"Cultist and Chosen","floor":30,"turns":4}],"seed_played":"2404860089704203981","potions_obtained":[{"floor":7.0,"key":"Weak Potion"},{"floor":10.0,"key":"Weak Potion"},{"floor":13.0,"key":"Ancient Potion"},{"floor":16.0,"key":"Ancient Potion"},{"floor":19,"key":"BloodPotion"},{"floor":23,"key":"BloodPotion"}],"is_trial":false,"path_per_floor":["M","M","M","?","?","R","E","R","T","M","E","R","M","M","R","B",null,"M","M","$","?","?","E","R","M","T","R","M","$","M"],"character_chosen":"IRONCLAD","items_purchased":["Self Forming Clay","Metallicize"],"campfire_rested":5,"item_purchase_floors":[20,29],"current_hp_per_floor":[72,72,71,71,75,75,17,39,39,32,12,34,33,32,54,17,61,50,50,50,50,34,8,30,19,19,41,18,18,0],"gold":16,"neow_bonus":"HUNDRED_GOLD","is_prod":false,"is_daily":false,"chose_seed":false,"campfire_upgraded":1,"win_rate":0,"timestamp":1550438029,"path_taken":["M","M","M","?","?","R","E","R","T","?","E","R","M","M","R","BOSS","M","?","?","?","?","E","R","M","T","R","M","?","M"],"build_version":"2019-01-23","purchased_purges":2,"victory":false,"max_hp_per_floor":[75,75,75,75,75,75,75,75,75,75,75,75,75,75,75,75,75,75,75,75,75,75,75,75,75,75,75,75,75,75],"card_choices":[{"not_picked":["Thunderclap","Flex"],"picked":"Sword Boomerang","floor":1.0},{"not_picked":["Cleave","Corruption"],"picked":"Armaments","floor":2.0},{"not_picked":["Infernal Blade","Wild Strike"],"picked":"Headbutt","floor":3.0},{"not_picked":["Warcry","Inflame"],"picked":"Spot Weakness","floor":7.0},{"not_picked":["Flex","Havoc"],"picked":"Thunderclap","floor":10.0},{"not_picked":["Carnage","Rupture"],"picked":"Impervious","floor":11.0},{"not_picked":["Burning Pact","Clash"],"picked":"Flame Barrier","floor":13.0},{"not_picked":["Wild Strike","Headbutt","Pommel Strike"],"picked":"SKIP","floor":14.0},{"not_picked":["Dual Wield","Perfected Strike"],"picked":"Anger","floor":15.0},{"not_picked":["Bludgeon","Dark Embrace"],"picked":"Juggernaut","floor":16.0},{"not_picked":["Pommel Strike","Heavy Blade"],"picked":"Ghostly Armor+1","floor":18},{"not_picked":["Clothesline","Dropkick"],"picked":"Body Slam+1","floor":19},{"not_picked":["Evolve","True Grit","Cleave"],"picked":"SKIP","floor":23},{"not_picked":["Heavy Blade","Armaments"],"picked":"Inflame","floor":25},{"not_picked":["Warcry","Dark Embrace"],"picked":"Pummel","floor":28}],"player_experience":578952,"relics_obtained":[{"floor":7.0,"key":"Blue Candle"},{"floor":9.0,"key":"Dream Catcher"},{"floor":11.0,"key":"Orichalcum"},{"floor":22,"key":"Enchiridion"},{"floor":23,"key":"Oddly Smooth Stone"},{"floor":26,"key":"Happy Flower"}],"event_choices":[{"damage_healed":0.0,"max_hp_gain":0.0,"max_hp_loss":0.0,"gold_gain":0.0,"cards_transformed":["Strike_R"],"event_name":"Living Wall","player_choice":"Change","floor":4.0,"gold_loss":0.0,"damage_taken":0.0,"cards_obtained":["Shrug It Off"]},{"damage_healed":4.0,"max_hp_gain":0.0,"max_hp_loss":0.0,"gold_gain":0.0,"event_name":"Wheel of Change","player_choice":"Full Heal","floor":5.0,"gold_loss":0.0,"damage_taken":0.0},{"damage_healed":0,"gold_gain":0,"player_choice":"Stole Relic","damage_taken":0,"relics_obtained":["Smiling Mask"],"max_hp_gain":0,"max_hp_loss":0,"event_name":"Addict","floor":21,"gold_loss":0,"cards_obtained":["Shame"]},{"damage_healed":0,"gold_gain":0,"player_choice":"Obtained Book","damage_taken":16,"max_hp_gain":0,"max_hp_loss":0,"event_name":"Cursed Tome","floor":22,"gold_loss":0}],"is_beta":false,"boss_relics":[{"not_picked":["Sozu","Philosopher\u0027s Stone"],"picked":"Lizard Tail"}],"items_purged_floors":[20,29],"is_endless":false,"potions_floor_spawned":[7,10,13,16,19,23],"killed_by":"Cultist and Chosen","ascension_level":14}