{"gold_per_floor":[113,113,63,25,100,100,132,132,159,159],"floor_reached":10,"playtime":451,"items_purged":[],"score":71,"play_id":"660fdfc7-5ef0-43b9-8aec-6e5d5d46e3b9","local_time":"20181216125622","is_ascension_mode":true,"campfire_choices":[{"floor":6,"key":"REST"}],"neow_cost":"NONE","seed_source_timestamp":4793683572168,"circlet_count":0,"master_deck":["Strike_B","Strike_B","Strike_B","Defend_B+1","Defend_B","Defend_B+1","Defend_B","Zap","Dualcast","Gash","Gash","Loop","Storm","Loop","Self Repair","Doom and Gloom","Buffer"],"relics":["Orrery","Blood Vial","Juzu Bracelet"],"potions_floor_usage":[],"damage_taken":[{"damage":20,"enemies":"2 Louse","floor":1,"turns":4},{"damage":42,"enemies":"Lagavulin","floor":7,"turns":6},{"damage":24,"enemies":"3 Sentries","floor":10,"turns":4}],"seed_played":"6094338212832060318","potions_obtained":[],"is_trial":false,"path_per_floor":["M","?","?","$","?","R","E","?","T","E"],"character_chosen":"DEFECT","items_purchased":["Doom and Gloom"],"campfire_rested":1,"item_purchase_floors":[4],"current_hp_per_floor":[55,40,40,40,29,51,16,16,16,0],"gold":159,"neow_bonus":"BOSS_RELIC","is_prod":false,"is_daily":false,"chose_seed":false,"campfire_upgraded":0,"win_rate":0,"timestamp":1544986582,"path_taken":["M","?","?","$","?","R","E","?","T","E"],"build_version":"2018-12-13","purchased_purges":0,"victory":false,"max_hp_per_floor":[75,75,75,75,75,75,75,75,75,75],"card_choices":[{"not_picked":["Compile Driver","Rebound"],"picked":"Gash","floor":0},{"not_picked":["Go for the Eyes","Stack"],"picked":"Gash","floor":0},{"not_picked":["BootSequence","Stack"],"picked":"Loop","floor":0},{"not_picked":["Rebound","Beam Cell"],"picked":"Storm","floor":0},{"not_picked":["Ball Lightning","Hologram"],"picked":"Loop","floor":0},{"not_picked":["Beam Cell","Cold Snap"],"picked":"Self Repair","floor":1},{"not_picked":["Redo","White Noise"],"picked":"Buffer","floor":7}],"player_experience":450957,"relics_obtained":[{"floor":7,"key":"Blood Vial"},{"floor":9,"key":"Juzu Bracelet"}],"event_choices":[{"damage_healed":0,"gold_gain":0,"player_choice":"Entered Light","damage_taken":15,"max_hp_gain":0,"max_hp_loss":0,"event_name":"Shining Light","floor":2,"gold_loss":0,"cards_upgraded":["Defend_B","Defend_B"]},{"cards_removed":["Strike_B"],"damage_healed":0,"gold_gain":0,"player_choice":"Card Removal","damage_taken":0,"max_hp_gain":0,"max_hp_loss":0,"event_name":"The Cleric","floor":3,"gold_loss":50},{"damage_healed":0,"gold_gain":75,"player_choice":"Gather Gold","damage_taken":11,"max_hp_gain":0,"max_hp_loss":0,"event_name":"World of Goop","floor":5,"gold_loss":0},{"damage_healed":0,"gold_gain":0,"player_choice":"Searched \u00270\u0027 times","damage_taken":0,"max_hp_gain":0,"max_hp_loss":0,"event_name":"Dead Adventurer","floor":8,"gold_loss":0}],"is_beta":false,"boss_relics":[],"items_purged_floors":[],"is_endless":false,"potions_floor_spawned":[],"killed_by":"3 Sentries","ascension_level":3}