{"gold_per_floor":[119,119,42,60,60,92,19,19,42,84,96,108,120,150,162,174],"floor_reached":16,"playtime":461,"items_purged":[],"score":131,"play_id":"fe2cf9ce-3579-4a17-a3f7-f0819a1ebe2f","local_time":"20190216012956","is_ascension_mode":false,"campfire_choices":[{"data":"Static Discharge","floor":8,"key":"SMITH"},{"data":"Zap","floor":12,"key":"SMITH"},{"data":"Dualcast","floor":15,"key":"SMITH"}],"neow_cost":"NONE","seed_source_timestamp":25339566529656,"circlet_count":0,"master_deck":["Strike_B","Strike_B","Defend_B","Defend_B","Defend_B","Defend_B","Zap+1","Dualcast+1","Self Repair","Hologram","Amplify","Steam","Static Discharge+1","Melter","Steam"],"relics":["Cracked Core","NeowsBlessing","Ancient Tea Set","MawBank","Pen Nib","Bag of Preparation"],"potions_floor_usage":[],"damage_taken":[{"damage":0,"enemies":"Jaw Worm","floor":1,"turns":1},{"damage":0,"enemies":"2 Louse","floor":4,"turns":1},{"damage":0,"enemies":"Gremlin Nob","floor":6,"turns":1},{"damage":8,"enemies":"Lagavulin","floor":10,"turns":7},{"damage":7,"enemies":"Small Slimes","floor":14,"turns":2},{"damage":65,"enemies":"Slime Boss","floor":16,"turns":7}],"seed_played":"5179623132883924289","potions_obtained":[{"floor":14,"key":"SteroidPotion"}],"is_trial":false,"path_per_floor":["M","?","$","M","?","E","$","R","T","E","$","R","?","M","R","B"],"character_chosen":"DEFECT","items_purchased":["Amplify","Static Discharge"],"campfire_rested":0,"item_purchase_floors":[3,7],"current_hp_per_floor":[75,75,75,75,68,68,68,68,68,67,67,67,60,60,60,0],"gold":174,"neow_bonus":"THREE_ENEMY_KILL","is_prod":false,"is_daily":false,"chose_seed":false,"campfire_upgraded":3,"win_rate":0,"timestamp":1550298596,"path_taken":["M","?","$","M","?","E","$","R","T","E","$","R","?","M","R","BOSS"],"build_version":"2019-01-23","purchased_purges":0,"victory":false,"max_hp_per_floor":[75,75,75,75,75,75,75,75,75,75,75,75,75,75,75,75],"card_choices":[{"not_picked":["Coolheaded","Barrage"],"picked":"Self Repair","floor":1},{"not_picked":["Beam Cell","Cold Snap"],"picked":"Steam","floor":4},{"not_picked":["Self Repair","Coolheaded","Sweeping Beam"],"picked":"SKIP","floor":6},{"not_picked":["Go for the Eyes","Darkness"],"picked":"Melter","floor":10},{"not_picked":["Chill","Sunder"],"picked":"Steam","floor":14}],"player_experience":59800,"relics_obtained":[{"floor":6,"key":"Ancient Tea Set"},{"floor":9,"key":"MawBank"},{"floor":10,"key":"Pen Nib"}],"event_choices":[{"damage_healed":0,"gold_gain":0,"cards_transformed":["Strike_B"],"player_choice":"Change","damage_taken":0,"max_hp_gain":0,"max_hp_loss":0,"event_name":"Living Wall","floor":2,"gold_loss":0,"cards_obtained":["Hologram"]},{"cards_removed":["Strike_B"],"damage_healed":0,"gold_gain":0,"player_choice":"Card Removal","damage_taken":7,"max_hp_gain":0,"max_hp_loss":0,"event_name":"Golden Wing","floor":5,"gold_loss":0},{"damage_healed":0,"gold_gain":0,"player_choice":"Success","damage_taken":7,"relics_obtained":["Bag of Preparation"],"max_hp_gain":0,"max_hp_loss":0,"event_name":"Scrap Ooze","floor":13,"gold_loss":0}],"is_beta":false,"boss_relics":[],"items_purged_floors":[],"is_endless":false,"potions_floor_spawned":[14],"killed_by":"Slime Boss","ascension_level":0}