{"gold_per_floor":[114,114,114,39,54,85,85,105,131,144,171,171,188,113,113,211,211,229,229,129,54,28,59,59,59,59,59,93,93,93,103,103,200,200,217,236,236,236,236,267,267,297,297,297,642,15,39,50,50,50],"floor_reached":51,"playtime":4016,"items_purged":["Regret","Strike_G","Strike_G"],"score":1065,"play_id":"91d17d3c-08af-4f81-8c8d-28be4e74ccc8","local_time":"20180829000133","is_ascension_mode":true,"campfire_choices":[{"data":"Noxious Fumes","floor":7,"key":"SMITH"},{"data":"Blur","floor":12,"key":"SMITH"},{"floor":15,"key":"REST"},{"data":"Flechettes","floor":24,"key":"SMITH"},{"data":"Terror","floor":27,"key":"SMITH"},{"data":"Footwork","floor":29,"key":"SMITH"},{"data":"Deadly Poison","floor":32,"key":"SMITH"},{"data":"Catalyst","floor":41,"key":"SMITH"},{"data":"Catalyst","floor":49,"key":"SMITH"}],"neow_cost":"NONE","seed_source_timestamp":1103985914445070,"circlet_count":0,"master_deck":["Defend_G","Defend_G","Defend_G","Defend_G","Defend_G+1","Strike_G","Strike_G","Survivor","Deadly Poison+1","Noxious Fumes+1","Blur+1","Flechettes+1","Backflip","Die Die Die","Ghostly","Ghostly","Ghostly+1","Ghostly","Ghostly","Deadly Poison+1","Terror+1","Footwork+1","Escape Plan","Outmaneuver+1","Catalyst+1","Madness","Madness","Terror+1","Catalyst+1","Grand Finale","Prepared","Phantasmal Killer"],"relics":["Ring of the Snake","NeowsBlessing","Ginger","Shuriken","Ancient Tea Set","Blood Vial","Pen Nib","Busted Crown","Happy Flower","Gremlin Horn","Vajra","Runic Pyramid","StoneCalendar","The Courier","War Paint","Strawberry","Old Coin","Orichalcum","Omamori"],"potions_floor_usage":[11,11,13,16,23,33,33,38,42,45,50,50,50],"damage_taken":[{"damage":0,"enemies":"Small Slimes","floor":1,"turns":1},{"damage":0,"enemies":"Cultist","floor":5,"turns":1},{"damage":0,"enemies":"Gremlin Nob","floor":6,"turns":1},{"damage":5,"enemies":"Jaw Worm","floor":8,"turns":2},{"damage":9,"enemies":"Looter","floor":10,"turns":4},{"damage":4,"enemies":"3 Sentries","floor":11,"turns":6},{"damage":18,"enemies":"Large Slime","floor":13,"turns":5},{"damage":56,"enemies":"Slime Boss","floor":16,"turns":12},{"damage":14,"enemies":"Shell Parasite","floor":18,"turns":7},{"damage":3,"enemies":"Slavers","floor":23,"turns":5},{"damage":0,"enemies":"Book of Stabbing","floor":28,"turns":6},{"damage":0,"enemies":"Chosen","floor":31,"turns":4},{"damage":16,"enemies":"Champ","floor":33,"turns":12},{"damage":0,"enemies":"Orb Walker","floor":35,"turns":5},{"damage":15,"enemies":"3 Shapes","floor":36,"turns":3},{"damage":0,"enemies":"Mind Bloom Boss Battle","floor":38,"turns":6},{"damage":2,"enemies":"2 Orb Walkers","floor":40,"turns":5},{"damage":1,"enemies":"Giant Head","floor":42,"turns":6},{"damage":1,"enemies":"Mysterious Sphere","floor":45,"turns":5},{"damage":0,"enemies":"3 Darklings","floor":48,"turns":4},{"damage":10,"enemies":"Donu and Deca","floor":50,"turns":8}],"seed_played":"6738268577232129556","potions_obtained":[{"floor":5,"key":"EssenceOfSteel"},{"floor":10,"key":"PowerPotion"},{"floor":11,"key":"Regen Potion"},{"floor":13,"key":"Ancient Potion"},{"floor":18,"key":"LiquidBronze"},{"floor":23,"key":"EntropicBrew"},{"floor":35,"key":"Strength Potion"},{"floor":38,"key":"Fire Potion"},{"floor":40,"key":"Block Potion"}],"is_trial":false,"path_per_floor":["M","?","T","$","M","E","R","M","T","M","E","R","M","$","R","B",null,"M","?","$","?","$","E","R","?","T","R","E","R","?","M","R","B",null,"M","M","?","?","?","E","R","E","T","?","?","$","T","M","R","B"],"character_chosen":"THE_SILENT","items_purchased":["Noxious Fumes","Deadly Poison","Catalyst","Grand Finale","Prepared","Phantasmal Killer","Orichalcum","Strength Potion","Dexterity Potion"],"campfire_rested":1,"item_purchase_floors":[4,22,46,46,46,46,46,46,46],"current_hp_per_floor":[63,63,63,63,63,63,63,58,58,51,49,49,48,48,69,14,56,44,35,35,35,35,32,32,32,32,32,34,34,34,35,35,19,31,33,20,20,35,35,33,33,34,41,36,37,37,37,39,39,31],"gold":50,"neow_bonus":"THREE_ENEMY_KILL","is_prod":false,"is_daily":false,"chose_seed":false,"campfire_upgraded":8,"win_rate":0,"timestamp":1535518893,"path_taken":["M","?","?","$","M","E","R","M","T","M","E","R","M","$","R","BOSS","M","?","$","?","$","E","R","?","T","R","E","R","?","M","R","BOSS","M","M","?","?","?","E","R","E","T","?","?","$","?","M","R","BOSS"],"build_version":"2018-08-23v2","purchased_purges":3,"victory":true,"max_hp_per_floor":[70,70,70,70,70,70,70,70,70,70,70,70,70,70,70,70,70,70,35,35,35,35,35,35,35,35,35,35,35,35,35,35,35,35,35,35,35,35,35,35,35,35,42,42,42,42,42,42,42,42],"card_choices":[{"not_picked":["Deflect","Underhanded Strike"],"picked":"Deadly Poison","floor":1},{"not_picked":["Blade Dance","Skewer"],"picked":"Blur","floor":5},{"not_picked":["Dagger Spray","Expertise"],"picked":"Flechettes","floor":6},{"not_picked":["All Out Attack","Finisher"],"picked":"Backflip","floor":8},{"not_picked":["Flying Knee","Endless Agony","Riddle With Holes"],"picked":"SKIP","floor":10},{"not_picked":["PiercingWail","Dodge and Roll","Choke"],"picked":"SKIP","floor":11},{"not_picked":["Crippling Poison","Dodge and Roll","Slice"],"picked":"SKIP","floor":13},{"not_picked":["Malaise","Glass Knife"],"picked":"Die Die Die","floor":16},{"not_picked":["Acrobatics"],"picked":"SKIP","floor":18},{"not_picked":["Distraction+1"],"picked":"SKIP","floor":23},{"not_picked":[],"picked":"Footwork","floor":28},{"not_picked":[],"picked":"Escape Plan","floor":31},{"not_picked":[],"picked":"Outmaneuver+1","floor":35},{"not_picked":[],"picked":"Catalyst","floor":36},{"not_picked":["Flying Knee+1"],"picked":"SKIP","floor":40},{"not_picked":["Slice"],"picked":"SKIP","floor":42},{"not_picked":[],"picked":"Terror+1","floor":45},{"not_picked":["Blade Dance+1"],"picked":"SKIP","floor":48}],"player_experience":355805,"relics_obtained":[{"floor":3,"key":"Shuriken"},{"floor":6,"key":"Ancient Tea Set"},{"floor":9,"key":"Blood Vial"},{"floor":11,"key":"Pen Nib"},{"floor":23,"key":"Happy Flower"},{"floor":26,"key":"Gremlin Horn"},{"floor":28,"key":"Vajra"},{"floor":38,"key":"StoneCalendar"},{"floor":40,"key":"The Courier"},{"floor":42,"key":"War Paint"},{"floor":43,"key":"Strawberry"},{"floor":45,"key":"Old Coin"},{"floor":47,"key":"Omamori"}],"event_choices":[{"event_name":"Big Fish","player_choice":"Box","floor":2,"damage_taken":0},{"event_name":"Ghosts","player_choice":"Became a Ghost","floor":19,"damage_taken":0},{"event_name":"Beggar","player_choice":"Gave Gold","floor":21,"damage_taken":0},{"event_name":"The Library","player_choice":"Read","floor":25,"damage_taken":0},{"event_name":"Upgrade Shrine","player_choice":"Upgraded","floor":30,"damage_taken":0},{"event_name":"Tomb of Lord Red Mask","player_choice":"Ignored","floor":37,"damage_taken":0},{"event_name":"MindBloom","player_choice":"Fight","floor":38,"damage_taken":0},{"event_name":"Falling","player_choice":"Removed Attack","floor":39,"damage_taken":0},{"event_name":"Winding Halls","player_choice":"Embrace Madness","floor":44,"damage_taken":0},{"event_name":"Mysterious Sphere","player_choice":"Fight","floor":45,"damage_taken":0}],"is_beta":false,"boss_relics":[{"not_picked":["Ectoplasm","Calling Bell"],"picked":"Busted Crown"},{"not_picked":["Coffee Dripper","Cursed Key"],"picked":"Runic Pyramid"}],"items_purged_floors":[14,20,46],"is_endless":false,"potions_floor_spawned":[5,10,11,13,18,23,35,38,40,48],"ascension_level":7}