{"gold_per_floor":[117,117,129,139,214,214,247,265,265,265,265,305,324,324,324,445,508,533,553,385,409,432,432,532,20,20,20,44,58,79,97,97,223,223,237,261,261,282,615,615],"floor_reached":40,"playtime":3061,"items_purged":["Injury"],"score":425,"play_id":"5d1ae623-0414-4685-bf99-e7f764d61c7e","local_time":"20190213225241","is_ascension_mode":false,"campfire_choices":[{"data":"Cloak And Dagger","floor":6,"key":"SMITH"},{"floor":10,"key":"REST"},{"floor":15,"key":"REST"},{"floor":23,"key":"REST"},{"data":"Accuracy","floor":32,"key":"SMITH"}],"neow_cost":"NONE","seed_source_timestamp":12980653855678,"circlet_count":0,"master_deck":["Defend_G","Defend_G","Defend_G","Defend_G+1","Defend_G","Strike_G","Strike_G","Strike_G","Strike_G","Strike_G","Survivor","Neutralize","Blade Dance","Cloak And Dagger+1","Adrenaline","Sucker Punch","Quick Slash","Crippling Poison","Die Die Die","Distraction","Predator+1","Outmaneuver+1","Accuracy+1","Cloak And Dagger","Catalyst","Cloak And Dagger","Backstab","Dagger Spray","Terror+1","Endless Agony+1","Tools of the Trade","Deadly Poison+1","Accuracy+1","Dodge and Roll+1"],"relics":["Ring of the Snake","Torii","Ninja Scroll","Ornamental Fan","Unceasing Top","Tiny House","The Specimen","Snake Skull","Question Card","Bag of Preparation","Eternal Feather"],"potions_floor_usage":[7,7,12,16,21,22,33],"damage_taken":[{"damage":0,"enemies":"Jaw Worm","floor":1,"turns":7},{"damage":0,"enemies":"2 Louse","floor":3,"turns":5},{"damage":0,"enemies":"Cultist","floor":4,"turns":4},{"damage":31,"enemies":"Lagavulin","floor":7,"turns":10},{"damage":0,"enemies":"Blue Slaver","floor":8,"turns":3},{"damage":19,"enemies":"3 Sentries","floor":12,"turns":7},{"damage":0,"enemies":"Exordium Thugs","floor":13,"turns":4},{"damage":62,"enemies":"Slime Boss","floor":16,"turns":19},{"damage":1,"enemies":"3 Byrds","floor":18,"turns":5},{"damage":7,"enemies":"Chosen","floor":19,"turns":5},{"damage":10,"enemies":"Sentry and Sphere","floor":21,"turns":6},{"damage":33,"enemies":"Cultist and Chosen","floor":22,"turns":12},{"damage":5,"enemies":"Snake Plant","floor":29,"turns":5},{"damage":1,"enemies":"3 Cultists","floor":30,"turns":5},{"damage":1,"enemies":"Centurion and Healer","floor":31,"turns":4},{"damage":71,"enemies":"Automaton","floor":33,"turns":14},{"damage":15,"enemies":"Orb Walker","floor":35,"turns":5},{"damage":51,"enemies":"3 Darklings","floor":36,"turns":5},{"damage":20,"enemies":"Jaw Worm Horde","floor":38,"turns":5},{"damage":76,"enemies":"Nemesis","floor":40,"turns":5}],"seed_played":"2251424575679872967","potions_obtained":[{"floor":1,"key":"FearPotion"},{"floor":3,"key":"Poison Potion"},{"floor":4,"key":"FearPotion"},{"floor":8,"key":"Regen Potion"},{"floor":17,"key":"Weak Potion"},{"floor":18,"key":"GhostInAJar"},{"floor":31,"key":"GamblersBrew"},{"floor":36,"key":"Ancient Potion"}],"is_trial":false,"path_per_floor":["M","?","M","M","?","R","E","M","T","R","?","E","M","T","R","B",null,"M","M","$","M","M","R","?","$","T","?","T","M","M","M","R","B",null,"M","M","?","M","?","E"],"character_chosen":"THE_SILENT","items_purchased":["Accuracy","Cloak And Dagger","The Specimen","Snake Skull","Backstab"],"campfire_rested":3,"item_purchase_floors":[20,20,25,25,25],"current_hp_per_floor":[77,77,77,77,66,66,35,35,35,58,58,39,39,39,62,15,82,81,74,74,64,31,55,55,55,55,82,82,77,76,75,75,4,82,67,16,82,62,62,0],"gold":615,"neow_bonus":"TEN_PERCENT_HP_BONUS","is_prod":false,"is_daily":false,"chose_seed":false,"campfire_upgraded":2,"win_rate":0,"timestamp":1550116361,"path_taken":["M","?","M","M","?","R","E","M","T","R","?","E","M","?","R","BOSS","M","?","$","M","M","R","?","?","T","?","?","M","?","M","R","BOSS","M","M","?","?","?","E"],"build_version":"2019-01-23","purchased_purges":1,"victory":false,"max_hp_per_floor":[77,77,77,77,77,77,77,77,77,77,77,77,77,77,77,77,82,82,82,82,82,82,82,82,82,82,82,82,82,82,82,82,82,82,82,82,82,82,82,82],"card_choices":[{"not_picked":["Leg Sweep","Quick Slash"],"picked":"Blade Dance","floor":1},{"not_picked":["Outmaneuver","Deadly Poison"],"picked":"Endless Agony","floor":3},{"not_picked":["Escape Plan","Backflip"],"picked":"Cloak And Dagger","floor":4},{"not_picked":["Leg Sweep","Backflip"],"picked":"Adrenaline","floor":7},{"not_picked":["Outmaneuver","Dagger Throw"],"picked":"Sucker Punch","floor":8},{"not_picked":["Finisher","Dagger Throw"],"picked":"Quick Slash","floor":12},{"not_picked":["Outmaneuver","Cloak And Dagger"],"picked":"Crippling Poison","floor":13},{"not_picked":["Adrenaline","Glass Knife"],"picked":"Die Die Die","floor":16},{"not_picked":["Well Laid Plans","Cloak And Dagger"],"picked":"Distraction","floor":17},{"not_picked":["Dagger Spray","Dagger Throw+1"],"picked":"Predator+1","floor":18},{"not_picked":["Blade Dance","Backflip"],"picked":"Outmaneuver+1","floor":19},{"not_picked":["Choke+1","Dodge and Roll"],"picked":"Catalyst","floor":21},{"not_picked":["Catalyst","Backflip"],"picked":"Cloak And Dagger","floor":22},{"not_picked":["All Out Attack","Heel Hook","Backflip"],"picked":"Dagger Spray","floor":29},{"not_picked":["Slice+1","PiercingWail","Outmaneuver"],"picked":"Terror+1","floor":30},{"not_picked":["Sucker Punch+1","Dagger Throw","Cloak And Dagger"],"picked":"Endless Agony+1","floor":31},{"not_picked":["Doppelganger","Malaise","Phantasmal Killer"],"picked":"Tools of the Trade","floor":33},{"not_picked":["Poisoned Stab","Calculated Gamble","Deflect"],"picked":"Deadly Poison+1","floor":35},{"not_picked":["Masterful Stab+1","Noxious Fumes","PiercingWail+1"],"picked":"Accuracy+1","floor":36},{"not_picked":["Terror","Deflect","Finisher+1"],"picked":"Dodge and Roll+1","floor":38}],"player_experience":24924,"relics_obtained":[{"floor":7,"key":"Torii"},{"floor":9,"key":"Ninja Scroll"},{"floor":12,"key":"Ornamental Fan"},{"floor":14,"key":"Unceasing Top"},{"floor":26,"key":"Question Card"},{"floor":28,"key":"Bag of Preparation"}],"event_choices":[{"damage_healed":0,"gold_gain":0,"player_choice":"Leave","damage_taken":0,"max_hp_gain":0,"max_hp_loss":0,"event_name":"The Cleric","floor":2,"gold_loss":0},{"damage_healed":0,"gold_gain":75,"player_choice":"Gather Gold","damage_taken":11,"max_hp_gain":0,"max_hp_loss":0,"event_name":"World of Goop","floor":5,"gold_loss":0},{"damage_healed":0,"gold_gain":0,"player_choice":"Take Wound","damage_taken":0,"relics_obtained":["Golden Idol"],"max_hp_gain":0,"max_hp_loss":0,"event_name":"Golden Idol","floor":11,"gold_loss":0,"cards_obtained":["Injury"]},{"damage_healed":0,"gold_gain":100,"player_choice":"Pray","damage_taken":0,"max_hp_gain":0,"max_hp_loss":0,"event_name":"Golden Shrine","floor":24,"gold_loss":0},{"damage_healed":27,"gold_gain":0,"player_choice":"Heal","damage_taken":0,"max_hp_gain":0,"max_hp_loss":0,"event_name":"The Library","floor":27,"gold_loss":0},{"cards_removed":["Endless Agony"],"damage_healed":66,"gold_gain":0,"player_choice":"Offered Uncommon","damage_taken":0,"max_hp_gain":0,"max_hp_loss":0,"event_name":"Bonfire Elementals","floor":37,"gold_loss":0},{"damage_healed":0,"gold_gain":333,"player_choice":"Gave Idol","damage_taken":0,"max_hp_gain":0,"max_hp_loss":0,"event_name":"The Moai Head","floor":39,"relics_lost":["Golden Idol"],"gold_loss":0}],"is_beta":false,"boss_relics":[{"not_picked":["Lizard Tail","Ectoplasm"],"picked":"Tiny House"},{"not_picked":["Busted Crown","Runic Pyramid"],"picked":"Eternal Feather"}],"items_purged_floors":[20],"is_endless":false,"potions_floor_spawned":[1,3,4,8,18,31,36],"killed_by":"Nemesis","ascension_level":0}