{"gold_per_floor":[112,130,11,11,11,47,71,105,153,328,18,31,31,46,46,177,177,202,170,170,9,22,58,58,58,58,58],"floor_reached":27,"playtime":2458,"items_purged":["Doubt"],"score":241,"play_id":"f7854b99-cfae-4a0a-bcf3-b7270dae2918","local_time":"20190204132616","is_ascension_mode":false,"campfire_choices":[{"floor":15.0,"key":"REST"},{"floor":24.0,"key":"REST"}],"neow_cost":"NONE","seed_source_timestamp":49653838114373,"circlet_count":0,"master_deck":["Defend_G","Defend_G","Defend_G","Defend_G","Defend_G","Strike_G","Strike_G","Survivor","Neutralize","Dagger Throw","Bouncing Flask","Sucker Punch","Crippling Poison","Accuracy","Blade Dance","Cloak And Dagger","Noxious Fumes","Bane","Finesse","Acrobatics","Underhanded Strike","Blade Dance","After Image","Infinite Blades+1","Dash+1","Reflex+1","Underhanded Strike","Prepared","Noxious Fumes","Finesse","PiercingWail","Burst"],"special_seed":0,"relics":["Ring of the Snake","Golden Idol","Bottled Lightning","Boot","Snake Skull","Astrolabe","MutagenicStrength","Dodecahedron","Frozen Egg 2"],"potions_floor_usage":[27],"damage_taken":[{"damage":0.0,"enemies":"Cultist","floor":1.0,"turns":5.0},{"damage":0.0,"enemies":"2 Louse","floor":2.0,"turns":3.0},{"damage":17.0,"enemies":"Gremlin Nob","floor":6.0,"turns":4.0},{"damage":1.0,"enemies":"Jaw Worm","floor":7.0,"turns":5.0},{"damage":22.0,"enemies":"3 Sentries","floor":8.0,"turns":8.0},{"damage":1.0,"enemies":"Large Slime","floor":12.0,"turns":5.0},{"damage":1.0,"enemies":"Blue Slaver","floor":14.0,"turns":4.0},{"damage":16.0,"enemies":"Hexaghost","floor":16.0,"turns":9.0},{"damage":1.0,"enemies":"Chosen","floor":18.0,"turns":5.0},{"damage":19.0,"enemies":"2 Thieves","floor":19.0,"turns":5.0},{"damage":16.0,"enemies":"Snecko","floor":22.0,"turns":5.0},{"damage":20.0,"enemies":"Book of Stabbing","floor":23.0,"turns":7.0},{"damage":52,"enemies":"Gremlin Leader","floor":27,"turns":5}],"seed_played":"-2704188181187068587","potions_obtained":[{"floor":1.0,"key":"Strength Potion"},{"floor":7.0,"key":"Weak Potion"},{"floor":14.0,"key":"Strength Potion"},{"floor":16.0,"key":"Fruit Juice"},{"floor":22.0,"key":"Strength Potion"}],"is_trial":false,"path_per_floor":["M","M","$","?","?","E","M","E","T","?","$","M","$","M","R","B",null,"M","M","?","$","M","E","R","?","T","E"],"character_chosen":"THE_SILENT","items_purchased":["Sucker Punch","Crippling Poison","Noxious Fumes","Bane","Finesse","Acrobatics","Noxious Fumes","Finesse"],"campfire_rested":2,"item_purchase_floors":[3,3,11,11,11,11,21,21],"current_hp_per_floor":[77,77,77,71,71,54,53,31,31,31,31,30,30,29,50,34,71,75,56,56,56,40,20,42,42,42,0],"gold":58,"neow_bonus":"TEN_PERCENT_HP_BONUS","is_prod":false,"is_daily":false,"chose_seed":false,"campfire_upgraded":0,"win_rate":0.0,"timestamp":1549275976,"path_taken":["M","?","$","?","?","E","M","E","T","?","$","M","$","M","R","BOSS","M","M","?","$","M","E","R","?","T","E"],"build_version":"2019-01-23","purchased_purges":1,"victory":false,"max_hp_per_floor":[77,77,77,71,71,71,71,71,71,71,71,71,71,71,71,71,71,76,76,76,76,76,76,76,76,76,76],"card_choices":[{"not_picked":["Calculated Gamble","Reflex"],"picked":"Dagger Throw","floor":1.0},{"not_picked":["Outmaneuver","Blade Dance"],"picked":"Bouncing Flask","floor":2.0},{"not_picked":["Wraith Form v2","Deadly Poison"],"picked":"Accuracy","floor":6.0},{"not_picked":["Escape Plan","Dodge and Roll"],"picked":"Blade Dance","floor":7.0},{"not_picked":["Flechettes","Distraction"],"picked":"Cloak And Dagger","floor":8.0},{"not_picked":["Skewer","Eviscerate"],"picked":"Underhanded Strike","floor":12.0},{"not_picked":["Distraction","Deflect"],"picked":"Blade Dance","floor":14.0},{"not_picked":["Night Terror","Storm of Steel"],"picked":"After Image","floor":16.0},{"not_picked":["Masterful Stab+1","Backstab+1"],"picked":"Underhanded Strike","floor":18.0},{"not_picked":["Bane","Masterful Stab"],"picked":"Prepared","floor":19.0},{"not_picked":["Caltrops","Outmaneuver"],"picked":"PiercingWail","floor":22.0},{"not_picked":["Dagger Throw+1","Sucker Punch"],"picked":"Burst","floor":23.0}],"player_experience":169096,"relics_obtained":[{"floor":6.0,"key":"Bottled Lightning"},{"floor":8.0,"key":"Boot"},{"floor":9.0,"key":"Snake Skull"},{"floor":23.0,"key":"Dodecahedron"},{"floor":26.0,"key":"Frozen Egg 2"}],"event_choices":[{"damage_healed":0.0,"max_hp_gain":0.0,"max_hp_loss":6.0,"gold_gain":0.0,"event_name":"Golden Idol","player_choice":"Lose Max HP","floor":4.0,"gold_loss":0.0,"damage_taken":0.0,"relics_obtained":["Golden Idol"]},{"damage_healed":0.0,"max_hp_gain":0.0,"max_hp_loss":0.0,"gold_gain":0.0,"event_name":"Shining Light","player_choice":"Ignored","floor":5.0,"gold_loss":0.0,"damage_taken":0.0},{"damage_healed":0.0,"max_hp_gain":0.0,"max_hp_loss":0.0,"gold_gain":175.0,"event_name":"Liars Game","player_choice":"AGREE","floor":10.0,"gold_loss":0.0,"damage_taken":0.0,"cards_obtained":["Doubt"]},{"damage_healed":0.0,"max_hp_gain":0.0,"max_hp_loss":0.0,"gold_gain":0.0,"event_name":"Drug Dealer","player_choice":"Inject Mutagens","floor":20.0,"gold_loss":0.0,"damage_taken":0.0,"relics_obtained":["MutagenicStrength"]},{"damage_healed":0.0,"max_hp_gain":0.0,"max_hp_loss":0.0,"gold_gain":0.0,"event_name":"The Woman in Blue","player_choice":"Bought 0 Potions","floor":25.0,"gold_loss":0.0,"damage_taken":0.0}],"is_beta":false,"boss_relics":[{"not_picked":["Tiny House","Snecko Eye"],"picked":"Astrolabe"}],"items_purged_floors":[11],"is_endless":false,"potions_floor_spawned":[1,7,14,16,22],"killed_by":"Gremlin Leader","ascension_level":0}