{"gold_per_floor":[118,137,91,67,81,106,106,116,140,158,158,158,158,175,175,272,272,284,297,98,108,122,122,155,181,181,181,28,28,28,39,39,137,137,151,162,162,176,27,27,42,55,55,75,75,93,93,111,111,111],"floor_reached":51,"playtime":1884,"items_purged":["Normality"],"score":723,"play_id":"521b3292-d09a-46ad-97f9-8dc99bf3890b","local_time":"20190212153826","is_ascension_mode":false,"campfire_choices":[{"data":"Shrug It Off","floor":7.0,"key":"SMITH"},{"data":"Bash","floor":15.0,"key":"SMITH"},{"floor":23.0,"key":"REST"},{"floor":32.0,"key":"REST"},{"data":"1","floor":40.0,"key":"LIFT"},{"data":"2","floor":45.0,"key":"LIFT"},{"data":"3","floor":47.0,"key":"LIFT"},{"floor":49.0,"key":"REST"}],"neow_cost":"NONE","seed_source_timestamp":64349532836573,"circlet_count":0,"master_deck":["Strike_R+1","Strike_R+1","Strike_R+1","Strike_R+1","Strike_R+1","Defend_R+1","Defend_R+1","Defend_R+1","Defend_R+1","Bash+1","Pommel Strike","Shrug It Off+1","Twin Strike","Twin Strike","Twin Strike","Perfected Strike+1","Clothesline+1","Perfected Strike+1","J.A.X.","Heavy Blade+1","Wild Strike","Parasite","Perfected Strike"],"special_seed":0,"relics":["Burning Blood","War Paint","Centennial Puzzle","Ancient Tea Set","Cursed Key","Toolbox","Red Skull","Red Mask","Girya","Velvet Choker","Potion Belt","Bag of Marbles"],"potions_floor_usage":[50,50,50,50],"damage_taken":[{"damage":1.0,"enemies":"Cultist","floor":1.0,"turns":3.0},{"damage":5.0,"enemies":"Jaw Worm","floor":2.0,"turns":5.0},{"damage":4.0,"enemies":"Small Slimes","floor":5.0,"turns":3.0},{"damage":26.0,"enemies":"3 Sentries","floor":6.0,"turns":10.0},{"damage":5.0,"enemies":"2 Fungi Beasts","floor":8.0,"turns":5.0},{"damage":0.0,"enemies":"Exordium Wildlife","floor":10.0,"turns":4.0},{"damage":5.0,"enemies":"Looter","floor":14.0,"turns":3.0},{"damage":40.0,"enemies":"Slime Boss","floor":16.0,"turns":10.0},{"damage":16.0,"enemies":"2 Thieves","floor":18.0,"turns":5.0},{"damage":14.0,"enemies":"Spheric Guardian","floor":19.0,"turns":4.0},{"damage":32.0,"enemies":"Shelled Parasite and Fungi","floor":21.0,"turns":6.0},{"damage":16.0,"enemies":"Snake Plant","floor":22.0,"turns":3.0},{"damage":4.0,"enemies":"Gremlin Leader","floor":24.0,"turns":4.0},{"damage":19.0,"enemies":"Masked Bandits","floor":25.0,"turns":4.0},{"damage":6.0,"enemies":"Snecko","floor":31.0,"turns":3.0},{"damage":32.0,"enemies":"Collector","floor":33.0,"turns":5.0},{"damage":26.0,"enemies":"3 Darklings","floor":35.0,"turns":3.0},{"damage":10.0,"enemies":"3 Shapes","floor":36.0,"turns":3.0},{"damage":12.0,"enemies":"Jaw Worm Horde","floor":38.0,"turns":3.0},{"damage":9.0,"enemies":"4 Shapes","floor":41.0,"turns":2.0},{"damage":13.0,"enemies":"3 Darklings","floor":42.0,"turns":4.0},{"damage":2.0,"enemies":"Spire Growth","floor":44.0,"turns":4.0},{"damage":9.0,"enemies":"4 Shapes","floor":46.0,"turns":3.0},{"damage":7.0,"enemies":"Maw","floor":48.0,"turns":5.0},{"damage":67,"enemies":"Awakened One","floor":50,"turns":8}],"seed_played":"936169998262349547","potions_obtained":[{"floor":2.0,"key":"Poison Potion"},{"floor":6.0,"key":"Ancient Potion"},{"floor":10.0,"key":"AttackPotion"},{"floor":16.0,"key":"SpeedPotion"},{"floor":24.0,"key":"PowerPotion"},{"floor":35.0,"key":"FearPotion"},{"floor":44.0,"key":"Weak Potion"},{"floor":46.0,"key":"SteroidPotion"}],"is_trial":false,"path_per_floor":["M","M","$","$","M","E","R","M","T","M","$","?","$","M","R","B",null,"M","M","$","M","M","R","E","?","T","?","$","?","?","M","R","B",null,"M","M","?","M","$","R","M","M","T","M","R","M","R","M","R","B",null],"character_chosen":"IRONCLAD","items_purchased":["Pommel Strike","Shrug It Off","Toolbox","BloodPotion","Potion Belt"],"campfire_rested":3,"item_purchase_floors":[3,4,20,28,39],"current_hp_per_floor":[80,80,80,80,80,60,60,61,61,67,67,72,72,73,73,39,85,75,67,67,41,31,56,58,45,45,29,29,29,29,29,56,30,90,70,66,66,60,60,60,57,50,50,54,54,51,51,50,77,25],"gold":111,"neow_bonus":"RANDOM_COMMON_RELIC","is_prod":false,"is_daily":false,"chose_seed":false,"campfire_upgraded":2,"win_rate":0,"timestamp":1549975106,"path_taken":["M","M","?","$","M","E","R","M","T","M","$","?","$","M","R","BOSS","M","M","$","M","M","R","E","?","T","?","?","?","?","?","R","BOSS","M","M","?","M","$","R","M","M","T","M","R","M","R","M","R","BOSS"],"build_version":"2019-01-23","purchased_purges":1,"victory":true,"max_hp_per_floor":[80,80,80,80,80,80,80,80,80,80,80,85,85,85,85,85,85,85,85,85,85,85,85,85,85,85,90,90,90,90,90,90,90,90,90,90,90,90,90,90,90,90,90,90,90,90,90,90,90,90],"card_choices":[{"not_picked":["Cleave","Iron Wave","Warcry"],"picked":"SKIP","floor":1.0},{"not_picked":["Cleave","Heavy Blade","Rampage"],"picked":"SKIP","floor":2.0},{"not_picked":["Heavy Blade","Headbutt","Carnage"],"picked":"SKIP","floor":5.0},{"not_picked":["Hemokinesis","Blood for Blood","Berserk"],"picked":"SKIP","floor":6.0},{"not_picked":["Infernal Blade","Whirlwind"],"picked":"Twin Strike","floor":8.0},{"not_picked":["Reckless Charge","Sentinel"],"picked":"Twin Strike","floor":10.0},{"not_picked":["Entrench","Sword Boomerang"],"picked":"Twin Strike","floor":14.0},{"not_picked":["Iron Wave","Havoc","Clash"],"picked":"SKIP","floor":18.0},{"not_picked":["Cleave+1","Sword Boomerang+1"],"picked":"Perfected Strike+1","floor":19.0},{"not_picked":["Heavy Blade","Pummel","Corruption+1"],"picked":"SKIP","floor":21.0},{"not_picked":["Sever Soul","Sentinel"],"picked":"Clothesline+1","floor":22.0},{"not_picked":["Warcry","Clash","Seeing Red"],"picked":"SKIP","floor":24.0},{"not_picked":["Warcry","Clash","Seeing Red"],"picked":"SKIP","floor":24.0},{"not_picked":["Sword Boomerang+1","Second Wind"],"picked":"Perfected Strike","floor":25.0},{"not_picked":["Corruption","Offering","Body Slam"],"picked":"SKIP","floor":31.0},{"not_picked":["Metallicize","Whirlwind","Anger+1"],"picked":"SKIP","floor":35.0},{"not_picked":["Clash+1","Thunderclap","Headbutt+1"],"picked":"SKIP","floor":36.0},{"not_picked":["Sentinel+1","Hemokinesis+1","Corruption+1"],"picked":"SKIP","floor":38.0},{"not_picked":["Headbutt+1","Hemokinesis+1"],"picked":"Heavy Blade+1","floor":41.0},{"not_picked":["Shrug It Off+1","Uppercut"],"picked":"Wild Strike","floor":42.0},{"not_picked":["Dropkick","Anger","Hemokinesis"],"picked":"SKIP","floor":44.0},{"not_picked":["Dual Wield+1","Sentinel+1","Clash+1"],"picked":"SKIP","floor":46.0},{"not_picked":["Sword Boomerang+1","Cleave+1"],"picked":"Perfected Strike","floor":48.0}],"player_experience":347087,"relics_obtained":[{"floor":6.0,"key":"Centennial Puzzle"},{"floor":9.0,"key":"Ancient Tea Set"},{"floor":24.0,"key":"Red Skull"},{"floor":25.0,"key":"Red Mask"},{"floor":26.0,"key":"Girya"},{"floor":43.0,"key":"Bag of Marbles"}],"event_choices":[{"damage_healed":0.0,"max_hp_gain":5.0,"max_hp_loss":0.0,"gold_gain":0.0,"event_name":"Big Fish","player_choice":"Donut","floor":12.0,"gold_loss":0.0,"damage_taken":0.0},{"damage_healed":0.0,"max_hp_gain":0.0,"max_hp_loss":0.0,"gold_gain":0.0,"event_name":"Masked Bandits","player_choice":"Fought Bandits","floor":25.0,"gold_loss":0.0,"damage_taken":0.0},{"damage_healed":0.0,"max_hp_gain":5.0,"max_hp_loss":0.0,"gold_gain":0.0,"event_name":"Forgotten Altar","player_choice":"Shed Blood","floor":27.0,"gold_loss":0.0,"damage_taken":21.0},{"damage_healed":0.0,"max_hp_gain":0.0,"max_hp_loss":0.0,"gold_gain":0.0,"event_name":"Back to Basics","player_choice":"Simplicity","floor":29.0,"gold_loss":0.0,"damage_taken":0.0,"cards_upgraded":["Strike_R","Strike_R","Strike_R","Strike_R","Strike_R","Defend_R","Defend_R"]},{"damage_healed":0.0,"max_hp_gain":0.0,"max_hp_loss":0.0,"gold_gain":0.0,"event_name":"Drug Dealer","player_choice":"Obtain J.A.X.","floor":30.0,"gold_loss":0.0,"damage_taken":0.0,"cards_obtained":["J.A.X."]},{"damage_healed":0.0,"max_hp_gain":0.0,"max_hp_loss":0.0,"gold_gain":0.0,"event_name":"Upgrade Shrine","player_choice":"Upgraded","floor":37.0,"gold_loss":0.0,"damage_taken":0.0,"cards_upgraded":["Perfected Strike"]}],"is_beta":false,"boss_relics":[{"not_picked":["Runic Pyramid","White Beast Statue"],"picked":"Cursed Key"},{"not_picked":["Orrery","Black Star"],"picked":"Velvet Choker"}],"items_purged_floors":[28],"is_endless":false,"potions_floor_spawned":[2,6,10,16,18,24,35,38,44,46,48],"ascension_level":0}