{"gold_per_floor":[109,129,9,9,19,46,46,57,57,86,106,6,6,41,41,143,143,157,157,157,157,5,38,38,38,64,64],"floor_reached":27,"playtime":2869,"items_purged":["Strike_B","Strike_B"],"score":284,"play_id":"fac9a2c3-b35c-4321-9aff-2b7411e97b6f","local_time":"20190217155243","is_ascension_mode":true,"campfire_choices":[{"data":"Coolheaded","floor":7,"key":"SMITH"},{"data":"Recycle","floor":15,"key":"SMITH"},{"floor":25,"key":"REST"}],"neow_cost":"NONE","seed_source_timestamp":237164963672522,"circlet_count":0,"master_deck":["Defend_B","Defend_B","Defend_B","Defend_B","Zap","Dualcast","Coolheaded+1","Cold Snap","Conserve Battery","Melter","Cold Snap","Redo","Recycle+1","Echo Form"],"relics":["Busted Crown","Sundial","Shuriken","Bottled Flame","Meat on the Bone","Empty Cage","Question Card","DataDisk","Kunai","Ancient Tea Set"],"potions_floor_usage":[5,6,10,14,23,27],"damage_taken":[{"damage":0,"enemies":"Cultist","floor":1,"turns":4},{"damage":2,"enemies":"Jaw Worm","floor":2,"turns":3},{"damage":0,"enemies":"2 Louse","floor":5,"turns":1},{"damage":8,"enemies":"Lagavulin","floor":6,"turns":8},{"damage":2,"enemies":"Blue Slaver","floor":8,"turns":4},{"damage":1,"enemies":"3 Sentries","floor":10,"turns":6},{"damage":0,"enemies":"Looter","floor":11,"turns":3},{"damage":2,"enemies":"Lagavulin","floor":14,"turns":7},{"damage":38,"enemies":"Slime Boss","floor":16,"turns":17},{"damage":14,"enemies":"Chosen","floor":18,"turns":9},{"damage":53,"enemies":"Slavers","floor":23,"turns":12},{"damage":55,"enemies":"Book of Stabbing","floor":27,"turns":10}],"seed_played":"-7946098687619000586","potions_obtained":[{"floor":1,"key":"Explosive Potion"},{"floor":5,"key":"Strength Potion"},{"floor":8,"key":"PowerPotion"},{"floor":10,"key":"FocusPotion"},{"floor":18,"key":"EssenceOfSteel"},{"floor":23,"key":"FearPotion"}],"is_trial":false,"path_per_floor":["M","M","$","?","M","E","R","M","T","E","M","$","?","E","R","B",null,"M","?","?","T","$","E","$","R","T","E"],"character_chosen":"DEFECT","items_purchased":["Cold Snap","DataDisk"],"campfire_rested":1,"item_purchase_floors":[3,22],"current_hp_per_floor":[75,73,73,73,73,65,65,63,63,62,62,62,67,65,65,39,80,66,66,66,66,66,25,25,49,49,0],"gold":64,"neow_bonus":"BOSS_RELIC","is_prod":false,"is_daily":false,"chose_seed":false,"campfire_upgraded":2,"win_rate":0,"timestamp":1550440363,"path_taken":["M","?","$","?","M","E","R","M","T","E","M","?","?","E","R","BOSS","M","?","?","?","$","E","?","R","T","E"],"build_version":"2019-01-23","purchased_purges":2,"victory":false,"max_hp_per_floor":[75,75,75,75,75,75,75,75,75,75,75,75,80,80,80,80,80,80,80,80,80,80,80,80,80,80,80],"card_choices":[{"not_picked":["Scrape"],"picked":"SKIP","floor":1},{"not_picked":[],"picked":"Coolheaded","floor":2},{"not_picked":[],"picked":"Conserve Battery","floor":5},{"not_picked":[],"picked":"Melter","floor":6},{"not_picked":[],"picked":"Cold Snap","floor":8},{"not_picked":[],"picked":"Redo","floor":10},{"not_picked":["Lockon"],"picked":"SKIP","floor":11},{"not_picked":[],"picked":"Recycle","floor":14},{"not_picked":[],"picked":"Echo Form","floor":16},{"not_picked":["Hologram"],"picked":"SKIP","floor":18},{"not_picked":["Sweeping Beam+1","Rip and Tear+1"],"picked":"SKIP","floor":23}],"player_experience":498377,"relics_obtained":[{"floor":6,"key":"Sundial"},{"floor":9,"key":"Shuriken"},{"floor":10,"key":"Bottled Flame"},{"floor":14,"key":"Meat on the Bone"},{"floor":21,"key":"Question Card"},{"floor":23,"key":"Kunai"},{"floor":26,"key":"Ancient Tea Set"}],"event_choices":[{"damage_healed":0,"gold_gain":0,"player_choice":"Leave","damage_taken":0,"max_hp_gain":0,"max_hp_loss":0,"event_name":"The Cleric","floor":4,"gold_loss":0},{"damage_healed":0,"gold_gain":0,"player_choice":"Donut","damage_taken":0,"max_hp_gain":5,"max_hp_loss":0,"event_name":"Big Fish","floor":13,"gold_loss":0},{"damage_healed":0,"gold_gain":0,"player_choice":"Smashed Altar","damage_taken":0,"max_hp_gain":0,"max_hp_loss":0,"event_name":"Forgotten Altar","floor":19,"gold_loss":0,"cards_obtained":["Decay"]},{"cards_removed":["Decay"],"damage_healed":0,"gold_gain":0,"player_choice":"Elegance","damage_taken":0,"max_hp_gain":0,"max_hp_loss":0,"event_name":"Back to Basics","floor":20,"gold_loss":0}],"is_beta":false,"boss_relics":[{"not_picked":["Astrolabe","Tiny House"],"picked":"Empty Cage"}],"items_purged_floors":[3,12],"is_endless":false,"potions_floor_spawned":[1,5,8,10,18,23],"killed_by":"Book of Stabbing","ascension_level":3}