{"gold_per_floor":[15,15,15,34,34,57,81,102,177,192,216,280,313,337,337,337],"floor_reached":16,"playtime":890,"items_purged":[],"score":106,"play_id":"4b0ba1d5-ff79-4acf-ac77-cec86ecdbacc","local_time":"20190216225406","is_ascension_mode":false,"campfire_choices":[{"floor":15,"key":"REST"}],"neow_cost":"NO_GOLD","seed_source_timestamp":41381266647043,"circlet_count":0,"master_deck":["Strike_R","Strike_R","Strike_R","Strike_R","Defend_R","Defend_R","Defend_R","Defend_R","Bash","Feel No Pain","Fire Breathing","Clothesline","Iron Wave","Warcry","Dual Wield","Thunderclap","Armaments","Dropkick","Carnage","Pommel Strike","Offering","Thunderclap","Blood for Blood","Double Tap","Dual Wield","Shrug It Off"],"relics":["Burning Blood","Prayer Wheel","Golden Idol","Bottled Lightning","Girya"],"potions_floor_usage":[13,13,16,16],"damage_taken":[{"damage":6,"enemies":"Jaw Worm","floor":1,"turns":5},{"damage":0,"enemies":"Small Slimes","floor":4,"turns":5},{"damage":3,"enemies":"2 Louse","floor":6,"turns":3},{"damage":12,"enemies":"Looter","floor":7,"turns":3},{"damage":19,"enemies":"Exordium Wildlife","floor":8,"turns":6},{"damage":19,"enemies":"Exordium Thugs","floor":10,"turns":3},{"damage":4,"enemies":"Blue Slaver","floor":11,"turns":4},{"damage":21,"enemies":"Gremlin Nob","floor":13,"turns":4},{"damage":12,"enemies":"Looter","floor":14,"turns":3},{"damage":49,"enemies":"Slime Boss","floor":16,"turns":7}],"seed_played":"-1586236715135000612","potions_obtained":[{"floor":6,"key":"Explosive Potion"},{"floor":7,"key":"SkillPotion"},{"floor":8,"key":"SpeedPotion"},{"floor":13,"key":"Dexterity Potion"}],"is_trial":false,"path_per_floor":["M","$","?","M","?","M","M","M","T","M","M","?","E","M","R","B"],"character_chosen":"IRONCLAD","items_purchased":[],"campfire_rested":1,"item_purchase_floors":[],"current_hp_per_floor":[80,80,60,66,66,69,63,50,50,37,39,39,24,18,42,0],"gold":337,"neow_bonus":"ONE_RARE_RELIC","is_prod":false,"is_daily":false,"chose_seed":false,"campfire_upgraded":0,"win_rate":0,"timestamp":1550375646,"path_taken":["M","$","?","M","?","M","M","M","T","M","M","?","E","M","R","BOSS"],"build_version":"2019-01-23","purchased_purges":0,"victory":false,"max_hp_per_floor":[80,80,80,80,80,80,80,80,80,80,80,80,80,80,80,80],"card_choices":[{"not_picked":["Pommel Strike","Ghostly Armor"],"picked":"Feel No Pain","floor":1},{"not_picked":["Evolve","Wild Strike"],"picked":"Fire Breathing","floor":1},{"not_picked":["Clash","Heavy Blade"],"picked":"Clothesline","floor":4},{"not_picked":["Evolve","Hemokinesis"],"picked":"Iron Wave","floor":4},{"not_picked":["Thunderclap","Headbutt"],"picked":"Dual Wield","floor":6},{"not_picked":["Clothesline","Wild Strike"],"picked":"Thunderclap","floor":6},{"not_picked":["Cleave","Dual Wield"],"picked":"Armaments","floor":7},{"not_picked":["Flex","Shrug It Off"],"picked":"Dropkick","floor":7},{"not_picked":["Rupture","Shrug It Off"],"picked":"Carnage","floor":8},{"not_picked":["Sword Boomerang","Wild Strike"],"picked":"Pommel Strike","floor":8},{"not_picked":["Armaments","Shockwave"],"picked":"Offering","floor":10},{"not_picked":["Cleave","Sword Boomerang"],"picked":"Thunderclap","floor":10},{"not_picked":["Pommel Strike","Wild Strike"],"picked":"Blood for Blood","floor":11},{"not_picked":["Pommel Strike","Anger","Pummel"],"picked":"SKIP","floor":11},{"not_picked":["True Grit","Warcry"],"picked":"Double Tap","floor":13},{"not_picked":["Whirlwind","Warcry"],"picked":"Dual Wield","floor":14},{"not_picked":["Thunderclap","Sever Soul"],"picked":"Shrug It Off","floor":14}],"player_experience":82592,"relics_obtained":[{"floor":9,"key":"Bottled Lightning"},{"floor":13,"key":"Girya"}],"event_choices":[{"damage_healed":0,"gold_gain":0,"player_choice":"Take Damage","damage_taken":20,"relics_obtained":["Golden Idol"],"max_hp_gain":0,"max_hp_loss":0,"event_name":"Golden Idol","floor":3,"gold_loss":0},{"damage_healed":0,"gold_gain":0,"cards_transformed":["Strike_R"],"player_choice":"Change","damage_taken":0,"max_hp_gain":0,"max_hp_loss":0,"event_name":"Living Wall","floor":5,"gold_loss":0,"cards_obtained":["Warcry"]},{"damage_healed":0,"gold_gain":64,"player_choice":"Gained Gold","damage_taken":0,"max_hp_gain":0,"max_hp_loss":0,"event_name":"Golden Wing","floor":12,"gold_loss":0}],"is_beta":false,"boss_relics":[],"items_purged_floors":[],"is_endless":false,"potions_floor_spawned":[6,7,8,13],"killed_by":"Slime Boss","ascension_level":0}