{"gold_per_floor":[217,234,159,159,175,202,219,233,303,317,317,217,217,217,217,217],"floor_reached":16,"playtime":539,"items_purged":["Strike_R","Defend_R"],"score":102,"play_id":"0bffe9cc-17d5-4d7b-84aa-913600ef7491","local_time":"20190211090436","is_ascension_mode":false,"campfire_choices":[{"floor":13,"key":"REST"},{"floor":15,"key":"REST"}],"neow_cost":"NONE","seed_source_timestamp":46420449542675,"circlet_count":0,"master_deck":["Strike_R","Strike_R","Strike_R","Strike_R","Defend_R","Defend_R","Defend_R","Bash"],"special_seed":0,"relics":["Burning Blood","Lantern","Darkstone Periapt","Magic Flower"],"potions_floor_usage":[],"damage_taken":[{"damage":1.0,"enemies":"Cultist","floor":1.0,"turns":4.0},{"damage":5.0,"enemies":"Small Slimes","floor":2.0,"turns":4.0},{"damage":1.0,"enemies":"Jaw Worm","floor":5.0,"turns":5.0},{"damage":43.0,"enemies":"3 Sentries","floor":6.0,"turns":14.0},{"damage":0.0,"enemies":"Large Slime","floor":7.0,"turns":6.0},{"damage":20.0,"enemies":"Exordium Wildlife","floor":8.0,"turns":5.0},{"damage":15.0,"enemies":"Exordium Thugs","floor":10.0,"turns":6.0},{"damage":74,"enemies":"Hexaghost","floor":16,"turns":9}],"seed_played":"-418547995928812228","potions_obtained":[{"floor":1.0,"key":"Explosive Potion"},{"floor":8.0,"key":"LiquidBronze"}],"is_trial":false,"path_per_floor":["M","M","$","?","M","E","M","M","T","M","?","$","R","?","R","B"],"character_chosen":"IRONCLAD","items_purchased":[],"campfire_rested":2,"item_purchase_floors":[],"current_hp_per_floor":[80,80,80,80,80,43,49,35,35,26,26,26,50,50,74,0],"gold":217,"neow_bonus":"HUNDRED_GOLD","is_prod":false,"is_daily":false,"chose_seed":false,"campfire_upgraded":0,"win_rate":0,"timestamp":1549865076,"path_taken":["M","?","$","?","?","E","?","M","T","M","?","$","R","?","R","BOSS"],"build_version":"2019-01-23","purchased_purges":2,"victory":false,"max_hp_per_floor":[80,80,80,80,80,80,80,80,80,80,80,80,80,80,80,80],"card_choices":[{"not_picked":["Feel No Pain","Warcry","Cleave"],"picked":"SKIP","floor":1.0},{"not_picked":["Intimidate","Sever Soul","Rampage"],"picked":"SKIP","floor":2.0},{"not_picked":["Thunderclap","Clothesline","Sword Boomerang"],"picked":"SKIP","floor":5.0},{"not_picked":["Anger","Heavy Blade","Iron Wave"],"picked":"SKIP","floor":6.0},{"not_picked":["Anger","Heavy Blade","Iron Wave"],"picked":"SKIP","floor":6.0},{"not_picked":["Ghostly Armor","Combust","Headbutt"],"picked":"SKIP","floor":7.0},{"not_picked":["Heavy Blade","Bloodletting","Seeing Red"],"picked":"SKIP","floor":8.0},{"not_picked":["Seeing Red","Sword Boomerang","Havoc"],"picked":"SKIP","floor":10.0}],"player_experience":296718,"relics_obtained":[{"floor":6.0,"key":"Lantern"},{"floor":9.0,"key":"Darkstone Periapt"}],"event_choices":[{"damage_healed":0.0,"max_hp_gain":0.0,"max_hp_loss":0.0,"gold_gain":0.0,"event_name":"Match and Keep!","player_choice":"0 cards matched","floor":4.0,"gold_loss":0.0,"damage_taken":0.0,"cards_obtained":[]},{"damage_healed":0,"gold_gain":0,"player_choice":"Searched \u00271\u0027 times","damage_taken":0,"relics_obtained":["Magic Flower"],"max_hp_gain":0,"max_hp_loss":0,"event_name":"Dead Adventurer","floor":11,"gold_loss":0},{"damage_healed":0,"gold_gain":0,"player_choice":"Ignored","damage_taken":0,"max_hp_gain":0,"max_hp_loss":0,"event_name":"Liars Game","floor":14,"gold_loss":0}],"is_beta":false,"boss_relics":[],"items_purged_floors":[3,12],"is_endless":false,"potions_floor_spawned":[1,8],"killed_by":"Hexaghost","ascension_level":0}