{"path_per_floor":["M","?","?","?","M","R","M","R","T","?","E","M","E","M","R"],"character_chosen":"DEFECT","items_purchased":[],"gold_per_floor":[113,113,113,113,131,131,150,150,150,150,188,211,249,265,265,265],"floor_reached":16,"campfire_rested":2,"playtime":1278,"item_purchase_floors":[],"current_hp_per_floor":[75,57,57,39,40,63,63,63,63,63,32,32,13,12,37,0],"items_purged":[],"gold":265,"score":110,"play_id":"ee6c98fd-456d-42c7-8fff-bd8a052d4a3a","local_time":"20180602221957","is_prod":false,"is_daily":false,"chose_seed":false,"is_ascension_mode":false,"campfire_upgraded":1,"win_rate":0.0,"timestamp":1527995997,"campfire_choices":[{"floor":6,"key":"REST"},{"data":"Redo","floor":8,"key":"SMITH"},{"floor":15,"key":"REST"}],"path_taken":["M","?","?","?","M","R","M","R","T","?","E","M","E","?","R","BOSS"],"build_version":"2018-05-31","seed_source_timestamp":949583150778864,"purchased_purges":0,"victory":false,"master_deck":["Strike_B","Strike_B","Strike_B","Strike_B","Defend_B","Defend_B","Defend_B","Defend_B","Zap","Dualcast","Writhe","Redo+1","Redo"],"max_hp_per_floor":[75,75,75,75,77,77,79,79,79,79,81,83,85,85,85,85],"relics":["Cracked Core","Sundial","Anchor","Singing Bowl","Golden Idol","Darkstone Periapt","Vajra","Gambling Chip"],"card_choices":[{"not_picked":["Go for the Eyes","Consume"],"picked":"Redo","floor":1},{"not_picked":["Beam Cell","Genetic Algorithm","Chill"],"picked":"Singing Bowl","floor":5},{"not_picked":["Steam Power","Cold Snap","BootSequence"],"picked":"Singing Bowl","floor":7},{"not_picked":["Leap","Gash","Auto Shields"],"picked":"Singing Bowl","floor":11},{"not_picked":["Coolheaded","Reinforced Body","Sweeping Beam"],"picked":"Singing Bowl","floor":12},{"not_picked":["Barrage","Chaos","BootSequence"],"picked":"Singing Bowl","floor":13},{"not_picked":["Beam Cell","Cold Snap"],"picked":"Redo","floor":14}],"player_experience":80197,"potions_floor_usage":[11,13,13],"damage_taken":[{"damage":0,"enemies":"Small Slimes","floor":1,"turns":3},{"damage":1,"enemies":"Jaw Worm","floor":5,"turns":2},{"damage":2,"enemies":"2 Louse","floor":7,"turns":2},{"damage":45,"enemies":"Gremlin Nob","floor":11,"turns":5},{"damage":2,"enemies":"Blue Slaver","floor":12,"turns":2},{"damage":21,"enemies":"Lagavulin","floor":13,"turns":5},{"damage":1,"enemies":"Large Slime","floor":14,"turns":4},{"damage":43,"enemies":"Slime Boss","floor":16,"turns":6}],"relics_obtained":[{"floor":9,"key":"Darkstone Periapt"},{"floor":11,"key":"Vajra"},{"floor":13,"key":"Gambling Chip"}],"event_choices":[{"event_name":"Scrap Ooze","player_choice":"success","floor":2,"damage_taken":18},{"event_name":"Big Fish","player_choice":"Box","floor":3,"damage_taken":0},{"event_name":"Golden Idol","player_choice":"Take Damage","floor":4,"damage_taken":0},{"event_name":"Living Wall","player_choice":"Forget","floor":10,"damage_taken":0}],"boss_relics":[],"items_purged_floors":[],"potions_floor_spawned":[7,11,12,13],"seed_played":"-2462579166577885837","killed_by":"Slime Boss","ascension_level":0,"potions_obtained":[{"floor":7,"key":"Regen Potion"},{"floor":11,"key":"AttackPotion"},{"floor":12,"key":"Poison Potion"},{"floor":13,"key":"SpeedPotion"}],"is_trial":false}