{"gold_per_floor":[113,113,124,7,19,47,47,67,140,167,178,178,205,235,235,330,330,342,8,21,55,74,109,109,142,142,142,142,242,242,259,259,361,361,379,96,96,48,270,297,297,61,107,107,125,125,138,138,138,138],"floor_reached":51,"playtime":2041,"items_purged":["Strike_B","Defend_B","Strike_B"],"score":849,"play_id":"dc031f4d-aa54-41cb-bf05-26ac83815840","local_time":"20181222185105","is_ascension_mode":true,"campfire_choices":[{"data":"Zap","floor":7.0,"key":"SMITH"},{"data":"Dualcast","floor":12.0,"key":"SMITH"},{"data":"Defragment","floor":15.0,"key":"SMITH"},{"data":"Fission","floor":24,"key":"SMITH"},{"data":"Defragment","floor":28,"key":"SMITH"},{"floor":32,"key":"REST"},{"data":"White Noise","floor":41,"key":"SMITH"},{"data":"Panache","floor":44,"key":"SMITH"},{"data":"Steam","floor":46,"key":"SMITH"},{"data":"White Noise","floor":49,"key":"SMITH"}],"neow_cost":"NONE","seed_source_timestamp":72131179385252,"circlet_count":0,"master_deck":["Strike_B","Defend_B","Zap+1","Dualcast+1","Defragment+1","Gash","Reboot","Steam","Fission+1","Chill","Go for the Eyes","Defragment+1","White Noise+1","Panache+1","Blind","Secret Weapon","Steam+1","Finesse","White Noise+1"],"special_seed":0,"relics":["Cracked Core","Pen Nib","Unceasing Top","Bag of Preparation","Orichalcum","Dodecahedron","Strawberry","Busted Crown","Question Card","Red Mask","Happy Flower","Pantograph","FossilizedHelix","StoneCalendar","Kunai","Nloth\u0027s Gift","Empty Cage","Incense Burner","Anchor"],"potions_floor_usage":[25,29,31,50,50,50],"damage_taken":[{"damage":2.0,"enemies":"2 Louse","floor":1.0,"turns":3.0},{"damage":2.0,"enemies":"Jaw Worm","floor":3.0,"turns":3.0},{"damage":1.0,"enemies":"Cultist","floor":5.0,"turns":4.0},{"damage":17.0,"enemies":"Lagavulin","floor":6.0,"turns":6.0},{"damage":0.0,"enemies":"Large Slime","floor":8.0,"turns":3.0},{"damage":19.0,"enemies":"3 Sentries","floor":10.0,"turns":8.0},{"damage":6.0,"enemies":"2 Fungi Beasts","floor":11.0,"turns":4.0},{"damage":13.0,"enemies":"Lagavulin","floor":13.0,"turns":5.0},{"damage":15.0,"enemies":"The Guardian","floor":16.0,"turns":12.0},{"damage":2.0,"enemies":"2 Thieves","floor":18.0,"turns":4.0},{"damage":0,"enemies":"Chosen","floor":20,"turns":4},{"damage":35,"enemies":"Masked Bandits","floor":21,"turns":6},{"damage":6,"enemies":"Snake Plant","floor":22,"turns":5},{"damage":6,"enemies":"Book of Stabbing","floor":23,"turns":5},{"damage":8,"enemies":"Slavers","floor":25,"turns":5},{"damage":0,"enemies":"Colosseum Slavers","floor":29,"turns":5},{"damage":22,"enemies":"Colosseum Nobs","floor":29,"turns":4},{"damage":11,"enemies":"Snecko","floor":31,"turns":6},{"damage":32,"enemies":"Collector","floor":33,"turns":9},{"damage":0,"enemies":"Orb Walker","floor":35,"turns":2},{"damage":48,"enemies":"Nemesis","floor":40,"turns":7},{"damage":0,"enemies":"3 Shapes","floor":45,"turns":1},{"damage":0,"enemies":"Sphere and 2 Shapes","floor":47,"turns":1},{"damage":37,"enemies":"Time Eater","floor":50,"turns":9}],"seed_played":"-1875546609582646897","potions_obtained":[{"floor":5.0,"key":"EssenceOfSteel"},{"floor":6.0,"key":"GamblersBrew"},{"floor":16.0,"key":"Ancient Potion"},{"floor":20,"key":"Block Potion"},{"floor":22,"key":"LiquidBronze"},{"floor":29,"key":"Regen Potion"},{"floor":33,"key":"Regen Potion"}],"is_trial":false,"path_per_floor":["M","?","M","?","M","M","E","R","M","T","E","M","R","E","?","R","B",null,"M","$","M","?","M","E","R","E","T","T","R","?","?","M","R","B",null,"M","$","?","$","?","E","R","$","T","R","M","R","M","?","R","B",null],"character_chosen":"DEFECT","items_purchased":["Question Card","Panache","Strength Potion","Steam","Finesse"],"campfire_rested":1,"item_purchase_floors":[19,36,38,42,42],"current_hp_per_floor":[73,73,71,71,70,53,53,53,53,34,28,28,15,22,22,7,82,80,80,80,45,39,33,33,25,25,25,25,3,3,1,25,18,82,82,82,72,72,72,24,24,24,24,24,24,24,24,24,24,27],"gold":138,"neow_bonus":"RANDOM_COMMON_RELIC","is_prod":false,"is_daily":false,"chose_seed":false,"campfire_upgraded":9,"win_rate":1,"timestamp":1545515465,"path_taken":["M","?","M","?","?","E","R","M","T","E","M","R","E","?","R","BOSS","M","$","M","?","M","E","R","E","T","?","R","?","?","M","R","BOSS","M","?","?","$","?","E","R","$","T","R","M","R","M","?","R","BOSS"],"build_version":"2018-11-15","purchased_purges":3,"victory":true,"max_hp_per_floor":[75,75,75,75,75,75,75,75,75,75,75,75,75,82,82,82,82,82,82,82,82,82,82,82,82,82,82,82,82,82,82,82,82,82,82,82,82,82,82,82,82,82,82,82,82,82,82,82,82,82],"card_choices":[{"not_picked":["Stack","Turbo","Reprogram"],"picked":"SKIP","floor":1.0},{"not_picked":["Barrage","Redo","Compile Driver"],"picked":"SKIP","floor":3.0},{"not_picked":["Double Energy","Conserve Battery"],"picked":"Gash","floor":5.0},{"not_picked":["Conserve Battery","Redo"],"picked":"Reboot","floor":6.0},{"not_picked":["Rebound","Barrage"],"picked":"Steam","floor":8.0},{"not_picked":["Redo","Streamline"],"picked":"Fission","floor":10.0},{"not_picked":["Streamline","Hologram"],"picked":"Chill","floor":11.0},{"not_picked":["Barrage","Darkness","Capacitor"],"picked":"SKIP","floor":13.0},{"not_picked":["Leap"],"picked":"SKIP","floor":18.0},{"not_picked":["Chaos","Turbo"],"picked":"SKIP","floor":20},{"not_picked":["Steam+1"],"picked":"Go for the Eyes","floor":21},{"not_picked":["White Noise"],"picked":"Go for the Eyes","floor":22},{"not_picked":["Echo Form","Tempest"],"picked":"SKIP","floor":23},{"not_picked":["Cold Snap"],"picked":"Defragment","floor":25},{"not_picked":["Leap+1","Conserve Battery"],"picked":"SKIP","floor":31},{"not_picked":["Streamline+1"],"picked":"White Noise","floor":35},{"not_picked":["Mayhem"],"picked":"Blind","floor":37},{"not_picked":["Transmutation"],"picked":"Secret Weapon","floor":37},{"not_picked":["Steam Power","Hello World+1"],"picked":"SKIP","floor":40},{"not_picked":["Force Field+1","Turbo+1"],"picked":"SKIP","floor":45},{"not_picked":["Creative AI"],"picked":"White Noise","floor":47}],"player_experience":11951,"relics_obtained":[{"floor":6.0,"key":"Bag of Preparation"},{"floor":10.0,"key":"Orichalcum"},{"floor":13.0,"key":"Dodecahedron"},{"floor":21,"key":"Red Mask"},{"floor":23,"key":"Happy Flower"},{"floor":25,"key":"Pantograph"},{"floor":26,"key":"FossilizedHelix"},{"floor":27,"key":"Juzu Bracelet"},{"floor":29,"key":"StoneCalendar"},{"floor":29,"key":"Kunai"},{"floor":40,"key":"Incense Burner"},{"floor":43,"key":"Anchor"}],"event_choices":[{"damage_healed":0.0,"max_hp_gain":0.0,"max_hp_loss":0.0,"gold_gain":0.0,"cards_transformed":["Strike_B"],"event_name":"Living Wall","player_choice":"Change","floor":2.0,"gold_loss":0.0,"damage_taken":0.0,"cards_obtained":["Defragment"]},{"damage_healed":0.0,"max_hp_gain":0.0,"max_hp_loss":0.0,"gold_gain":0.0,"event_name":"WeMeetAgain","player_choice":"Paid Gold","floor":4.0,"gold_loss":117.0,"damage_taken":0.0,"relics_obtained":["Unceasing Top"]},{"damage_healed":0.0,"max_hp_gain":0.0,"max_hp_loss":0.0,"gold_gain":30.0,"event_name":"Dead Adventurer","player_choice":"Searched \u00272\u0027 times","floor":14.0,"gold_loss":0.0,"damage_taken":0.0,"relics_obtained":["Strawberry"]},{"damage_healed":0,"gold_gain":0,"player_choice":"Fought Bandits","damage_taken":0,"max_hp_gain":0,"max_hp_loss":0,"event_name":"Masked Bandits","floor":21,"gold_loss":0},{"damage_healed":0,"gold_gain":0,"player_choice":"Fight","damage_taken":0,"max_hp_gain":0,"max_hp_loss":0,"event_name":"Colosseum","floor":29,"gold_loss":0},{"damage_healed":0,"gold_gain":0,"player_choice":"Fought Nobs","damage_taken":0,"max_hp_gain":0,"max_hp_loss":0,"event_name":"Colosseum","floor":29,"gold_loss":0},{"damage_healed":0,"gold_gain":0,"player_choice":"Traded Relic","damage_taken":0,"relics_obtained":["Nloth\u0027s Gift"],"max_hp_gain":0,"max_hp_loss":0,"event_name":"N\u0027loth","floor":30,"relics_lost":["Juzu Bracelet"],"gold_loss":0},{"damage_healed":0,"gold_gain":0,"player_choice":"Memory 3","damage_taken":10,"max_hp_gain":0,"max_hp_loss":0,"event_name":"SensoryStone","floor":37,"gold_loss":0},{"damage_healed":0,"gold_gain":222,"player_choice":"Wore Mask","damage_taken":0,"max_hp_gain":0,"max_hp_loss":0,"event_name":"Tomb of Lord Red Mask","floor":39,"gold_loss":0},{"cards_removed":["Go for the Eyes"],"damage_healed":0,"gold_gain":0,"player_choice":"Removed Attack","damage_taken":0,"max_hp_gain":0,"max_hp_loss":0,"event_name":"Falling","floor":48,"gold_loss":0}],"is_beta":false,"boss_relics":[{"not_picked":["FrozenCore","Black Star"],"picked":"Busted Crown"},{"not_picked":["Lizard Tail","Runic Pyramid"],"picked":"Empty Cage"}],"items_purged_floors":[19,36,42],"is_endless":false,"potions_floor_spawned":[5,6,16,20,22,29,33,40,47],"ascension_level":2}