{"path_per_floor":["M","M","$","?","?","R","M","M","T","M","R","E","R","M","R","B",null,"M","?","M","?","$","E","T","R","T","$","R","M","?","?","R","B",null,"M","M","?","M","M","E","R","M","T","?","R","E","R","$","R"],"character_chosen":"THE_SILENT","items_purchased":["Caltrops","After Image","Backstab","Oddly Smooth Stone"],"gold_per_floor":[111,124,49,49,49,49,65,76,76,93,93,128,128,143,143,244,244,258,181,196,111,11,70,70,70,70,30,30,40,139,0,0,98,98,110,130,175,190,206,232,232,247,247,547,547,580,580,87,87,87],"floor_reached":50,"campfire_rested":4,"playtime":7159,"item_purchase_floors":[27,48,48,48],"current_hp_per_floor":[70,70,70,76,76,76,76,71,71,66,66,57,57,57,57,39,76,61,61,49,49,49,45,45,45,45,45,45,38,38,38,62,17,81,64,57,38,14,11,8,32,29,29,28,52,51,75,75,75,0],"items_purged":["Strike_G","Strike_G","Defend_G"],"gold":87,"score":917,"play_id":"9471f80f-b128-4c4c-8304-4707d4b216a4","local_time":"20180618231558","is_prod":false,"is_daily":false,"chose_seed":false,"is_ascension_mode":true,"campfire_upgraded":7,"win_rate":0,"timestamp":1529381758,"campfire_choices":[{"data":"Backstab","floor":6,"key":"SMITH"},{"data":"Infinite Blades","floor":11,"key":"SMITH"},{"data":"A Thousand Cuts","floor":13,"key":"SMITH"},{"data":"Wraith Form v2","floor":15,"key":"SMITH"},{"data":"Venomology","floor":25,"key":"SMITH"},{"data":"Backstab","floor":28,"key":"SMITH"},{"floor":32,"key":"REST"},{"floor":41,"key":"REST"},{"floor":45,"key":"REST"},{"floor":47,"key":"REST"},{"data":"Neutralize","floor":49,"key":"SMITH"}],"path_taken":["M","M","$","?","?","R","M","M","T","M","R","E","R","?","R","BOSS","M","?","M","?","$","E","?","R","T","$","R","M","?","?","R","BOSS","M","M","?","M","M","E","R","M","T","?","R","E","R","$","R","BOSS"],"build_version":"2018-06-14v2","seed_source_timestamp":511112859457018,"purchased_purges":3,"victory":false,"master_deck":["Defend_G","Defend_G+1","Defend_G","Defend_G","Strike_G+1","Strike_G","Strike_G+1","Survivor+1","Neutralize+1","Backstab+1","Infinite Blades+1","A Thousand Cuts+1","Cloak And Dagger","Wraith Form v2+1","Venomology+1","Backstab+1","J.A.X.","Caltrops","Acrobatics+1","After Image","Choke+1","Noxious Fumes","Slice+1","Slice+1","Slice+1","Well Laid Plans","Noxious Fumes+1","Terror+1","Infinite Blades+1","After Image","Backstab"],"max_hp_per_floor":[70,70,70,76,76,76,76,76,76,76,76,76,76,76,76,76,76,76,76,76,76,76,76,76,76,76,76,76,81,81,81,81,81,81,81,81,81,81,81,81,81,81,81,81,81,81,81,81,81,81],"relics":["Ring of the Snake","Whetstone","Darkstone Periapt","Tingsha","Mummified Hand","White Beast Statue","War Paint","Tiny Chest","Dream Catcher","Ginger","Runic Dome","Sundial","Snake Skull","Kunai","Old Coin","Question Card","Oddly Smooth Stone"],"card_choices":[{"not_picked":["Flying Knee","Sucker Punch","Dodge and Roll"],"picked":"SKIP","floor":1},{"not_picked":["Prepared","Sucker Punch"],"picked":"Backstab","floor":2},{"not_picked":["Setup","Quick Slash"],"picked":"Infinite Blades","floor":7},{"not_picked":["Sucker Punch","All Out Attack","Skewer"],"picked":"SKIP","floor":8},{"not_picked":["Acrobatics","Masterful Stab"],"picked":"A Thousand Cuts","floor":10},{"not_picked":["Slice","PiercingWail"],"picked":"Cloak And Dagger","floor":12},{"not_picked":["Quick Slash","Skewer"],"picked":"Wraith Form v2","floor":14},{"not_picked":["Tactician","Wraith Form v2"],"picked":"Venomology","floor":16},{"not_picked":["Slice","Dagger Throw"],"picked":"Backstab","floor":18},{"not_picked":["Flying Knee","Sucker Punch","Riddle With Holes"],"picked":"SKIP","floor":20},{"not_picked":["Dodge and Roll","Wraith Form v2","Outmaneuver"],"picked":"SKIP","floor":23},{"not_picked":["Bane+1","Sucker Punch+1","Flying Knee"],"picked":"SKIP","floor":29},{"not_picked":["All Out Attack","Outmaneuver"],"picked":"Acrobatics+1","floor":32},{"not_picked":["Night Terror","Tools of the Trade"],"picked":"After Image","floor":33},{"not_picked":["Setup","Footwork"],"picked":"Choke+1","floor":35},{"not_picked":["Footwork+1","Well Laid Plans+1"],"picked":"Noxious Fumes","floor":36},{"not_picked":["Dagger Throw","Dagger Spray"],"picked":"Slice+1","floor":37},{"not_picked":["Outmaneuver","Quick Slash"],"picked":"Slice+1","floor":38},{"not_picked":["PiercingWail+1","Underhanded Strike","Heel Hook"],"picked":"SKIP","floor":39},{"not_picked":["Dagger Spray+1","Setup","PiercingWail"],"picked":"SKIP","floor":40},{"not_picked":["Sucker Punch+1","Poisoned Stab"],"picked":"Slice+1","floor":41},{"not_picked":["Bane","Dagger Spray+1"],"picked":"Well Laid Plans","floor":42},{"not_picked":["Flying Knee+1","Deflect+1"],"picked":"Noxious Fumes+1","floor":44},{"not_picked":["Prepared","Underhanded Strike+1"],"picked":"Terror+1","floor":45},{"not_picked":["Underhanded Strike","Eviscerate"],"picked":"Infinite Blades+1","floor":46}],"player_experience":202760,"potions_floor_usage":[16,16,23,23,29,29,33,33,33,33,36,37,38,38,39,40,40,40,44,46,50,50,50],"damage_taken":[{"damage":0,"enemies":"Small Slimes","floor":1,"turns":4},{"damage":0,"enemies":"2 Louse","floor":2,"turns":3},{"damage":0,"enemies":"Cultist","floor":7,"turns":4},{"damage":5,"enemies":"Exordium Thugs","floor":8,"turns":7},{"damage":5,"enemies":"Gremlin Gang","floor":10,"turns":5},{"damage":9,"enemies":"3 Sentries","floor":12,"turns":6},{"damage":0,"enemies":"Blue Slaver","floor":14,"turns":3},{"damage":18,"enemies":"The Guardian","floor":16,"turns":13},{"damage":15,"enemies":"3 Byrds","floor":18,"turns":7},{"damage":12,"enemies":"2 Thieves","floor":20,"turns":3},{"damage":4,"enemies":"Slavers","floor":23,"turns":4},{"damage":12,"enemies":"Chosen and Byrds","floor":29,"turns":7},{"damage":60,"enemies":"Collector","floor":33,"turns":10},{"damage":17,"enemies":"3 Darklings","floor":35,"turns":6},{"damage":7,"enemies":"3 Shapes","floor":36,"turns":3},{"damage":19,"floor":37,"turns":2},{"damage":24,"enemies":"Maw","floor":38,"turns":6},{"damage":3,"enemies":"Sphere and 2 Shapes","floor":39,"turns":4},{"damage":20,"enemies":"Giant Head","floor":40,"turns":8},{"damage":3,"enemies":"3 Darklings","floor":42,"turns":3},{"damage":1,"floor":44,"turns":5},{"damage":1,"enemies":"Nemesis","floor":46,"turns":5},{"damage":84,"enemies":"Awakened One","floor":50,"turns":8}],"relics_obtained":[{"floor":9,"key":"Tingsha"},{"floor":12,"key":"Mummified Hand"},{"floor":23,"key":"Tiny Chest"},{"floor":24,"key":"Dream Catcher"},{"floor":26,"key":"Ginger"},{"floor":37,"key":"Sundial"},{"floor":40,"key":"Snake Skull"},{"floor":43,"key":"Kunai"},{"floor":44,"key":"Old Coin"},{"floor":46,"key":"Question Card"}],"event_choices":[{"event_name":"Big Fish","player_choice":"Box","floor":4,"damage_taken":0},{"event_name":"Fountain of Cleansing","player_choice":"Removed Curse","floor":5,"damage_taken":0},{"event_name":"Drug Dealer","player_choice":"Got JAXXED","floor":19,"damage_taken":0},{"event_name":"Addict","player_choice":"Obtained Relic","floor":21,"damage_taken":0},{"event_name":"Nest","player_choice":"Stole From Cult","floor":30,"damage_taken":0},{"event_name":"Masked Bandits","player_choice":"Paid Bandits 139 gold","floor":31,"damage_taken":0},{"event_name":"Mysterious Sphere","player_choice":"Fight","floor":37,"damage_taken":0},{"event_name":"MindBloom","player_choice":"Fight","floor":44,"damage_taken":0}],"boss_relics":[{"not_picked":["Runic Pyramid","Fusion Hammer"],"picked":"White Beast Statue"},{"not_picked":["Calling Bell","Coffee Dripper"],"picked":"Runic Dome"}],"items_purged_floors":[3,22,48],"is_endless":false,"potions_floor_spawned":[7,8,14,18,20,23,29,33,35,36,37,38,39,40,42,44,46],"seed_played":"-3590505584926225755","killed_by":"Awakened One","ascension_level":4,"potions_obtained":[{"floor":7,"key":"FairyPotion"},{"floor":8,"key":"Strength Potion"},{"floor":14,"key":"Poison Potion"},{"floor":18,"key":"Dexterity Potion"},{"floor":20,"key":"SpeedPotion"},{"floor":23,"key":"Fruit Juice"},{"floor":29,"key":"EssenceOfSteel"},{"floor":33,"key":"GamblersBrew"},{"floor":35,"key":"PowerPotion"},{"floor":36,"key":"Fire Potion"},{"floor":37,"key":"SkillPotion"},{"floor":38,"key":"GhostInAJar"},{"floor":39,"key":"Block Potion"},{"floor":40,"key":"Explosive Potion"},{"floor":42,"key":"PowerPotion"},{"floor":44,"key":"AttackPotion"},{"floor":46,"key":"SkillPotion"}],"is_trial":false}