{"gold_per_floor":[116,128,142,217,229,229,194,207,207,227,294,294,305,52,52,151,151,163,262,276,276,289,289],"floor_reached":23,"playtime":1363,"items_purged":[],"score":235,"play_id":"57cd8b0a-b25b-4e17-bed0-a27e2a177fbc","local_time":"20180717183540","is_ascension_mode":false,"campfire_choices":[{"data":"Hyperbeam","floor":6.0,"key":"SMITH"},{"data":"Streamline","floor":15.0,"key":"SMITH"}],"neow_cost":"NONE","seed_source_timestamp":869558919539300,"circlet_count":0,"master_deck":["Zap","Dualcast","Hyperbeam+1","Capacitor","Turbo","Streamline+1","Rebound","Redo","Steam","Echo Form","Static Discharge","Turbo","Defragment","Conserve Battery","Capacitor","Leap","Cold Snap","Leap","Chill","Steam Power+1"],"special_seed":0,"relics":["Cracked Core","Pantograph","Blue Candle","Bottled Tornado","Pandora\u0027s Box"],"potions_floor_usage":[23],"damage_taken":[{"damage":0.0,"enemies":"Small Slimes","floor":1.0,"turns":2.0},{"damage":11.0,"enemies":"Jaw Worm","floor":2.0,"turns":2.0},{"damage":0.0,"enemies":"Cultist","floor":3.0,"turns":2.0},{"damage":0.0,"enemies":"3 Louse","floor":5.0,"turns":1.0},{"damage":0.0,"enemies":"Looter","floor":8.0,"turns":2.0},{"damage":8.0,"enemies":"Exordium Thugs","floor":10.0,"turns":3.0},{"damage":2.0,"enemies":"Blue Slaver","floor":13.0,"turns":2.0},{"damage":0.0,"enemies":"Slime Boss","floor":16.0,"turns":5.0},{"damage":20.0,"enemies":"Shell Parasite","floor":18.0,"turns":5.0},{"damage":0.0,"enemies":"3 Byrds","floor":20.0,"turns":2.0},{"damage":48,"enemies":"Slaver and Parasite","floor":22,"turns":8},{"damage":30,"enemies":"Book of Stabbing","floor":23,"turns":3}],"seed_played":"-510846215564918766","potions_obtained":[{"floor":1.0,"key":"Fire Potion"},{"floor":3.0,"key":"Energy Potion"},{"floor":5.0,"key":"AttackPotion"},{"floor":8.0,"key":"Explosive Potion"}],"is_trial":false,"path_per_floor":["M","M","M","?","M","R","?","M","T","M","?","T","M","$","R","B",null,"M","?","M","?","M"],"character_chosen":"DEFECT","items_purchased":["Bottled Tornado"],"campfire_rested":0,"item_purchase_floors":[14],"current_hp_per_floor":[75,64,64,53,53,53,71,71,71,63,63,63,61,61,61,75,75,55,55,55,75,27,0],"gold":289,"neow_bonus":"ONE_RANDOM_RARE_CARD","is_prod":false,"is_daily":false,"chose_seed":false,"campfire_upgraded":2,"win_rate":0,"timestamp":1531841740,"path_taken":["M","M","M","?","?","R","?","M","T","M","?","?","?","?","R","BOSS","M","?","M","?","M","E"],"build_version":"2018-07-12","purchased_purges":0,"victory":false,"max_hp_per_floor":[75,75,75,75,75,75,75,75,75,75,75,75,75,75,75,75,75,75,75,75,75,75,75],"card_choices":[{"not_picked":["Scrape","Genetic Algorithm"],"picked":"Capacitor","floor":1.0},{"not_picked":["Coolheaded","Cold Snap"],"picked":"Turbo","floor":2.0},{"not_picked":["Stack","Coolheaded"],"picked":"Streamline","floor":3.0},{"not_picked":["Chill","Consume"],"picked":"Rebound","floor":5.0},{"not_picked":["Reprogram","Heatsinks","Hologram"],"picked":"SKIP","floor":8.0},{"not_picked":["Turbo","Consume"],"picked":"Redo","floor":10.0},{"not_picked":["Beam Cell","FTL"],"picked":"Steam","floor":13.0},{"not_picked":["Amplify","Multi-Cast"],"picked":"Echo Form","floor":16.0},{"not_picked":["Conserve Battery","Leap","Beam Cell"],"picked":"SKIP","floor":18.0},{"not_picked":["Compile Driver","Defragment"],"picked":"Chill","floor":20.0},{"not_picked":["Stack","Beam Cell+1"],"picked":"Steam Power+1","floor":22}],"player_experience":124380,"relics_obtained":[{"floor":9.0,"key":"Pantograph"},{"floor":12.0,"key":"Blue Candle"}],"event_choices":[{"event_name":"World of Goop","player_choice":"Gather Gold","floor":4.0,"damage_taken":0.0},{"event_name":"The Cleric","player_choice":"Healed","floor":7.0,"damage_taken":0.0},{"event_name":"Golden Wing","player_choice":"Gained Gold","floor":11.0,"damage_taken":0.0},{"event_name":"Nest","player_choice":"Stole From Cult","floor":19.0,"damage_taken":0.0},{"event_name":"The Library","player_choice":"Heal","floor":21,"damage_taken":0}],"boss_relics":[{"not_picked":["Philosopher\u0027s Stone","Inserter"],"picked":"Pandora\u0027s Box"}],"items_purged_floors":[],"is_endless":false,"potions_floor_spawned":[1,3,5,8],"killed_by":"Book of Stabbing","ascension_level":0}