{"gold_per_floor":[110,110,110,34,11,11,73,23,23,23,54,54,68,82,82,180,180,195,214,214,230,230,230,230,230,312,325,336,336,251,1,1,1],"floor_reached":33,"playtime":1080,"items_purged":[],"score":241,"play_id":"1947462d-e7f2-4982-b052-c3a8b573946d","local_time":"20190216020728","is_ascension_mode":false,"campfire_choices":[{"floor":6,"key":"REST"},{"floor":12,"key":"REST"},{"floor":15,"key":"REST"},{"floor":23,"key":"REST"},{"floor":25,"key":"REST"},{"floor":29,"key":"REST"},{"data":"Fission","floor":32,"key":"SMITH"}],"neow_cost":"NONE","seed_source_timestamp":26970634835515,"circlet_count":0,"master_deck":["Strike_B","Strike_B","Strike_B+1","Defend_B","Defend_B","Defend_B","Zap","Dualcast+1","Auto Shields","FTL","Hologram","Ball Lightning+1","Ball Lightning+1","Biased Cognition","Redo","Reinforced Body","Loop","Fission+1","Conserve Battery","Ball Lightning+1","Rebound+1","Decay","Tempest","Lockon+1","Undo","Multi-Cast","Barrage+1"],"relics":["Cracked Core","Nunchaku","Molten Egg 2","Shovel","Orrery","Meat on the Bone","Question Card","Frozen Egg 2"],"potions_floor_usage":[33,33,33],"damage_taken":[{"damage":6,"enemies":"Cultist","floor":1,"turns":3},{"damage":30,"enemies":"Gremlin Nob","floor":7,"turns":5},{"damage":21,"enemies":"3 Sentries","floor":11,"turns":6},{"damage":1,"enemies":"2 Louse","floor":13,"turns":2},{"damage":1,"enemies":"Jaw Worm","floor":14,"turns":3},{"damage":39,"enemies":"The Guardian","floor":16,"turns":9},{"damage":15,"enemies":"3 Byrds","floor":18,"turns":4},{"damage":3,"enemies":"Chosen","floor":19,"turns":4},{"damage":19,"enemies":"Snecko","floor":21,"turns":5},{"damage":43,"enemies":"Centurion and Healer","floor":27,"turns":6},{"damage":13,"enemies":"Cultist and Chosen","floor":28,"turns":4},{"damage":79,"enemies":"Collector","floor":33,"turns":6}],"seed_played":"5926587461154353600","potions_obtained":[{"floor":0,"key":"SpeedPotion"},{"floor":0,"key":"Swift Potion"},{"floor":0,"key":"Regen Potion"},{"floor":14,"key":"Regen Potion"},{"floor":16,"key":"FocusPotion"}],"is_trial":false,"path_per_floor":["M","?","?","$","$","R","?","$","T","?","E","R","M","M","R","B",null,"M","M","?","M","?","R","?","R","T","M","M","R","?","$","R","B"],"character_chosen":"DEFECT","items_purchased":["FTL","Hologram","Ball Lightning+1","Frozen Egg 2"],"campfire_rested":6,"item_purchase_floors":[4,5,8,31],"current_hp_per_floor":[69,62,47,47,47,69,39,39,39,39,18,40,39,38,60,21,75,60,57,57,38,38,60,44,66,66,35,34,56,56,56,56,0],"gold":1,"neow_bonus":"THREE_SMALL_POTIONS","is_prod":false,"is_daily":false,"chose_seed":false,"campfire_upgraded":1,"win_rate":0,"timestamp":1550300848,"path_taken":["M","?","?","?","$","R","?","$","T","?","E","R","M","?","R","BOSS","M","M","?","M","?","R","?","R","T","?","M","R","?","$","R","BOSS"],"build_version":"2019-01-23","purchased_purges":0,"victory":false,"max_hp_per_floor":[75,75,75,75,75,75,75,75,75,75,75,75,75,75,75,75,75,75,75,75,75,75,75,75,75,75,75,75,75,75,75,75,75],"card_choices":[{"not_picked":["Sweeping Beam","Chaos"],"picked":"Auto Shields","floor":1},{"not_picked":["Compile Driver+1","Hologram","Glacier"],"picked":"SKIP","floor":11},{"not_picked":["Turbo","Fusion","Coolheaded"],"picked":"SKIP","floor":13},{"not_picked":["Streamline+1","Beam Cell+1"],"picked":"Ball Lightning+1","floor":14},{"not_picked":["Machine Learning","Amplify"],"picked":"Biased Cognition","floor":16},{"not_picked":["Cold Snap+1","Sweeping Beam+1"],"picked":"Redo","floor":17},{"not_picked":["Coolheaded","Beam Cell+1"],"picked":"Reinforced Body","floor":17},{"not_picked":["Stack","Genetic Algorithm"],"picked":"Loop","floor":17},{"not_picked":["Beam Cell+1","Hologram"],"picked":"Fission","floor":17},{"not_picked":["Heatsinks","Steam"],"picked":"Conserve Battery","floor":17},{"not_picked":["Hologram+1","Darkness"],"picked":"Ball Lightning+1","floor":18},{"not_picked":["Hello World","Compile Driver+1"],"picked":"Rebound+1","floor":19},{"not_picked":["Reprogram","Rebound+1"],"picked":"Tempest","floor":21},{"not_picked":["Conserve Battery","Cold Snap+1"],"picked":"Multi-Cast","floor":27},{"not_picked":["Leap","Hologram+1"],"picked":"Barrage+1","floor":28}],"player_experience":61406,"relics_obtained":[{"floor":11,"key":"Shovel"},{"floor":26,"key":"Meat on the Bone"}],"event_choices":[{"damage_healed":0,"gold_gain":0,"player_choice":"Success","damage_taken":7,"relics_obtained":["Nunchaku"],"max_hp_gain":0,"max_hp_loss":0,"event_name":"Scrap Ooze","floor":2,"gold_loss":0},{"damage_healed":0,"gold_gain":0,"player_choice":"Entered Light","damage_taken":15,"max_hp_gain":0,"max_hp_loss":0,"event_name":"Shining Light","floor":3,"gold_loss":0,"cards_upgraded":["Dualcast","Strike_B"]},{"damage_healed":0,"gold_gain":30,"player_choice":"Searched \u00273\u0027 times","damage_taken":0,"relics_obtained":["Molten Egg 2"],"max_hp_gain":0,"max_hp_loss":0,"event_name":"Dead Adventurer","floor":7,"gold_loss":0},{"damage_healed":0,"gold_gain":0,"player_choice":"Leave","damage_taken":0,"max_hp_gain":0,"max_hp_loss":0,"event_name":"The Cleric","floor":10,"gold_loss":0},{"damage_healed":0,"gold_gain":0,"player_choice":"Smashed Altar","damage_taken":0,"max_hp_gain":0,"max_hp_loss":0,"event_name":"Forgotten Altar","floor":20,"gold_loss":0,"cards_obtained":["Decay"]},{"damage_healed":0,"gold_gain":0,"cards_transformed":["Defend_B","Strike_B"],"player_choice":"Became Test Subject","damage_taken":0,"max_hp_gain":0,"max_hp_loss":0,"event_name":"Drug Dealer","floor":22,"gold_loss":0,"cards_obtained":["Lockon","Undo"]},{"damage_healed":0,"gold_gain":0,"player_choice":"Obtained Book","damage_taken":16,"max_hp_gain":0,"max_hp_loss":0,"event_name":"Cursed Tome","floor":24,"gold_loss":0},{"damage_healed":0,"gold_gain":0,"player_choice":"Obtained Relic","damage_taken":0,"relics_obtained":["Question Card"],"max_hp_gain":0,"max_hp_loss":0,"event_name":"Addict","floor":30,"gold_loss":85}],"is_beta":false,"boss_relics":[{"not_picked":["Runic Pyramid","Nuclear Battery"],"picked":"Orrery"}],"items_purged_floors":[],"is_endless":false,"potions_floor_spawned":[14,16,18],"killed_by":"Collector","ascension_level":0}