{"gold_per_floor":[109,109,123,139,64,64,77,77,103,115,140,157,157,157,157,260,260,278,278,110,110,126,126,51,70,70,70,20,34,34,45,45,145,145,156,156,174,124,136,136,167,167,167,167,117,117,137,151,151,151],"floor_reached":51,"playtime":2509,"items_purged":["Defend_G","Defend_G","Strike_G","Strike_G","Strike_G"],"score":760,"play_id":"bd496435-3e35-49c0-bfb6-30c31e26782c","local_time":"20190211053924","is_ascension_mode":true,"campfire_choices":[{"data":"Cloak And Dagger","floor":6.0,"key":"SMITH"},{"floor":8.0,"key":"REST"},{"floor":15.0,"key":"REST"},{"data":"Noxious Fumes","floor":23.0,"key":"SMITH"},{"data":"Ghostly","floor":32.0,"key":"SMITH"},{"data":"Poisoned Stab","floor":40.0,"key":"SMITH"},{"data":"Ghostly","floor":42.0,"key":"SMITH"},{"data":"Ghostly","floor":44.0,"key":"SMITH"},{"data":"Choke","floor":49.0,"key":"SMITH"}],"neow_cost":"NONE","seed_source_timestamp":30973582677626,"circlet_count":0,"master_deck":["Strike_G","Strike_G","Survivor","Neutralize","Cloak And Dagger+1","Leg Sweep","Poisoned Stab+1","Cloak And Dagger","Bane","Catalyst+1","Catalyst+1","Noxious Fumes+1","Poisoned Stab+1","Catalyst+1","Ghostly+1","Ghostly+1","Ghostly+1","Ghostly","Ghostly","Corpse Explosion","Bullet Time","Prepared+1","Blur+1","Blur","Accuracy+1","Backflip","Choke+1"],"special_seed":0,"relics":["Philosopher\u0027s Stone","Happy Flower","Regal Pillow","Eternal Feather","Meat on the Bone","Bag of Preparation","Smiling Mask","Snake Skull","Lizard Tail","Turnip","Centennial Puzzle"],"potions_floor_usage":[50],"damage_taken":[{"damage":9.0,"enemies":"2 Louse","floor":1.0,"turns":3.0},{"damage":0.0,"enemies":"Cultist","floor":3.0,"turns":4.0},{"damage":0.0,"enemies":"Small Slimes","floor":4.0,"turns":3.0},{"damage":14.0,"enemies":"Exordium Thugs","floor":7.0,"turns":5.0},{"damage":0.0,"enemies":"3 Louse","floor":10.0,"turns":4.0},{"damage":16.0,"enemies":"Gremlin Nob","floor":11.0,"turns":5.0},{"damage":2.0,"enemies":"Exordium Wildlife","floor":12.0,"turns":4.0},{"damage":38.0,"enemies":"The Guardian","floor":16.0,"turns":18.0},{"damage":18.0,"enemies":"Spheric Guardian","floor":18.0,"turns":5.0},{"damage":9.0,"enemies":"3 Byrds","floor":22.0,"turns":5.0},{"damage":19.0,"enemies":"Sentry and Sphere","floor":25.0,"turns":5.0},{"damage":12.0,"enemies":"Shelled Parasite and Fungi","floor":29.0,"turns":3.0},{"damage":3.0,"enemies":"Snake Plant","floor":31.0,"turns":3.0},{"damage":4.0,"enemies":"Automaton","floor":33.0,"turns":6.0},{"damage":13.0,"enemies":"3 Darklings","floor":35.0,"turns":4.0},{"damage":1.0,"enemies":"Orb Walker","floor":37.0,"turns":3.0},{"damage":0.0,"enemies":"Transient","floor":39.0,"turns":5.0},{"damage":21.0,"enemies":"Nemesis","floor":41.0,"turns":5.0},{"damage":0.0,"enemies":"Maw","floor":47.0,"turns":5.0},{"damage":0.0,"enemies":"Jaw Worm Horde","floor":48.0,"turns":3.0},{"damage":24,"enemies":"Time Eater","floor":50,"turns":9}],"seed_played":"8621490436838277355","potions_obtained":[{"floor":3.0,"key":"SteroidPotion"},{"floor":7.0,"key":"Strength Potion"},{"floor":10.0,"key":"Swift Potion"},{"floor":12.0,"key":"Dexterity Potion"},{"floor":22.0,"key":"Weak Potion"},{"floor":25.0,"key":"SkillPotion"},{"floor":47.0,"key":"Swift Potion"}],"is_trial":false,"path_per_floor":["M","?","M","M","$","R","M","R","T","M","E","M","?","?","R","B",null,"M","?","$","T","M","R","?","M","T","?","$","M","?","M","R","B",null,"M","?","M","$","M","R","E","R","T","R","$","?","M","M","R","B",null],"character_chosen":"THE_SILENT","items_purchased":["Noxious Fumes"],"campfire_rested":2,"item_purchase_floors":[20],"current_hp_per_floor":[61,61,61,61,61,61,47,68,68,68,52,50,43,43,70,32,70,52,52,52,52,43,52,52,45,45,45,45,45,35,32,35,31,35,22,22,21,21,21,35,26,35,35,35,35,35,35,35,35,23],"gold":151,"neow_bonus":"BOSS_RELIC","is_prod":false,"is_daily":false,"chose_seed":false,"campfire_upgraded":7,"win_rate":0,"timestamp":1549852764,"path_taken":["M","?","M","?","$","R","M","R","T","M","E","M","?","?","R","BOSS","M","?","$","?","M","R","?","?","T","?","?","?","?","M","R","BOSS","M","?","M","$","M","R","E","R","T","R","$","?","M","M","R","BOSS"],"build_version":"2019-01-23","purchased_purges":5,"victory":true,"max_hp_per_floor":[70,70,70,70,70,70,70,70,70,70,70,70,70,70,70,70,70,70,70,70,70,70,70,70,70,70,70,70,70,35,35,35,35,35,35,35,35,35,35,35,35,35,35,35,35,35,35,35,35,35],"card_choices":[{"not_picked":["Dagger Throw","Flying Knee"],"picked":"Cloak And Dagger","floor":1.0},{"not_picked":["Sucker Punch","Finisher","All Out Attack"],"picked":"SKIP","floor":3.0},{"not_picked":["Escape Plan","Flechettes"],"picked":"Leg Sweep","floor":4.0},{"not_picked":["PiercingWail","Blade Dance"],"picked":"Poisoned Stab","floor":7.0},{"not_picked":["Choke","Dodge and Roll"],"picked":"Cloak And Dagger","floor":10.0},{"not_picked":["Unload","Deadly Poison"],"picked":"Bane","floor":11.0},{"not_picked":["Dagger Spray","Terror"],"picked":"Catalyst","floor":12.0},{"not_picked":["Deadly Poison","Terror"],"picked":"Catalyst+1","floor":18.0},{"not_picked":["Dagger Spray","Outmaneuver"],"picked":"Poisoned Stab+1","floor":22.0},{"not_picked":["Blade Dance","Dodge and Roll","Dagger Spray"],"picked":"SKIP","floor":25.0},{"not_picked":["Deadly Poison+1","Slice"],"picked":"Catalyst+1","floor":29.0},{"not_picked":["All Out Attack","Dagger Spray"],"picked":"Corpse Explosion","floor":31.0},{"not_picked":["Corpse Explosion","Wraith Form v2"],"picked":"Bullet Time","floor":33.0},{"not_picked":["Slice","Quick Slash+1"],"picked":"Prepared+1","floor":35.0},{"not_picked":["Blade Dance+1","Finisher"],"picked":"Blur+1","floor":37.0},{"not_picked":["Setup+1","PiercingWail+1"],"picked":"Blur","floor":39.0},{"not_picked":["Underhanded Strike","Predator+1"],"picked":"Accuracy+1","floor":41.0},{"not_picked":["Setup","Dodge and Roll"],"picked":"Backflip","floor":47.0},{"not_picked":["Slice+1","Distraction+1"],"picked":"Choke","floor":48.0}],"player_experience":285720,"relics_obtained":[{"floor":9.0,"key":"Happy Flower"},{"floor":11.0,"key":"Regal Pillow"},{"floor":21.0,"key":"Bag of Preparation"},{"floor":26.0,"key":"Smiling Mask"},{"floor":41.0,"key":"Turnip"},{"floor":43.0,"key":"Centennial Puzzle"}],"event_choices":[{"cards_removed":["Defend_G"],"damage_healed":0.0,"max_hp_gain":0.0,"max_hp_loss":0.0,"gold_gain":0.0,"event_name":"Wheel of Change","player_choice":"Card Removal","floor":2.0,"gold_loss":0.0,"damage_taken":0.0},{"cards_removed":["Defend_G"],"damage_healed":0.0,"max_hp_gain":0.0,"max_hp_loss":0.0,"gold_gain":0.0,"event_name":"Golden Wing","player_choice":"Card Removal","floor":13.0,"gold_loss":0.0,"damage_taken":7.0},{"damage_healed":0.0,"max_hp_gain":0.0,"max_hp_loss":0.0,"gold_gain":0.0,"event_name":"Upgrade Shrine","player_choice":"Upgraded","floor":14.0,"gold_loss":0.0,"damage_taken":0.0,"cards_upgraded":["Catalyst"]},{"damage_healed":0.0,"max_hp_gain":0.0,"max_hp_loss":0.0,"gold_gain":0.0,"event_name":"WeMeetAgain","player_choice":"Gave Potion","floor":19.0,"gold_loss":0.0,"damage_taken":0.0,"relics_obtained":["Meat on the Bone"]},{"cards_removed":["Defend_G"],"damage_healed":0.0,"max_hp_gain":0.0,"max_hp_loss":0.0,"gold_gain":0.0,"event_name":"Beggar","player_choice":"Gave Gold","floor":24.0,"gold_loss":75.0,"damage_taken":0.0},{"damage_healed":0.0,"max_hp_gain":0.0,"max_hp_loss":0.0,"gold_gain":0.0,"event_name":"The Mausoleum","player_choice":"Opened","floor":27.0,"gold_loss":0.0,"damage_taken":0.0,"relics_obtained":["Snake Skull"]},{"damage_healed":0.0,"max_hp_gain":0.0,"max_hp_loss":35.0,"gold_gain":0.0,"event_name":"Ghosts","player_choice":"Became a Ghost","floor":30.0,"gold_loss":0.0,"damage_taken":0.0,"cards_obtained":["Ghostly","Ghostly","Ghostly","Ghostly","Ghostly"]},{"damage_healed":0.0,"max_hp_gain":0.0,"max_hp_loss":0.0,"gold_gain":0.0,"event_name":"Tomb of Lord Red Mask","player_choice":"Ignored","floor":36.0,"gold_loss":0.0,"damage_taken":0.0},{"damage_healed":0.0,"max_hp_gain":0.0,"max_hp_loss":0.0,"gold_gain":0.0,"event_name":"Mysterious Sphere","player_choice":"Ignored","floor":46.0,"gold_loss":0.0,"damage_taken":0.0}],"is_beta":false,"boss_relics":[{"not_picked":["Astrolabe","Runic Pyramid"],"picked":"Eternal Feather"},{"not_picked":["White Beast Statue","Pandora\u0027s Box"],"picked":"Lizard Tail"}],"items_purged_floors":[5,20,28,38,45],"is_endless":false,"potions_floor_spawned":[3,7,10,11,12,22,25,47],"ascension_level":1}