{"gold_per_floor":[139,139,139,59,59,59,86,86,133,133,17,17,28,46,46,144,144,155,155,155,11,31,58,25,41,41,53,64,98,98,113,113,213,213,233,233,252,298,298,329,347,363,363,125,141,141,16,30,30,30],"floor_reached":51,"playtime":4072,"items_purged":["Strike_R","Doubt","Doubt"],"score":1489,"play_id":"d3a1619e-ab27-404e-885d-eeef551c9de5","local_time":"20190216232031","is_ascension_mode":true,"campfire_choices":[{"data":"1","floor":6,"key":"LIFT"},{"floor":12,"key":"REST"},{"data":"2","floor":15,"key":"LIFT"},{"data":"3","floor":30,"key":"LIFT"},{"data":"Bash","floor":32,"key":"SMITH"},{"floor":49,"key":"REST"}],"neow_cost":"NONE","seed_source_timestamp":0,"circlet_count":0,"master_deck":["AscendersBane","Strike_R+1","Strike_R+1","Strike_R+1","Defend_R+1","Defend_R+1","Defend_R+1","Defend_R+1","Bash+1","Anger+1","Ghostly Armor+1","Shrug It Off+1","Metallicize+1","Disarm+1","Disarm+1","Shockwave+1","Reaper+1","Burning Pact+1","Pommel Strike+1","Feel No Pain+1","Impervious+1","Flame Barrier+1","Inflame+1","Reaper+1","Flame Barrier+1","Madness+1","Madness+1","Clothesline+1","Thunderclap+1","Offering+1","Battle Trance+1","Battle Trance"],"special_seed":0,"relics":["Burning Blood","Tiny Chest","Girya","Paper Frog","Dream Catcher","Lantern","Molten Egg 2","Mark of Pain","Meat on the Bone","Pen Nib","Singing Bowl","Mercury Hourglass","War Paint","Cursed Key","Bronze Scales","Pear","Oddly Smooth Stone","Mark of the Bloom"],"potions_floor_usage":[16,16,23,29,31,33,33,40,41,42],"damage_taken":[{"damage":8,"enemies":"Jaw Worm","floor":1,"turns":5},{"damage":38,"enemies":"Gremlin Nob","floor":7,"turns":5},{"damage":0,"enemies":"Small Slimes","floor":13,"turns":3},{"damage":0,"enemies":"2 Louse","floor":14,"turns":3},{"damage":20,"enemies":"Hexaghost","floor":16,"turns":14},{"damage":2,"enemies":"Chosen","floor":18,"turns":6},{"damage":10,"enemies":"Shell Parasite","floor":22,"turns":6},{"damage":7,"enemies":"Slavers","floor":23,"turns":8},{"damage":12,"enemies":"Centurion and Healer","floor":25,"turns":6},{"damage":2,"enemies":"Shelled Parasite and Fungi","floor":27,"turns":6},{"damage":18,"enemies":"Cultist and Chosen","floor":28,"turns":7},{"damage":17,"enemies":"Gremlin Leader","floor":29,"turns":5},{"damage":0,"enemies":"3 Cultists","floor":31,"turns":5},{"damage":62,"enemies":"Automaton","floor":33,"turns":10},{"damage":6,"enemies":"Orb Walker","floor":35,"turns":4},{"damage":2,"enemies":"3 Darklings","floor":37,"turns":4},{"damage":124,"enemies":"Giant Head","floor":40,"turns":12},{"damage":16,"enemies":"Jaw Worm Horde","floor":41,"turns":4},{"damage":34,"enemies":"Spire Growth","floor":42,"turns":7},{"damage":25,"enemies":"Transient","floor":45,"turns":5},{"damage":6,"enemies":"Sphere and 2 Shapes","floor":48,"turns":4},{"damage":6,"enemies":"Time Eater","floor":50,"turns":10}],"seed_played":"2982828525582632771","potions_obtained":[{"floor":7,"key":"GamblersBrew"},{"floor":13,"key":"Ancient Potion"},{"floor":16,"key":"Ancient Potion"},{"floor":27,"key":"Explosive Potion"},{"floor":28,"key":"Block Potion"},{"floor":29,"key":"LiquidBronze"},{"floor":31,"key":"Swift Potion"},{"floor":33,"key":"Energy Potion"},{"floor":35,"key":"SpeedPotion"},{"floor":37,"key":"Block Potion"},{"floor":41,"key":"Energy Potion"}],"is_trial":false,"path_per_floor":["M","?","T","$","?","R","E","T","T","T","$","R","M","M","R","B",null,"M","T","?","$","M","E","$","M","T","M","M","E","R","M","R","B",null,"M","?","M","T","?","E","M","M","T","$","M","?","$","M","R","B",null],"character_chosen":"IRONCLAD","items_purchased":["Ghostly Armor","Metallicize","Pen Nib","Feel No Pain","Offering"],"campfire_rested":2,"item_purchase_floors":[4,11,21,24,44],"current_hp_per_floor":[70,54,54,54,54,54,22,22,22,22,22,46,52,58,58,44,71,80,80,80,80,76,82,82,81,81,84,72,70,70,86,86,48,77,88,90,90,90,79,38,70,60,60,60,75,75,75,69,69,63],"gold":30,"neow_bonus":"RANDOM_COMMON_RELIC","is_prod":false,"is_daily":false,"chose_seed":false,"campfire_upgraded":1,"win_rate":0,"timestamp":1550380831,"path_taken":["M","?","?","$","?","R","E","?","T","?","$","R","M","M","R","BOSS","M","?","?","$","M","E","?","?","T","M","M","E","R","M","R","BOSS","M","?","M","?","?","E","M","M","T","$","M","?","$","M","R","BOSS"],"build_version":"2019-01-23","purchased_purges":3,"victory":true,"max_hp_per_floor":[80,80,80,80,80,80,80,80,80,80,80,80,80,80,80,80,80,80,80,80,80,80,82,82,82,82,84,84,84,84,86,86,86,86,88,90,90,90,90,100,102,102,102,102,102,102,102,104,104,104],"card_choices":[{"not_picked":["Wild Strike","Dual Wield"],"picked":"Anger","floor":1},{"not_picked":["Rampage","Bloodletting"],"picked":"Shrug It Off","floor":7},{"not_picked":["Clash+1","Brutality"],"picked":"Disarm","floor":12},{"not_picked":["Headbutt+1","Fire Breathing"],"picked":"Disarm","floor":13},{"not_picked":["Evolve","Heavy Blade+1"],"picked":"Shockwave","floor":14},{"not_picked":["Fiend Fire+1","Double Tap"],"picked":"Reaper+1","floor":16},{"not_picked":["Havoc","Hemokinesis+1"],"picked":"Burning Pact","floor":18},{"not_picked":["Headbutt+1","Burning Pact"],"picked":"Pommel Strike+1","floor":22},{"not_picked":["Twin Strike+1","Perfected Strike+1","Clothesline+1"],"picked":"Singing Bowl","floor":23},{"not_picked":["Rage","Dropkick+1"],"picked":"Impervious","floor":25},{"not_picked":["Clothesline+1","True Grit","Wild Strike+1"],"picked":"Singing Bowl","floor":27},{"not_picked":["Wild Strike+1","Twin Strike+1"],"picked":"Flame Barrier","floor":28},{"not_picked":["Feed+1","Dual Wield"],"picked":"Inflame","floor":29},{"not_picked":["Sword Boomerang+1","Dual Wield","Reckless Charge+1"],"picked":"Singing Bowl","floor":31},{"not_picked":["Impervious","Exhume"],"picked":"Reaper+1","floor":33},{"not_picked":["Clash+1","True Grit","Wild Strike+1"],"picked":"Singing Bowl","floor":35},{"not_picked":["Finesse","Good Instincts","Swift Strike+1"],"picked":"Singing Bowl","floor":36},{"not_picked":["Thunderclap+1","Iron Wave+1"],"picked":"Flame Barrier","floor":37},{"not_picked":["Searing Blow+1","Anger+1"],"picked":"Clothesline+1","floor":40},{"not_picked":["Flame Barrier","Combust","Fire Breathing"],"picked":"Singing Bowl","floor":41},{"not_picked":["Twin Strike+1","Armaments"],"picked":"Thunderclap+1","floor":42},{"not_picked":["Double Tap","Clothesline+1"],"picked":"Battle Trance","floor":45},{"not_picked":["Headbutt+1","Dual Wield","Sword Boomerang+1"],"picked":"Singing Bowl","floor":48},{"not_picked":["Twin Strike+1","Reckless Charge+1"],"picked":"Battle Trance","floor":49}],"player_experience":388734,"relics_obtained":[{"floor":3,"key":"Girya"},{"floor":7,"key":"Paper Frog"},{"floor":8,"key":"Dream Catcher"},{"floor":9,"key":"Lantern"},{"floor":10,"key":"Molten Egg 2"},{"floor":19,"key":"Meat on the Bone"},{"floor":23,"key":"Singing Bowl"},{"floor":26,"key":"Mercury Hourglass"},{"floor":29,"key":"War Paint"},{"floor":38,"key":"Bronze Scales"},{"floor":40,"key":"Pear"},{"floor":43,"key":"Oddly Smooth Stone"}],"event_choices":[{"damage_healed":0,"gold_gain":0,"player_choice":"Entered Light","damage_taken":16,"max_hp_gain":0,"max_hp_loss":0,"event_name":"Shining Light","floor":2,"gold_loss":0,"cards_upgraded":["Defend_R","Strike_R"]},{"cards_removed":["Strike_R"],"damage_healed":0,"gold_gain":0,"player_choice":"Forget","damage_taken":0,"max_hp_gain":0,"max_hp_loss":0,"event_name":"Living Wall","floor":5,"gold_loss":0},{"damage_healed":0,"gold_gain":0,"player_choice":"Simplicity","damage_taken":0,"max_hp_gain":0,"max_hp_loss":0,"event_name":"Back to Basics","floor":20,"gold_loss":0,"cards_upgraded":["Strike_R","Strike_R","Defend_R","Defend_R","Defend_R"]},{"damage_healed":0,"gold_gain":0,"player_choice":"Memory 1","damage_taken":0,"max_hp_gain":0,"max_hp_loss":0,"event_name":"SensoryStone","floor":36,"gold_loss":0},{"damage_healed":0,"gold_gain":0,"player_choice":"Embrace Madness","damage_taken":11,"max_hp_gain":0,"max_hp_loss":0,"event_name":"Winding Halls","floor":39,"gold_loss":0,"cards_obtained":["Madness","Madness"]},{"damage_healed":0,"gold_gain":0,"player_choice":"Upgrade","damage_taken":0,"relics_obtained":["Mark of the Bloom"],"max_hp_gain":0,"max_hp_loss":0,"event_name":"MindBloom","floor":46,"gold_loss":0,"cards_upgraded":["Anger","Ghostly Armor","Shrug It Off","Metallicize","Disarm","Disarm","Burning Pact","Feel No Pain","Flame Barrier","Inflame","Flame Barrier","Madness","Madness","Offering","Battle Trance"]}],"is_beta":false,"boss_relics":[{"not_picked":["Lizard Tail","Calling Bell"],"picked":"Mark of Pain"},{"not_picked":["Black Blood","Black Star"],"picked":"Cursed Key"}],"items_purged_floors":[11,44,47],"is_endless":false,"potions_floor_spawned":[7,13,16,27,28,29,31,33,35,37,41],"ascension_level":12}