{"gold_per_floor":[112,112,129,129,129,129,229,229,229,264,284,310,328,347,347,420,420,435,435,449,23,41,67,67,67,67,80,80,80,80,92,92,171,171,189,209,209,209,223,252,264,264,313,313,331,341,360,360,360,360],"floor_reached":50,"playtime":2248,"items_purged":["Strike_R"],"score":857,"play_id":"7a95d8d3-e85d-46aa-9296-4cd0ba6180bc","local_time":"20190217155131","is_ascension_mode":true,"campfire_choices":[{"data":"Bash","floor":6,"key":"SMITH"},{"data":"Intimidate","floor":8,"key":"SMITH"},{"floor":15,"key":"REST"},{"data":"Double Tap","floor":24,"key":"SMITH"},{"floor":28,"key":"REST"},{"data":"Immolate","floor":30,"key":"SMITH"},{"data":"Shockwave","floor":32,"key":"SMITH"},{"floor":42,"key":"REST"},{"floor":44,"key":"REST"},{"floor":49,"key":"RECALL"}],"neow_cost":"NONE","seed_source_timestamp":226786403988337,"circlet_count":0,"master_deck":["AscendersBane","Strike_R","Strike_R","Defend_R","Defend_R","Defend_R","Defend_R","Bash+1","Double Tap+1","Ghostly Armor+1","Sword Boomerang+1","Intimidate+1","Iron Wave","Battle Trance","Immolate+1","Shrug It Off","Shrug It Off","Clothesline","Shockwave+1","Exhume+1","Dramatic Entrance","Sword Boomerang+1","Metallicize+1","Dropkick","Feed","Ghostly Armor"],"relics":["Black Blood","Orichalcum","Pocketwatch","Shuriken","Velvet Choker","Bag of Marbles","Medical Kit","Mummified Hand","Matryoshka","Bag of Preparation","Potion Belt","Blue Candle","Darkstone Periapt","PreservedInsect"],"potions_floor_usage":[16,23,27,33,45,47,50],"damage_taken":[{"damage":7,"enemies":"2 Louse","floor":1,"turns":4},{"damage":4,"enemies":"Cultist","floor":3,"turns":5},{"damage":38,"enemies":"Lagavulin","floor":10,"turns":7},{"damage":0,"enemies":"Jaw Worm","floor":11,"turns":3},{"damage":20,"enemies":"Gremlin Nob","floor":12,"turns":4},{"damage":2,"enemies":"3 Louse","floor":13,"turns":3},{"damage":2,"enemies":"Large Slime","floor":14,"turns":5},{"damage":22,"enemies":"Hexaghost","floor":16,"turns":9},{"damage":8,"enemies":"Shell Parasite","floor":18,"turns":3},{"damage":0,"enemies":"Chosen","floor":20,"turns":3},{"damage":30,"enemies":"Sentry and Sphere","floor":22,"turns":6},{"damage":11,"enemies":"Gremlin Leader","floor":23,"turns":6},{"damage":31,"enemies":"Snake Plant","floor":27,"turns":3},{"damage":0,"enemies":"Shelled Parasite and Fungi","floor":31,"turns":1},{"damage":42,"enemies":"Champ","floor":33,"turns":11},{"damage":0,"enemies":"3 Shapes","floor":35,"turns":3},{"damage":10,"enemies":"Orb Walker","floor":36,"turns":5},{"damage":0,"enemies":"Sphere and 2 Shapes","floor":39,"turns":3},{"damage":47,"enemies":"Reptomancer","floor":40,"turns":6},{"damage":22,"enemies":"Writhing Mass","floor":41,"turns":6},{"damage":26,"enemies":"Jaw Worm Horde","floor":45,"turns":3},{"damage":29,"enemies":"4 Shapes","floor":46,"turns":2},{"damage":6,"enemies":"Transient","floor":47,"turns":5},{"damage":45,"enemies":"Time Eater","floor":50,"turns":5}],"seed_played":"3398983606523752741","potions_obtained":[{"floor":3,"key":"SpeedPotion"},{"floor":14,"key":"SpeedPotion"},{"floor":19,"key":"BloodPotion"},{"floor":27,"key":"SpeedPotion"},{"floor":31,"key":"Poison Potion"},{"floor":40,"key":"PowerPotion"},{"floor":41,"key":"Swift Potion"},{"floor":46,"key":"Energy Potion"}],"is_trial":false,"path_per_floor":["M","?","M","?","?","R","?","R","T","E","M","E","M","M","R","B",null,"M","?","M","$","M","E","R","$","T","M","R","T","R","M","R","B",null,"M","M","?","T","M","E","M","R","T","R","M","M","M","?","R","B"],"character_chosen":"IRONCLAD","items_purchased":["Bag of Marbles","Medical Kit"],"campfire_rested":4,"item_purchase_floors":[21,21],"current_hp_per_floor":[67,67,69,69,54,54,54,54,54,22,28,14,18,22,44,28,63,61,61,67,67,43,38,38,38,38,20,42,42,42,48,48,12,59,69,69,69,69,75,38,26,48,48,70,54,35,39,39,39,0],"gold":360,"neow_bonus":"ONE_RANDOM_RARE_CARD","is_prod":false,"is_daily":false,"chose_seed":false,"campfire_upgraded":5,"win_rate":0,"timestamp":1550440291,"path_taken":["M","?","?","?","?","R","?","R","T","E","M","E","M","?","R","BOSS","M","?","M","$","M","E","R","$","T","?","R","?","R","?","R","BOSS","M","M","?","?","M","E","M","R","T","R","M","M","M","?","R","BOSS"],"build_version":"2019-01-23","purchased_purges":1,"victory":false,"max_hp_per_floor":[75,75,75,75,75,75,75,75,75,75,75,75,75,75,75,75,75,75,75,75,75,75,75,75,75,75,75,75,75,75,75,75,75,75,75,75,75,75,75,75,75,75,75,75,75,75,75,75,75,75],"card_choices":[{"not_picked":["Anger","Flex"],"picked":"Ghostly Armor","floor":1},{"not_picked":["Reckless Charge","Twin Strike"],"picked":"Sword Boomerang","floor":3},{"not_picked":["Evolve","Brutality"],"picked":"Iron Wave","floor":10},{"not_picked":["Twin Strike","True Grit","Flex"],"picked":"SKIP","floor":11},{"not_picked":["Anger","Body Slam"],"picked":"Battle Trance","floor":12},{"not_picked":["Armaments","Headbutt","True Grit"],"picked":"SKIP","floor":13},{"not_picked":["Cleave","Iron Wave","Flex"],"picked":"SKIP","floor":14},{"not_picked":["Barricade","Exhume"],"picked":"Immolate","floor":16},{"not_picked":["Pommel Strike","Battle Trance"],"picked":"Shrug It Off","floor":18},{"not_picked":["Iron Wave","Evolve"],"picked":"Shrug It Off","floor":20},{"not_picked":["Heavy Blade","Body Slam"],"picked":"Clothesline","floor":22},{"not_picked":["Whirlwind","Perfected Strike"],"picked":"Shockwave","floor":23},{"not_picked":["Infernal Blade","Iron Wave","Pommel Strike+1"],"picked":"SKIP","floor":27},{"not_picked":["Fiend Fire","Heavy Blade","Entrench"],"picked":"SKIP","floor":31},{"not_picked":["Juggernaut","Berserk"],"picked":"Exhume","floor":33},{"not_picked":["Twin Strike","Seeing Red","Clothesline"],"picked":"SKIP","floor":35},{"not_picked":["Sever Soul","Clash","Flex"],"picked":"SKIP","floor":36},{"not_picked":["Flash of Steel","Dark Shackles"],"picked":"Dramatic Entrance","floor":37},{"not_picked":["Shrug It Off","Burning Pact"],"picked":"Sword Boomerang+1","floor":39},{"not_picked":["Warcry","Perfected Strike+1","Burning Pact+1"],"picked":"SKIP","floor":40},{"not_picked":["Searing Blow","Heavy Blade+1"],"picked":"Metallicize+1","floor":41},{"not_picked":["Headbutt+1","Rage+1"],"picked":"Dropkick","floor":45},{"not_picked":["Thunderclap+1","Havoc"],"picked":"Feed","floor":46},{"not_picked":["Seeing Red","Perfected Strike"],"picked":"Ghostly Armor","floor":47}],"player_experience":580431,"relics_obtained":[{"floor":9,"key":"Orichalcum"},{"floor":10,"key":"Pocketwatch"},{"floor":12,"key":"Shuriken"},{"floor":23,"key":"Mummified Hand"},{"floor":26,"key":"Matryoshka"},{"floor":29,"key":"Bag of Preparation"},{"floor":38,"key":"Potion Belt"},{"floor":38,"key":"Blue Candle"},{"floor":40,"key":"Darkstone Periapt"},{"floor":43,"key":"PreservedInsect"}],"event_choices":[{"cards_removed":["Strike_R"],"damage_healed":0,"gold_gain":0,"player_choice":"Purged","damage_taken":0,"max_hp_gain":0,"max_hp_loss":0,"event_name":"Purifier","floor":2,"gold_loss":0},{"damage_healed":0,"gold_gain":0,"cards_transformed":["Strike_R"],"player_choice":"Change","damage_taken":0,"max_hp_gain":0,"max_hp_loss":0,"event_name":"Living Wall","floor":4,"gold_loss":0,"cards_obtained":["Intimidate"]},{"damage_healed":0,"gold_gain":0,"player_choice":"Entered Light","damage_taken":15,"max_hp_gain":0,"max_hp_loss":0,"event_name":"Shining Light","floor":5,"gold_loss":0,"cards_upgraded":["Ghostly Armor","Sword Boomerang"]},{"damage_healed":0,"gold_gain":100,"player_choice":"Pray","damage_taken":0,"max_hp_gain":0,"max_hp_loss":0,"event_name":"Golden Shrine","floor":7,"gold_loss":0},{"damage_healed":0,"gold_gain":0,"player_choice":"Got Potions","damage_taken":0,"max_hp_gain":0,"max_hp_loss":0,"event_name":"Lab","floor":19,"gold_loss":0},{"damage_healed":0,"gold_gain":0,"player_choice":"Memory 1","damage_taken":0,"max_hp_gain":0,"max_hp_loss":0,"event_name":"SensoryStone","floor":37,"gold_loss":0},{"damage_healed":0,"gold_gain":0,"player_choice":"Upgraded","damage_taken":0,"max_hp_gain":0,"max_hp_loss":0,"event_name":"Upgrade Shrine","floor":48,"gold_loss":0,"cards_upgraded":["Exhume"]}],"is_beta":false,"boss_relics":[{"not_picked":["Eternal Feather","Ectoplasm"],"picked":"Velvet Choker"},{"not_picked":["Tiny House","White Beast Statue"],"picked":"Black Blood"}],"items_purged_floors":[21],"is_endless":false,"potions_floor_spawned":[3,14,27,31,40,41,46],"killed_by":"Time Eater","ascension_level":14}