{"gold_per_floor":[217,230,230,250,250,282,299,299,299,224,224,286,236,286,286,286],"floor_reached":16,"playtime":493,"items_purged":["Defend_R","Defend_R"],"score":100,"play_id":"33b7f985-2634-4ad4-973d-4bfece213804","local_time":"20190211125325","is_ascension_mode":false,"campfire_choices":[{"data":"Shrug It Off","floor":8.0,"key":"SMITH"},{"data":"Bash","floor":11.0,"key":"SMITH"},{"floor":15.0,"key":"REST"}],"neow_cost":"NONE","seed_source_timestamp":60220275986117,"circlet_count":0,"master_deck":["Strike_R","Strike_R","Strike_R","Strike_R","Strike_R","Defend_R","Bash+1","Shrug It Off+1"],"special_seed":0,"relics":["Burning Blood","SsserpentHead","Red Skull","Singing Bowl"],"potions_floor_usage":[16,16],"damage_taken":[{"damage":5.0,"enemies":"Jaw Worm","floor":1.0,"turns":5.0},{"damage":0.0,"enemies":"Small Slimes","floor":2.0,"turns":3.0},{"damage":1.0,"enemies":"Cultist","floor":4.0,"turns":4.0},{"damage":27.0,"enemies":"Gremlin Nob","floor":6.0,"turns":5.0},{"damage":15.0,"enemies":"Red Slaver","floor":7.0,"turns":5.0},{"damage":8.0,"enemies":"Exordium Wildlife","floor":12.0,"turns":5.0},{"damage":79,"enemies":"Slime Boss","floor":16,"turns":12}],"seed_played":"-3090543406529736777","potions_obtained":[{"floor":4.0,"key":"Block Potion"},{"floor":12.0,"key":"Block Potion"},{"floor":14.0,"key":"Ancient Potion"},{"floor":14.0,"key":"Ancient Potion"}],"is_trial":false,"path_per_floor":["M","M","?","M","?","E","M","R","T","$","R","M","$","?","R","B"],"character_chosen":"IRONCLAD","items_purchased":[],"campfire_rested":1,"item_purchase_floors":[],"current_hp_per_floor":[80,80,80,80,80,59,50,50,50,50,50,50,50,50,74,0],"gold":286,"neow_bonus":"HUNDRED_GOLD","is_prod":false,"is_daily":false,"chose_seed":false,"campfire_upgraded":2,"win_rate":0,"timestamp":1549878805,"path_taken":["M","M","?","M","?","E","M","R","T","$","R","?","?","?","R","BOSS"],"build_version":"2019-01-23","purchased_purges":2,"victory":false,"max_hp_per_floor":[80,80,80,80,80,80,80,80,80,80,80,82,82,82,82,82],"card_choices":[{"not_picked":["Sword Boomerang","Havoc"],"picked":"Shrug It Off","floor":1.0},{"not_picked":["Anger","Thunderclap","Searing Blow"],"picked":"SKIP","floor":2.0},{"not_picked":["Power Through","Evolve","Sever Soul"],"picked":"SKIP","floor":4.0},{"not_picked":["Perfected Strike","Flex","Fire Breathing"],"picked":"SKIP","floor":6.0},{"not_picked":["Fire Breathing","Body Slam","Infernal Blade"],"picked":"SKIP","floor":7.0},{"not_picked":["Corruption","Rage","Pummel"],"picked":"Singing Bowl","floor":12.0}],"player_experience":307453,"relics_obtained":[{"floor":6.0,"key":"Red Skull"},{"floor":9.0,"key":"Singing Bowl"}],"event_choices":[{"cards_removed":["Defend_R"],"damage_healed":0.0,"max_hp_gain":0.0,"max_hp_loss":0.0,"gold_gain":0.0,"event_name":"Living Wall","player_choice":"Forget","floor":3.0,"gold_loss":0.0,"damage_taken":0.0},{"damage_healed":0.0,"max_hp_gain":0.0,"max_hp_loss":0.0,"gold_gain":0.0,"event_name":"FaceTrader","player_choice":"Trade","floor":5.0,"gold_loss":0.0,"damage_taken":0.0,"relics_obtained":["SsserpentHead"]},{"damage_healed":0.0,"max_hp_gain":0.0,"max_hp_loss":0.0,"gold_gain":0.0,"event_name":"Lab","player_choice":"Got Potions","floor":14.0,"gold_loss":0.0,"damage_taken":0.0}],"is_beta":false,"boss_relics":[],"items_purged_floors":[10,13],"is_endless":false,"potions_floor_spawned":[4,12],"killed_by":"Slime Boss","ascension_level":0}