{"gold_per_floor":[367,367,117,134,148,148,48,48,48,82,82,157,157,172,172,274,274,291,308,383,383,483,483,483,498,498,510,510,530,545,555,555,650,650,666,92,102,102,122,122,138,151,151,151],"floor_reached":44,"playtime":2834,"items_purged":["Strike_R","Strike_R","Writhe"],"score":612,"play_id":"896783aa-8ebc-43f4-9552-708cd04664fb","local_time":"20190217023123","is_ascension_mode":false,"campfire_choices":[{"data":"Discovery","floor":6.0,"key":"SMITH"},{"data":"Metallicize","floor":8.0,"key":"SMITH"},{"data":"Limit Break","floor":13.0,"key":"SMITH"},{"data":"Bash","floor":15.0,"key":"SMITH"},{"floor":23.0,"key":"REST"},{"data":"Anger","floor":28.0,"key":"SMITH"},{"floor":32.0,"key":"REST"}],"neow_cost":"PERCENT_DAMAGE","seed_source_timestamp":2995423369557,"circlet_count":0,"master_deck":["Strike_R","Strike_R","Strike_R","Defend_R","Defend_R","Defend_R","Defend_R","Bash+1","Discovery+1","Metallicize+1","Shrug It Off","Limit Break+1","Offering","Headbutt","Metallicize+1","Anger+1","Infernal Blade","Heavy Blade","Juggernaut","Injury","Doubt","Parasite","Limit Break","Inflame","Discovery+1","Havoc+1","Inflame","Writhe","Flex+1","Uppercut+1"],"special_seed":0,"relics":["Burning Blood","Darkstone Periapt","Juzu Bracelet","Sozu","Thread and Needle","Bottled Flame","Bronze Scales","Shuriken","Calling Bell","Boot","Paper Frog","Prayer Wheel","Bottled Tornado","DollysMirror","Bag of Preparation"],"potions_floor_usage":[44],"damage_taken":[{"damage":1.0,"enemies":"Cultist","floor":1.0,"turns":3.0},{"damage":0.0,"enemies":"2 Louse","floor":4.0,"turns":3.0},{"damage":0.0,"enemies":"Jaw Worm","floor":5.0,"turns":4.0},{"damage":18.0,"enemies":"Lagavulin","floor":10.0,"turns":9.0},{"damage":5.0,"enemies":"Exordium Thugs","floor":14.0,"turns":7.0},{"damage":0.0,"enemies":"Hexaghost","floor":16.0,"turns":7.0},{"damage":9.0,"enemies":"2 Thieves","floor":18.0,"turns":4.0},{"damage":12.0,"enemies":"Shell Parasite","floor":19.0,"turns":5.0},{"damage":24.0,"enemies":"Colosseum Slavers","floor":22.0,"turns":4.0},{"damage":35.0,"enemies":"Colosseum Nobs","floor":22.0,"turns":7.0},{"damage":17.0,"enemies":"Shelled Parasite and Fungi","floor":25.0,"turns":5.0},{"damage":13.0,"enemies":"Centurion and Healer","floor":27.0,"turns":4.0},{"damage":14.0,"enemies":"Snake Plant","floor":29.0,"turns":4.0},{"damage":6.0,"enemies":"Cultist and Chosen","floor":30.0,"turns":6.0},{"damage":5.0,"enemies":"Shelled Parasite and Fungi","floor":31.0,"turns":5.0},{"damage":6.0,"enemies":"Automaton","floor":33.0,"turns":9.0},{"damage":32.0,"enemies":"3 Darklings","floor":35.0,"turns":7.0},{"damage":22.0,"enemies":"3 Shapes","floor":37.0,"turns":5.0},{"damage":41.0,"enemies":"Sphere and 2 Shapes","floor":39.0,"turns":4.0},{"damage":44,"enemies":"Writhing Mass","floor":41,"turns":6},{"damage":0,"enemies":"Transient","floor":42,"turns":5},{"damage":32,"enemies":"Nemesis","floor":44,"turns":5}],"seed_played":"8147289837389363748","potions_obtained":[{"floor":1.0,"key":"EntropicBrew"},{"floor":14.0,"key":"Strength Potion"},{"floor":16.0,"key":"PowerPotion"}],"is_trial":false,"path_per_floor":["M","$","$","M","M","R","$","R","T","E","?","?","R","M","R","B",null,"M","M","?","?","?","R","?","M","T","M","R","M","M","M","R","B",null,"M","$","M","?","M","?","M","M","T","E"],"character_chosen":"IRONCLAD","items_purchased":["Discovery","Metallicize","Bottled Tornado","DollysMirror"],"campfire_rested":2,"item_purchase_floors":[3,3,36,36],"current_hp_per_floor":[61,61,61,67,73,73,73,73,73,61,61,50,50,59,59,65,80,77,71,63,63,16,40,46,35,35,28,28,20,20,21,46,46,104,78,78,62,62,27,59,21,27,27,0],"gold":151,"neow_bonus":"TWO_FIFTY_GOLD","is_prod":false,"is_daily":false,"chose_seed":false,"campfire_upgraded":5,"win_rate":0,"timestamp":1550392283,"path_taken":["M","?","$","M","?","R","?","R","T","E","?","?","R","M","R","BOSS","M","M","?","?","?","R","?","M","T","M","R","M","M","M","R","BOSS","M","$","M","?","M","?","M","M","T","E"],"build_version":"2019-01-23","purchased_purges":3,"victory":false,"max_hp_per_floor":[80,80,80,80,80,80,80,80,80,80,80,80,80,80,80,80,80,80,80,80,80,80,80,86,86,86,86,86,86,86,86,86,86,104,104,104,104,104,104,110,110,110,110,110],"card_choices":[{"not_picked":["Wild Strike","Anger","Body Slam"],"picked":"SKIP","floor":1.0},{"not_picked":["Cleave","Evolve"],"picked":"Shrug It Off","floor":4.0},{"not_picked":["Armaments","Havoc"],"picked":"Limit Break","floor":5.0},{"not_picked":["Thunderclap","Shrug It Off","Fire Breathing"],"picked":"SKIP","floor":10.0},{"not_picked":["Thunderclap","Spot Weakness","Evolve"],"picked":"SKIP","floor":14.0},{"not_picked":["Fiend Fire","Brutality"],"picked":"Offering","floor":16.0},{"not_picked":["Body Slam","Havoc"],"picked":"Headbutt","floor":18.0},{"not_picked":["Wild Strike","Iron Wave","Heavy Blade"],"picked":"SKIP","floor":19.0},{"not_picked":["Clothesline","Second Wind"],"picked":"Metallicize+1","floor":22.0},{"not_picked":["Anger","Twin Strike+1","Power Through"],"picked":"SKIP","floor":25.0},{"not_picked":["Anger","Twin Strike+1","Power Through"],"picked":"SKIP","floor":25.0},{"not_picked":["Searing Blow","Entrench+1"],"picked":"Anger","floor":27.0},{"not_picked":["Body Slam+1","Anger"],"picked":"Infernal Blade","floor":29.0},{"not_picked":["Clash","Offering"],"picked":"Heavy Blade","floor":30.0},{"not_picked":["Thunderclap","Heavy Blade","Bloodletting+1"],"picked":"SKIP","floor":31.0},{"not_picked":["Impervious","Immolate"],"picked":"Juggernaut","floor":33.0},{"not_picked":["Clothesline","Evolve+1"],"picked":"Limit Break","floor":35.0},{"not_picked":["Power Through+1","Clash"],"picked":"Inflame","floor":35.0},{"not_picked":["Second Wind","Shrug It Off"],"picked":"Havoc+1","floor":37.0},{"not_picked":["Bloodletting","Warcry","Twin Strike+1"],"picked":"SKIP","floor":37.0},{"not_picked":["Thunderclap","Dropkick"],"picked":"Inflame","floor":39.0},{"not_picked":["Body Slam","Fire Breathing","Blood for Blood+1"],"picked":"SKIP","floor":39.0},{"not_picked":["Dropkick","Shockwave"],"picked":"Flex+1","floor":41},{"not_picked":["Rage","Wild Strike","Pummel"],"picked":"SKIP","floor":41},{"not_picked":["Clash+1","Armaments+1"],"picked":"Uppercut+1","floor":42},{"not_picked":["Rage+1","Dropkick+1","Flex"],"picked":"SKIP","floor":42}],"player_experience":842875,"relics_obtained":[{"floor":9.0,"key":"Darkstone Periapt"},{"floor":10.0,"key":"Juzu Bracelet"},{"floor":22.0,"key":"Thread and Needle"},{"floor":22.0,"key":"Bottled Flame"},{"floor":26.0,"key":"Shuriken"},{"floor":34.0,"key":"Boot"},{"floor":34.0,"key":"Paper Frog"},{"floor":34.0,"key":"Prayer Wheel"},{"floor":43,"key":"Bag of Preparation"}],"event_choices":[{"damage_healed":0.0,"max_hp_gain":0.0,"max_hp_loss":0.0,"gold_gain":0.0,"event_name":"NoteForYourself","player_choice":"Ignored","floor":11.0,"gold_loss":0.0,"damage_taken":0.0},{"damage_healed":0.0,"max_hp_gain":0.0,"max_hp_loss":0.0,"gold_gain":75.0,"event_name":"World of Goop","player_choice":"Gather Gold","floor":12.0,"gold_loss":0.0,"damage_taken":11.0},{"damage_healed":0.0,"max_hp_gain":0.0,"max_hp_loss":0.0,"gold_gain":75.0,"event_name":"FaceTrader","player_choice":"Touch","floor":20.0,"gold_loss":0.0,"damage_taken":8.0},{"damage_healed":0.0,"max_hp_gain":0.0,"max_hp_loss":0.0,"gold_gain":0.0,"event_name":"Ghosts","player_choice":"Ignored","floor":21.0,"gold_loss":0.0,"damage_taken":0.0},{"damage_healed":0.0,"max_hp_gain":0.0,"max_hp_loss":0.0,"gold_gain":0.0,"event_name":"Colosseum","player_choice":"Fight","floor":22.0,"gold_loss":0.0,"damage_taken":0.0},{"damage_healed":0.0,"max_hp_gain":0.0,"max_hp_loss":0.0,"gold_gain":0.0,"event_name":"Colosseum","player_choice":"Fought Nobs","floor":22.0,"gold_loss":0.0,"damage_taken":0.0},{"damage_healed":0.0,"max_hp_gain":0.0,"max_hp_loss":0.0,"gold_gain":0.0,"event_name":"The Mausoleum","player_choice":"Opened","floor":24.0,"gold_loss":0.0,"damage_taken":0.0,"relics_obtained":["Bronze Scales"],"cards_obtained":["Writhe"]},{"damage_healed":0.0,"max_hp_gain":0.0,"max_hp_loss":0.0,"gold_gain":0.0,"event_name":"Lab","player_choice":"Got Potions","floor":38.0,"gold_loss":0.0,"damage_taken":0.0},{"damage_healed":26.0,"max_hp_gain":0.0,"max_hp_loss":0.0,"gold_gain":0.0,"event_name":"Winding Halls","player_choice":"Writhe","floor":40.0,"gold_loss":0.0,"damage_taken":0.0,"cards_obtained":["Writhe"]}],"is_beta":false,"boss_relics":[{"not_picked":["Tiny House","Busted Crown"],"picked":"Sozu"},{"not_picked":["Mark of Pain","Pandora\u0027s Box"],"picked":"Calling Bell"}],"items_purged_floors":[3,7,36],"is_endless":false,"potions_floor_spawned":[1,14,16,22,22,29,30,31,33,39,41,42],"killed_by":"Nemesis","ascension_level":0}