{"gold_per_floor":[115,65,65,240,240,271,271,196,221,232,232,267,267,96,96,193,193,210,309,147,162,174,174,204,224,224,234,234,234,245,245,245,245],"floor_reached":33,"playtime":2366,"items_purged":["Defend_G","Doubt","Strike_G"],"score":351,"play_id":"94f8ffda-e57f-4678-8411-6fa41216b5df","local_time":"20190211070934","is_ascension_mode":true,"campfire_choices":[{"data":"Choke","floor":7.0,"key":"SMITH"},{"data":"Crippling Poison","floor":11.0,"key":"SMITH"},{"data":"Survivor","floor":13.0,"key":"SMITH"},{"floor":15.0,"key":"REST"},{"floor":23.0,"key":"REST"},{"floor":32.0,"key":"REST"}],"neow_cost":"NONE","seed_source_timestamp":37520199027312,"circlet_count":0,"master_deck":["Defend_G","Defend_G","Defend_G","Survivor+1","Neutralize","Deadly Poison","Choke+1","Crippling Poison+1","Acrobatics","Noxious Fumes","A Thousand Cuts","Footwork","Noxious Fumes","Bane","PiercingWail+1","Poisoned Stab+1","Bite","Bite","Bite","Bite","Bite","Backflip"],"special_seed":0,"relics":["Ring of the Snake","NeowsBlessing","Art of War","Lantern","Centennial Puzzle","Dead Branch","HoveringKite","Kunai","Bird Faced Urn","MutagenicStrength","Shuriken"],"potions_floor_usage":[33,33],"damage_taken":[{"damage":0.0,"enemies":"2 Louse","floor":1.0,"turns":1.0},{"damage":0.0,"enemies":"3 Sentries","floor":6.0,"turns":1.0},{"damage":0.0,"enemies":"Small Slimes","floor":10.0,"turns":1.0},{"damage":30.0,"enemies":"Gremlin Nob","floor":12.0,"turns":5.0},{"damage":12.0,"enemies":"The Guardian","floor":16.0,"turns":9.0},{"damage":14.0,"enemies":"2 Thieves","floor":18.0,"turns":2.0},{"damage":15.0,"enemies":"3 Byrds","floor":21.0,"turns":3.0},{"damage":15.0,"enemies":"Snake Plant","floor":22.0,"turns":4.0},{"damage":28.0,"enemies":"Gremlin Leader","floor":24.0,"turns":7.0},{"damage":12.0,"enemies":"3 Cultists","floor":25.0,"turns":4.0},{"damage":11.0,"enemies":"Snecko","floor":27.0,"turns":5.0},{"damage":17.0,"enemies":"Sentry and Sphere","floor":30.0,"turns":7.0},{"damage":60,"enemies":"Champ","floor":33,"turns":8}],"seed_played":"-3978254415905907954","potions_obtained":[{"floor":6.0,"key":"Swift Potion"},{"floor":10.0,"key":"Fruit Juice"},{"floor":12.0,"key":"EssenceOfSteel"},{"floor":21.0,"key":"Ancient Potion"},{"floor":30.0,"key":"Weak Potion"}],"is_trial":false,"path_per_floor":["M","?","?","?","T","E","R","$","T","M","R","E","R","$","R","B",null,"M","?","$","M","M","R","E","M","T","M","?","?","M","T","R","B"],"character_chosen":"THE_SILENT","items_purchased":["Noxious Fumes","Noxious Fumes"],"campfire_rested":3,"item_purchase_floors":[14,20],"current_hp_per_floor":[70,70,70,70,70,70,70,70,70,70,70,40,40,40,61,54,75,61,61,61,46,31,53,25,13,13,8,8,8,9,9,24,0],"gold":245,"neow_bonus":"THREE_ENEMY_KILL","is_prod":false,"is_daily":false,"chose_seed":false,"campfire_upgraded":3,"win_rate":0,"timestamp":1549858174,"path_taken":["M","?","?","?","?","E","R","$","T","M","R","E","R","$","R","BOSS","M","?","$","M","M","R","E","M","T","M","?","?","M","?","R","BOSS"],"build_version":"2019-01-23","purchased_purges":3,"victory":false,"max_hp_per_floor":[70,70,70,70,70,70,70,70,70,70,70,70,70,70,70,75,75,75,75,75,75,75,75,75,75,75,75,75,52,52,52,52,52],"card_choices":[{"not_picked":["Slice","Flying Knee"],"picked":"Deadly Poison","floor":1.0},{"not_picked":["Masterful Stab","Venomology"],"picked":"Choke","floor":6.0},{"not_picked":["Concentrate","Poisoned Stab"],"picked":"Crippling Poison","floor":10.0},{"not_picked":["Infinite Blades","Flying Knee"],"picked":"Acrobatics","floor":12.0},{"not_picked":["Bullet Time","Phantasmal Killer"],"picked":"A Thousand Cuts","floor":16.0},{"not_picked":["Sucker Punch+1","Dagger Throw"],"picked":"Footwork","floor":18.0},{"not_picked":["Flying Knee","Blade Dance"],"picked":"Bane","floor":21.0},{"not_picked":["Eviscerate+1","Slice","Masterful Stab"],"picked":"SKIP","floor":22.0},{"not_picked":["Deflect+1","Bane"],"picked":"PiercingWail+1","floor":24.0},{"not_picked":["Underhanded Strike","Prepared+1"],"picked":"Poisoned Stab+1","floor":25.0},{"not_picked":["Outmaneuver","Night Terror","Dagger Spray"],"picked":"SKIP","floor":27.0},{"not_picked":["Blade Dance","Backstab"],"picked":"Backflip","floor":30.0}],"player_experience":289888,"relics_obtained":[{"floor":5.0,"key":"Art of War"},{"floor":6.0,"key":"Lantern"},{"floor":9.0,"key":"Centennial Puzzle"},{"floor":12.0,"key":"Dead Branch"},{"floor":24.0,"key":"Kunai"},{"floor":26.0,"key":"Bird Faced Urn"},{"floor":31.0,"key":"Shuriken"}],"event_choices":[{"cards_removed":["Defend_G"],"damage_healed":0.0,"max_hp_gain":0.0,"max_hp_loss":0.0,"gold_gain":0.0,"event_name":"The Cleric","player_choice":"Card Removal","floor":2.0,"gold_loss":50.0,"damage_taken":0.0},{"damage_healed":0.0,"max_hp_gain":0.0,"max_hp_loss":0.0,"gold_gain":0.0,"event_name":"Scrap Ooze","player_choice":"Fled","floor":3.0,"gold_loss":0.0,"damage_taken":0.0},{"damage_healed":0.0,"max_hp_gain":0.0,"max_hp_loss":0.0,"gold_gain":175.0,"event_name":"Liars Game","player_choice":"AGREE","floor":4.0,"gold_loss":0.0,"damage_taken":0.0,"cards_obtained":["Doubt"]},{"damage_healed":0.0,"max_hp_gain":0.0,"max_hp_loss":0.0,"gold_gain":99.0,"event_name":"Nest","player_choice":"Stole From Cult","floor":19.0,"gold_loss":0.0,"damage_taken":0.0},{"damage_healed":0.0,"max_hp_gain":0.0,"max_hp_loss":0.0,"gold_gain":0.0,"event_name":"Drug Dealer","player_choice":"Inject Mutagens","floor":28.0,"gold_loss":0.0,"damage_taken":0.0,"relics_obtained":["MutagenicStrength"]},{"damage_healed":0.0,"max_hp_gain":0.0,"max_hp_loss":23.0,"gold_gain":0.0,"event_name":"Vampires","player_choice":"Became a vampire","floor":29.0,"gold_loss":0.0,"damage_taken":0.0,"cards_obtained":["Bite","Bite","Bite","Bite","Bite"]}],"is_beta":false,"boss_relics":[{"not_picked":["Calling Bell","White Beast Statue"],"picked":"HoveringKite"}],"items_purged_floors":[8,14,20],"is_endless":false,"potions_floor_spawned":[6,10,12,21,30],"killed_by":"Champ","ascension_level":2}