{"gold_per_floor":[119,119,119,119,44,70,85,103,133,150,165,182,182,208,208,311,311,329,329,329,349,349,363,237,247,270,270],"floor_reached":27,"playtime":1048,"items_purged":["Pain","Defend_R"],"score":225,"play_id":"df83d7b5-38aa-40d3-9c75-15c12f47ed38","local_time":"20190212084748","is_ascension_mode":false,"campfire_choices":[{"floor":15.0,"key":"REST"}],"neow_cost":"NONE","seed_source_timestamp":41054164513162,"circlet_count":0,"master_deck":["Strike_R","Strike_R","Strike_R","Strike_R","Strike_R","Defend_R","Defend_R","Bash+1","Clash","Heavy Blade","Shrug It Off","Flex"],"special_seed":0,"relics":["Burning Blood","Paper Frog","WarpedTongs","Oddly Smooth Stone","Tiny Chest","Dream Catcher","Orrery","Bronze Scales","Lantern"],"potions_floor_usage":[],"damage_taken":[{"damage":5.0,"enemies":"Jaw Worm","floor":1.0,"turns":6.0},{"damage":27.0,"enemies":"Gremlin Nob","floor":6.0,"turns":4.0},{"damage":1.0,"enemies":"Small Slimes","floor":7.0,"turns":3.0},{"damage":0.0,"enemies":"Cultist","floor":8.0,"turns":3.0},{"damage":1.0,"enemies":"Large Slime","floor":10.0,"turns":4.0},{"damage":6.0,"enemies":"3 Louse","floor":11.0,"turns":4.0},{"damage":16.0,"enemies":"Exordium Thugs","floor":12.0,"turns":5.0},{"damage":30.0,"enemies":"3 Sentries","floor":14.0,"turns":11.0},{"damage":34.0,"enemies":"Hexaghost","floor":16.0,"turns":8.0},{"damage":15.0,"enemies":"Chosen","floor":18.0,"turns":5.0},{"damage":38,"enemies":"Colosseum Slavers","floor":19,"turns":5},{"damage":2,"enemies":"Shell Parasite","floor":21,"turns":6},{"damage":23,"enemies":"Centurion and Healer","floor":23,"turns":6},{"damage":26,"enemies":"Shelled Parasite and Fungi","floor":25,"turns":5},{"damage":12,"enemies":"Snake Plant","floor":27,"turns":1}],"seed_played":"1765292424052669742","potions_obtained":[{"floor":1.0,"key":"Regen Potion"},{"floor":6.0,"key":"Fire Potion"},{"floor":11.0,"key":"SteroidPotion"}],"is_trial":false,"path_per_floor":["M","?","?","?","$","E","M","M","T","M","M","M","?","E","R","B",null,"M","?","?","M","?","M","$","M","T","M"],"character_chosen":"IRONCLAD","items_purchased":["Flex"],"campfire_rested":1,"item_purchase_floors":[24],"current_hp_per_floor":[80,73,78,78,78,57,62,68,68,73,73,63,63,39,64,36,85,76,44,44,48,48,31,31,11,11,0],"gold":270,"neow_bonus":"UPGRADE_CARD","is_prod":false,"is_daily":false,"chose_seed":false,"campfire_upgraded":0,"win_rate":0,"timestamp":1549950468,"path_taken":["M","?","?","?","$","E","M","M","T","M","?","M","?","E","R","BOSS","M","?","?","?","?","M","?","M","T","?"],"build_version":"2019-01-23","purchased_purges":2,"victory":false,"max_hp_per_floor":[80,80,85,85,85,85,85,85,85,85,85,85,85,85,85,85,85,85,85,85,85,85,85,85,85,85,85],"card_choices":[{"not_picked":["Feel No Pain","Infernal Blade","Sentinel"],"picked":"SKIP","floor":1.0},{"not_picked":["Anger","True Grit","Pummel"],"picked":"SKIP","floor":6.0},{"not_picked":["Clothesline","Sword Boomerang","Bloodletting"],"picked":"SKIP","floor":7.0},{"not_picked":["Blood for Blood","Rupture"],"picked":"Clash","floor":8.0},{"not_picked":["Bloodletting","Evolve","Power Through"],"picked":"SKIP","floor":10.0},{"not_picked":["Cleave","Whirlwind","Pommel Strike"],"picked":"SKIP","floor":11.0},{"not_picked":["True Grit","Carnage","Warcry"],"picked":"SKIP","floor":12.0},{"not_picked":["Dual Wield","Searing Blow","Limit Break"],"picked":"SKIP","floor":14.0},{"not_picked":["Wild Strike","Clothesline"],"picked":"Heavy Blade","floor":17.0},{"not_picked":["Headbutt","Infernal Blade"],"picked":"Heavy Blade","floor":17.0},{"not_picked":["Intimidate","Havoc"],"picked":"Shrug It Off","floor":17.0},{"not_picked":["Wild Strike","Shrug It Off","Uppercut"],"picked":"SKIP","floor":18.0},{"not_picked":["Clothesline","Spot Weakness","Inflame"],"picked":"SKIP","floor":21},{"not_picked":["Body Slam","Entrench","Clothesline"],"picked":"SKIP","floor":23},{"not_picked":["Second Wind","Dual Wield","Dropkick+1"],"picked":"SKIP","floor":25}],"player_experience":331743,"relics_obtained":[{"floor":6.0,"key":"Oddly Smooth Stone"},{"floor":9.0,"key":"Tiny Chest"},{"floor":14.0,"key":"Dream Catcher"},{"floor":26,"key":"Lantern"}],"event_choices":[{"damage_healed":0.0,"max_hp_gain":0.0,"max_hp_loss":0.0,"gold_gain":0.0,"event_name":"Scrap Ooze","player_choice":"Success","floor":2.0,"gold_loss":0.0,"damage_taken":7.0,"relics_obtained":["Paper Frog"]},{"damage_healed":0.0,"max_hp_gain":5.0,"max_hp_loss":0.0,"gold_gain":0.0,"event_name":"Big Fish","player_choice":"Donut","floor":3.0,"gold_loss":0.0,"damage_taken":0.0},{"damage_healed":0.0,"max_hp_gain":0.0,"max_hp_loss":0.0,"gold_gain":0.0,"event_name":"Accursed Blacksmith","player_choice":"Rummage","floor":4.0,"gold_loss":0.0,"damage_taken":0.0,"relics_obtained":["WarpedTongs"],"cards_obtained":["Pain"]},{"cards_removed":["Defend_R"],"damage_healed":0.0,"max_hp_gain":0.0,"max_hp_loss":0.0,"gold_gain":0.0,"event_name":"Living Wall","player_choice":"Forget","floor":13.0,"gold_loss":0.0,"damage_taken":0.0},{"damage_healed":0,"gold_gain":0,"player_choice":"Fight","damage_taken":0,"max_hp_gain":0,"max_hp_loss":0,"event_name":"Colosseum","floor":19,"gold_loss":0},{"damage_healed":0,"gold_gain":0,"player_choice":"Fled From Nobs","damage_taken":0,"max_hp_gain":0,"max_hp_loss":0,"event_name":"Colosseum","floor":19,"gold_loss":0},{"cards_removed":["Heavy Blade"],"damage_healed":0,"gold_gain":0,"player_choice":"Gave Card","damage_taken":0,"relics_obtained":["Bronze Scales"],"max_hp_gain":0,"max_hp_loss":0,"event_name":"WeMeetAgain","floor":20,"gold_loss":0},{"damage_healed":0,"gold_gain":0,"player_choice":"Ignored","damage_taken":0,"max_hp_gain":0,"max_hp_loss":0,"event_name":"Vampires","floor":22,"gold_loss":0}],"is_beta":false,"boss_relics":[{"not_picked":["Coffee Dripper","Tiny House"],"picked":"Orrery"}],"items_purged_floors":[5,24],"is_endless":false,"potions_floor_spawned":[1,6,11,16,18,21],"killed_by":"Snake Plant","ascension_level":0}