{"gold_per_floor":[109,124,124,199,213,213,238,238,238,265,112,130,162,183,183,279,279,297,308,407,417,417],"floor_reached":22,"playtime":1109,"items_purged":[],"score":224,"play_id":"f8ac09bd-fbe7-4d27-9889-a339ec48715f","local_time":"20180715165248","is_ascension_mode":true,"campfire_choices":[{"data":"Bash","floor":6.0,"key":"SMITH"},{"floor":8.0,"key":"REST"},{"floor":15.0,"key":"REST"}],"neow_cost":"NONE","seed_source_timestamp":0,"circlet_count":0,"master_deck":["Strike_R","Strike_R","Strike_R","Strike_R","Strike_R","Defend_R","Defend_R","Defend_R","Defend_R","Bash+1","Flex","Cleave+1","Clothesline","Sword Boomerang","Sword Boomerang","Inflame","Rage","Barricade","Armaments"],"special_seed":0,"relics":["Burning Blood","Vajra","Singing Bowl","Ginger","Regal Pillow","Matryoshka","Odd Mushroom","White Beast Statue"],"potions_floor_usage":[22],"damage_taken":[{"damage":6.0,"enemies":"Cultist","floor":1.0,"turns":3.0},{"damage":14.0,"enemies":"Jaw Worm","floor":2.0,"turns":3.0},{"damage":0.0,"enemies":"2 Louse","floor":5.0,"turns":1.0},{"damage":31.0,"enemies":"Lagavulin","floor":7.0,"turns":5.0},{"damage":6.0,"enemies":"Gremlin Nob","floor":10.0,"turns":3.0},{"damage":6.0,"enemies":"Gremlin Gang","floor":12.0,"turns":3.0},{"damage":19.0,"enemies":"3 Sentries","floor":13.0,"turns":6.0},{"damage":26.0,"floor":14.0,"turns":4.0},{"damage":49.0,"enemies":"The Guardian","floor":16.0,"turns":9.0},{"damage":21.0,"enemies":"3 Byrds","floor":18.0,"turns":5.0},{"damage":25.0,"enemies":"2 Thieves","floor":19.0,"turns":4.0},{"damage":46.0,"enemies":"3 Cultists","floor":21.0,"turns":6.0},{"damage":23,"enemies":"Snecko","floor":22,"turns":3}],"seed_played":"-8364890654291726362","potions_obtained":[{"floor":10.0,"key":"Fire Potion"},{"floor":12.0,"key":"Ancient Potion"},{"floor":14.0,"key":"Energy Potion"},{"floor":18.0,"key":"Fire Potion"},{"floor":19.0,"key":"Ancient Potion"},{"floor":21.0,"key":"Energy Potion"}],"is_trial":false,"path_per_floor":["M","M","?","?","M","R","E","R","T","E","$","M","E","?","R","B",null,"M","M","?","M"],"character_chosen":"IRONCLAD","items_purchased":["Regal Pillow"],"campfire_rested":2,"item_purchase_floors":[11],"current_hp_per_floor":[80,72,72,64,70,70,45,69,69,69,69,71,58,38,77,34,82,69,50,50,12,0],"gold":417,"neow_bonus":"THREE_CARDS","is_prod":false,"is_daily":false,"chose_seed":false,"campfire_upgraded":1,"win_rate":0,"timestamp":1531662768,"path_taken":["M","M","?","?","?","R","E","R","T","E","$","M","E","?","R","BOSS","M","M","?","M","?"],"build_version":"2018-07-12","purchased_purges":0,"victory":false,"max_hp_per_floor":[80,80,80,80,80,80,80,80,80,80,80,82,82,82,82,82,82,84,84,84,86,86],"card_choices":[{"not_picked":["Warcry","Iron Wave"],"picked":"Flex","floor":1.0},{"not_picked":["Rupture","True Grit"],"picked":"Cleave","floor":2.0},{"not_picked":["Warcry","Anger"],"picked":"Clothesline","floor":5.0},{"not_picked":["Body Slam","Dropkick"],"picked":"Sword Boomerang","floor":7.0},{"not_picked":["Pummel","Carnage"],"picked":"Sword Boomerang","floor":10.0},{"not_picked":["Dropkick","Sword Boomerang","Cleave"],"picked":"Singing Bowl","floor":12.0},{"not_picked":["Dropkick","True Grit"],"picked":"Inflame","floor":13.0},{"not_picked":["Clash","Ghostly Armor"],"picked":"Rage","floor":14.0},{"not_picked":["Bludgeon","Dark Embrace"],"picked":"Barricade","floor":16.0},{"not_picked":["Headbutt","Warcry","Iron Wave+1"],"picked":"Singing Bowl","floor":18.0},{"not_picked":["Corruption","Fire Breathing"],"picked":"Armaments","floor":19.0},{"not_picked":["Thunderclap","Fire Breathing","Seeing Red"],"picked":"Singing Bowl","floor":21.0}],"player_experience":45690,"relics_obtained":[{"floor":7.0,"key":"Vajra"},{"floor":9.0,"key":"Singing Bowl"},{"floor":10.0,"key":"Ginger"},{"floor":13.0,"key":"Matryoshka"},{"floor":14.0,"key":"Odd Mushroom"}],"event_choices":[{"event_name":"Upgrade Shrine","player_choice":"Upgraded","floor":3.0,"damage_taken":0.0},{"event_name":"FaceTrader","player_choice":"Touch","floor":4.0,"damage_taken":0.0},{"event_name":"Mushrooms","player_choice":"Fought Mushrooms","floor":14.0,"damage_taken":0.0},{"event_name":"Nest","player_choice":"Stole From Cult","floor":20.0,"damage_taken":0.0}],"boss_relics":[{"not_picked":["Runic Pyramid","Tiny House"],"picked":"White Beast Statue"}],"items_purged_floors":[],"is_endless":false,"potions_floor_spawned":[10,12,14,16,18,19,21],"killed_by":"Snecko","ascension_level":2}