{"gold_per_floor":[209,209,228,244,42,42,55,73,73,73,98,98,173,173,173,173],"floor_reached":16,"playtime":338,"items_purged":[],"score":140,"play_id":"1c1e2a30-3e00-496e-a4f9-ba4ffde2d475","local_time":"20190204005233","is_ascension_mode":true,"campfire_choices":[{"data":"Rage","floor":6,"key":"SMITH"},{"data":"Perfected Strike","floor":10,"key":"SMITH"},{"data":"Hemokinesis","floor":12,"key":"SMITH"},{"data":"Flex","floor":15,"key":"SMITH"}],"neow_cost":"NONE","seed_source_timestamp":135091661518885,"circlet_count":0,"master_deck":["AscendersBane","Strike_R","Strike_R","Strike_R","Strike_R","Strike_R","Defend_R","Defend_R","Defend_R","Defend_R","Bash","Cleave","Rage+1","Rupture","Hemokinesis+1","Flex+1","Perfected Strike+1"],"relics":["Burning Blood","Torii","Kunai","Odd Mushroom","Toxic Egg 2"],"potions_floor_usage":[11,16],"damage_taken":[{"damage":11,"enemies":"2 Louse","floor":1,"turns":2},{"damage":2,"enemies":"Cultist","floor":3,"turns":4},{"damage":7,"enemies":"Jaw Worm","floor":4,"turns":4},{"damage":13,"enemies":"Red Slaver","floor":7,"turns":3},{"damage":13,"enemies":"Exordium Thugs","floor":8,"turns":4},{"damage":34,"enemies":"The Mushroom Lair","floor":11,"turns":4},{"damage":14,"enemies":"The Guardian","floor":16,"turns":4}],"seed_played":"8626048810708212870","potions_obtained":[{"floor":1,"key":"GamblersBrew"},{"floor":8,"key":"EssenceOfSteel"}],"is_trial":false,"path_per_floor":["M","?","M","M","$","R","M","M","T","R","?","R","?","?","R","B"],"character_chosen":"IRONCLAD","items_purchased":["Rupture","Hemokinesis","Flex"],"campfire_rested":0,"item_purchase_floors":[5,5,5],"current_hp_per_floor":[67,67,71,70,70,70,63,56,56,56,28,28,17,14,14,0],"gold":173,"neow_bonus":"HUNDRED_GOLD","is_prod":false,"is_daily":false,"chose_seed":false,"campfire_upgraded":4,"win_rate":0,"timestamp":1549252353,"path_taken":["M","?","?","M","$","R","M","M","T","R","?","R","?","?","R","BOSS"],"build_version":"2018-11-15","purchased_purges":0,"victory":false,"max_hp_per_floor":[80,80,80,80,80,80,80,80,80,80,80,80,80,80,80,80],"card_choices":[{"not_picked":["Seeing Red","Clothesline"],"picked":"Headbutt","floor":1},{"not_picked":["Twin Strike","Wild Strike"],"picked":"Cleave","floor":3},{"not_picked":["Pommel Strike","Anger"],"picked":"Rage","floor":4},{"not_picked":["Pummel","Armaments","Havoc"],"picked":"SKIP","floor":7},{"not_picked":["Sword Boomerang","Cleave"],"picked":"Perfected Strike","floor":8}],"player_experience":83409,"relics_obtained":[{"floor":9,"key":"Kunai"},{"floor":11,"key":"Odd Mushroom"}],"event_choices":[{"cards_removed":["Headbutt"],"damage_healed":0,"gold_gain":0,"player_choice":"Gave Card","damage_taken":0,"relics_obtained":["Torii"],"max_hp_gain":0,"max_hp_loss":0,"event_name":"WeMeetAgain","floor":2,"gold_loss":0},{"damage_healed":0,"gold_gain":0,"player_choice":"Fought Mushrooms","damage_taken":0,"max_hp_gain":0,"max_hp_loss":0,"event_name":"Mushrooms","floor":11,"gold_loss":0},{"damage_healed":0,"gold_gain":75,"player_choice":"Gather Gold","damage_taken":11,"max_hp_gain":0,"max_hp_loss":0,"event_name":"World of Goop","floor":13,"gold_loss":0},{"damage_healed":0,"gold_gain":0,"player_choice":"Success","damage_taken":3,"relics_obtained":["Toxic Egg 2"],"max_hp_gain":0,"max_hp_loss":0,"event_name":"Scrap Ooze","floor":14,"gold_loss":0}],"is_beta":false,"boss_relics":[],"items_purged_floors":[],"is_endless":false,"potions_floor_spawned":[1,8],"killed_by":"The Guardian","ascension_level":11}