{"gold_per_floor":[217,232,242,253,4,30,40,40,40,40,5,5,25,60,60,164,164,180,180,193,118,0,0,19,19,65,65,65,65],"floor_reached":29,"playtime":1690,"items_purged":["Shame"],"score":231,"play_id":"880de774-7288-4b74-abe7-f46d1eee320f","local_time":"20181114064724","is_ascension_mode":false,"campfire_choices":[{"floor":8,"key":"REST"},{"floor":10,"key":"REST"},{"floor":15,"key":"REST"},{"floor":23,"key":"REST"},{"floor":25,"key":"REST"},{"data":"Demon Form","floor":27,"key":"SMITH"}],"neow_cost":"NONE","seed_source_timestamp":18241938524779,"circlet_count":0,"master_deck":["Strike_R","Strike_R","Strike_R","Strike_R","Strike_R","Defend_R","Defend_R","Defend_R","Defend_R","Bash","Disarm","Rampage","Armaments+1","Metamorphosis+1","Uppercut","Combust","Inflame","Anger","Evolve","Rampage","Clumsy","Regret","Armaments","J.A.X.","Demon Form+1","Headbutt","Impatience","Flash of Steel","Mind Blast","Mind Blast","Madness","Flash of Steel"],"relics":["Burning Blood","Potion Belt","Bottled Lightning","Calipers","Odd Mushroom","Dream Catcher","Calling Bell","War Paint","Question Card","Gambling Chip","Boot"],"potions_floor_usage":[18,24,24,24],"damage_taken":[{"damage":5,"enemies":"Cultist","floor":1,"turns":4},{"damage":12,"enemies":"Jaw Worm","floor":2,"turns":5},{"damage":0,"enemies":"2 Louse","floor":3,"turns":2},{"damage":12,"enemies":"2 Fungi Beasts","floor":4,"turns":5},{"damage":32,"enemies":"3 Sentries","floor":6,"turns":9},{"damage":35,"enemies":"Exordium Thugs","floor":7,"turns":3},{"damage":7,"enemies":"The Mushroom Lair","floor":13,"turns":2},{"damage":24,"enemies":"Lagavulin","floor":14,"turns":5},{"damage":27,"enemies":"Slime Boss","floor":16,"turns":8},{"damage":37,"enemies":"3 Byrds","floor":18,"turns":3},{"damage":30,"enemies":"Chosen","floor":20,"turns":7},{"damage":20,"enemies":"Snake Plant","floor":24,"turns":4},{"damage":13,"enemies":"Centurion and Healer","floor":29,"turns":3}],"seed_played":"-100322399522760272","potions_obtained":[{"floor":2,"key":"LiquidBronze"},{"floor":6,"key":"Explosive Potion"},{"floor":14,"key":"Ancient Potion"},{"floor":18,"key":"Weak Potion"},{"floor":20,"key":"BloodPotion"}],"is_trial":false,"path_per_floor":["M","M","M","M","$","E","M","R","T","R","?","T","?","E","R","B",null,"M","?","M","$","?","R","M","R","T","R","?","M"],"character_chosen":"IRONCLAD","items_purchased":["Metamorphosis","Uppercut"],"campfire_rested":5,"item_purchase_floors":[5,5],"current_hp_per_floor":[80,74,80,74,74,48,19,43,43,67,80,80,79,61,80,59,80,49,49,25,25,25,49,43,67,67,67,11,0],"gold":65,"neow_bonus":"HUNDRED_GOLD","is_prod":false,"is_daily":false,"chose_seed":false,"campfire_upgraded":1,"win_rate":0.0,"timestamp":1542167244,"path_taken":["M","?","M","M","$","E","M","R","T","R","?","?","?","E","R","BOSS","M","?","M","$","?","R","M","R","T","R","?","?"],"build_version":"2018-11-08","purchased_purges":1,"victory":false,"max_hp_per_floor":[80,80,80,80,80,80,80,80,80,80,80,80,80,80,80,80,80,80,80,80,80,80,80,80,80,80,80,80,80],"card_choices":[{"not_picked":["Sword Boomerang","Headbutt"],"picked":"Disarm","floor":1},{"not_picked":["Perfected Strike","Thunderclap"],"picked":"Rampage","floor":2},{"not_picked":["Rage","Shockwave"],"picked":"Armaments","floor":3},{"not_picked":["Havoc","Iron Wave","Sword Boomerang"],"picked":"SKIP","floor":4},{"not_picked":["Rage","Juggernaut"],"picked":"Combust","floor":6},{"not_picked":["Whirlwind","Perfected Strike"],"picked":"Inflame","floor":7},{"not_picked":["Perfected Strike","Flex"],"picked":"Anger","floor":13},{"not_picked":["Immolate","Flex"],"picked":"Evolve","floor":14},{"not_picked":["Corruption","Thunderclap"],"picked":"Rampage","floor":15},{"not_picked":["Clash","Dropkick","Heavy Blade"],"picked":"Armaments","floor":18},{"not_picked":["Iron Wave","Bloodletting","Power Through","Warcry"],"picked":"SKIP","floor":20},{"not_picked":["Battle Trance","Flex","Reckless Charge"],"picked":"Demon Form","floor":23},{"not_picked":["Pommel Strike","Anger","Flex+1"],"picked":"Headbutt","floor":24}],"player_experience":143369,"relics_obtained":[{"floor":6,"key":"Potion Belt"},{"floor":9,"key":"Bottled Lightning"},{"floor":12,"key":"Calipers"},{"floor":13,"key":"Odd Mushroom"},{"floor":14,"key":"Dream Catcher"},{"floor":17,"key":"War Paint"},{"floor":17,"key":"Question Card"},{"floor":17,"key":"Gambling Chip"},{"floor":26,"key":"Boot"}],"event_choices":[{"damage_healed":20,"gold_gain":0,"player_choice":"Healed","damage_taken":0,"max_hp_gain":0,"max_hp_loss":0,"event_name":"The Cleric","floor":11,"gold_loss":35},{"damage_healed":0,"gold_gain":0,"player_choice":"Fought Mushrooms","damage_taken":0,"max_hp_gain":0,"max_hp_loss":0,"event_name":"Mushrooms","floor":13,"gold_loss":0},{"damage_healed":0,"gold_gain":0,"player_choice":"Obtain J.A.X.","damage_taken":0,"max_hp_gain":0,"max_hp_loss":0,"event_name":"Drug Dealer","floor":19,"gold_loss":0,"cards_obtained":["J.A.X."]},{"damage_healed":0,"gold_gain":0,"player_choice":"Paid Fearfully","damage_taken":0,"max_hp_gain":0,"max_hp_loss":0,"event_name":"Masked Bandits","floor":22,"gold_loss":118},{"damage_healed":0,"gold_gain":0,"player_choice":"CARD CARD CARD CARD CARD CARD ","damage_taken":56,"max_hp_gain":0,"max_hp_loss":0,"event_name":"Knowing Skull","floor":28,"potions_obtained":[],"gold_loss":0,"cards_obtained":["Impatience","Flash of Steel","Mind Blast","Mind Blast","Madness","Flash of Steel"]}],"is_beta":false,"boss_relics":[{"not_picked":["Astrolabe","Coffee Dripper"],"picked":"Calling Bell"}],"items_purged_floors":[21],"is_endless":false,"potions_floor_spawned":[2,6,14,18,20],"killed_by":"Centurion and Healer","ascension_level":0}