{"gold_per_floor":[114,128,139,18,64,64,11,30,56,56,88,100,100,100,100,202,202,216,316,334,349,349,349,375,395,476,217,217,236,236,246,246,351,351,367,381,400,400,412,412,467,467,467,497,497,358,358,377,377,377,377,377,28,28],"floor_reached":54,"playtime":2747,"items_purged":["Strike_B","Fusion","Writhe"],"score":687,"play_id":"a583d641-62b8-4543-960a-00d208c2735b","local_time":"20190216004750","is_ascension_mode":false,"campfire_choices":[{"data":"Zap","floor":6,"key":"SMITH"},{"floor":13,"key":"REST"},{"floor":15,"key":"REST"},{"floor":23,"key":"REST"},{"data":"Static Discharge","floor":28,"key":"SMITH"},{"data":"Dualcast","floor":30,"key":"SMITH"},{"floor":32,"key":"REST"},{"floor":40,"key":"REST"},{"floor":47,"key":"REST"},{"floor":49,"key":"RECALL"},{"data":"Buffer","floor":52,"key":"SMITH"}],"neow_cost":"NONE","seed_source_timestamp":20524955222119,"circlet_count":0,"master_deck":["Defend_B","Defend_B","Zap+1","Dualcast+1","Leap","Capacitor","Rebound","Ball Lightning","Ball Lightning","Ball Lightning","Redo","Leap","Static Discharge+1","Electrodynamics","Rip and Tear+1","Reboot+1","Auto Shields+1","Reprogram+1","Reinforced Body+1","Steam","Conserve Battery","Thunder Strike+1","Buffer+1","Skim+1","Tempest+1","Go for the Eyes+1","Leap+1","Biased Cognition","Defragment","Rebound+1","Ball Lightning+1","Ball Lightning+1"],"relics":["Cracked Core","Smiling Mask","Omamori","Molten Egg 2","Ginger","Astrolabe","Centennial Puzzle","Lee\u0027s Waffle","White Beast Statue","Bird Faced Urn","Pantograph","Happy Flower","Mango"],"potions_floor_usage":[24,36,37,41,50,50],"damage_taken":[{"damage":4,"enemies":"Cultist","floor":1,"turns":4},{"damage":0,"enemies":"2 Louse","floor":2,"turns":3},{"damage":2,"enemies":"Small Slimes","floor":3,"turns":3},{"damage":28,"enemies":"Exordium Thugs","floor":8,"turns":4},{"damage":22,"enemies":"3 Sentries","floor":11,"turns":5},{"damage":3,"enemies":"Red Slaver","floor":12,"turns":4},{"damage":21,"enemies":"Slime Boss","floor":16,"turns":8},{"damage":3,"enemies":"3 Byrds","floor":18,"turns":1},{"damage":0,"enemies":"Spheric Guardian","floor":20,"turns":3},{"damage":26,"enemies":"Centurion and Healer","floor":21,"turns":3},{"damage":15,"enemies":"Slavers","floor":24,"turns":3},{"damage":8,"enemies":"Snecko","floor":25,"turns":5},{"damage":17,"enemies":"Snake Plant","floor":29,"turns":4},{"damage":6,"enemies":"Chosen and Byrds","floor":31,"turns":4},{"damage":22,"enemies":"Champ","floor":33,"turns":8},{"damage":38,"enemies":"3 Shapes","floor":35,"turns":4},{"damage":21,"enemies":"3 Darklings","floor":36,"turns":4},{"damage":20,"enemies":"Writhing Mass","floor":37,"turns":8},{"damage":21,"enemies":"Transient","floor":39,"turns":5},{"damage":58,"enemies":"2 Orb Walkers","floor":41,"turns":5},{"damage":54,"enemies":"Nemesis","floor":44,"turns":9},{"damage":22,"enemies":"Jaw Worm Horde","floor":48,"turns":5},{"damage":72,"enemies":"Time Eater","floor":50,"turns":9},{"damage":110,"enemies":"Shield and Spear","floor":54,"turns":6}],"seed_played":"-4574351994638504455","potions_obtained":[{"floor":1,"key":"Block Potion"},{"floor":2,"key":"EssenceOfSteel"},{"floor":16,"key":"Strength Potion"},{"floor":18,"key":"EssenceOfSteel"},{"floor":25,"key":"FearPotion"},{"floor":35,"key":"PowerPotion"},{"floor":36,"key":"Strength Potion"},{"floor":37,"key":"Ancient Potion"},{"floor":41,"key":"LiquidBronze"},{"floor":44,"key":"FearPotion"},{"floor":48,"key":"SkillPotion"}],"is_trial":false,"path_per_floor":["M","M","M","$","T","R","$","M","T","?","E","M","R","?","R","B",null,"M","?","M","M","?","R","E","M","T","$","R","M","R","M","R","B",null,"M","M","M","?","M","R","?","?","T","E","?","$","R","M","R","B",null,"R","$","E"],"character_chosen":"DEFECT","items_purchased":["Ball Lightning","Ball Lightning","Lee\u0027s Waffle","Defragment","Rebound+1","Mango","Ball Lightning+1"],"campfire_rested":6,"item_purchase_floors":[4,7,27,46,46,53,53],"current_hp_per_floor":[71,71,69,69,69,69,69,41,41,41,19,16,38,38,60,39,75,72,72,72,46,46,68,53,45,45,82,82,65,65,59,82,60,82,44,23,3,72,51,72,14,72,72,22,40,40,61,45,45,6,72,72,86,0],"gold":28,"neow_bonus":"TRANSFORM_CARD","is_prod":false,"is_daily":false,"chose_seed":false,"campfire_upgraded":4,"win_rate":0,"timestamp":1550296070,"path_taken":["M","?","M","$","?","R","$","M","T","?","E","M","R","?","R","BOSS","M","?","?","M","?","R","E","M","T","$","R","M","R","M","R","BOSS","M","M","M","?","M","R","?","?","T","E","?","$","R","M","R","BOSS","R","$","E"],"build_version":"2019-01-23","purchased_purges":3,"victory":false,"max_hp_per_floor":[75,75,75,75,75,75,75,75,75,75,75,75,75,75,75,75,75,75,75,75,75,75,75,75,75,75,82,82,82,82,82,82,82,82,82,82,82,72,72,72,72,72,72,72,72,72,72,72,72,72,72,72,86,86],"card_choices":[{"not_picked":["Lockon","Ball Lightning"],"picked":"Capacitor","floor":1},{"not_picked":["Streamline","Leap"],"picked":"Rebound","floor":2},{"not_picked":["Doom and Gloom","Hologram"],"picked":"Ball Lightning","floor":3},{"not_picked":["Hologram","Rip and Tear"],"picked":"Redo","floor":8},{"not_picked":["Hyperbeam","Redo"],"picked":"Leap","floor":11},{"not_picked":["Lockon+1","Capacitor"],"picked":"Static Discharge","floor":12},{"not_picked":["All For One+1","Hyperbeam+1"],"picked":"Electrodynamics","floor":16},{"not_picked":["Coolheaded+1","Gash+1","Turbo"],"picked":"SKIP","floor":18},{"not_picked":["Glacier","Force Field"],"picked":"Reprogram+1","floor":20},{"not_picked":["Hologram+1","Gash+1"],"picked":"Reinforced Body+1","floor":21},{"not_picked":["Chaos","Chill+1"],"picked":"Fusion","floor":24},{"not_picked":["Leap","Chaos","Force Field"],"picked":"SKIP","floor":25},{"not_picked":["Gash+1","Rebound+1"],"picked":"Conserve Battery","floor":29},{"not_picked":["Darkness+1","Compile Driver+1"],"picked":"Thunder Strike+1","floor":31},{"not_picked":["All For One+1","Rainbow"],"picked":"Buffer","floor":33},{"not_picked":["Consume","Compile Driver+1"],"picked":"Skim+1","floor":35},{"not_picked":["Aggregate","Consume+1"],"picked":"Tempest+1","floor":36},{"not_picked":["Gash+1","Genetic Algorithm+1"],"picked":"Go for the Eyes+1","floor":37},{"not_picked":["Glacier+1","Hologram+1"],"picked":"Leap+1","floor":39},{"not_picked":["Storm+1","Conserve Battery+1"],"picked":"Biased Cognition","floor":41},{"not_picked":["Glacier+1","Turbo","All For One+1"],"picked":"SKIP","floor":44},{"not_picked":["Turbo+1","Coolheaded"],"picked":"Ball Lightning+1","floor":48}],"player_experience":55066,"relics_obtained":[{"floor":5,"key":"Smiling Mask"},{"floor":9,"key":"Omamori"},{"floor":11,"key":"Molten Egg 2"},{"floor":24,"key":"Centennial Puzzle"},{"floor":41,"key":"Bird Faced Urn"},{"floor":43,"key":"Pantograph"},{"floor":44,"key":"Happy Flower"}],"event_choices":[{"damage_healed":0,"gold_gain":0,"player_choice":"Ignored","damage_taken":0,"max_hp_gain":0,"max_hp_loss":0,"event_name":"Liars Game","floor":10,"gold_loss":0},{"damage_healed":0,"gold_gain":0,"player_choice":"Gave Potion","damage_taken":0,"relics_obtained":["Ginger"],"max_hp_gain":0,"max_hp_loss":0,"event_name":"WeMeetAgain","floor":14,"gold_loss":0},{"damage_healed":0,"gold_gain":100,"player_choice":"Pray","damage_taken":0,"max_hp_gain":0,"max_hp_loss":0,"event_name":"Golden Shrine","floor":19,"gold_loss":0},{"damage_healed":0,"gold_gain":0,"cards_transformed":["Strike_B"],"player_choice":"Transformed","damage_taken":0,"max_hp_gain":0,"max_hp_loss":0,"event_name":"Transmorgrifier","floor":22,"gold_loss":0,"cards_obtained":["Steam"]},{"damage_healed":72,"gold_gain":0,"player_choice":"Heal","damage_taken":0,"max_hp_gain":0,"max_hp_loss":10,"event_name":"The Moai Head","floor":38,"gold_loss":0},{"damage_healed":0,"gold_gain":0,"player_choice":"Fight","damage_taken":0,"max_hp_gain":0,"max_hp_loss":0,"event_name":"Mysterious Sphere","floor":41,"gold_loss":0},{"damage_healed":58,"gold_gain":0,"player_choice":"Heal","damage_taken":0,"max_hp_gain":0,"max_hp_loss":0,"event_name":"MindBloom","floor":42,"gold_loss":0,"cards_obtained":["Doubt"]},{"damage_healed":18,"gold_gain":0,"player_choice":"Writhe","damage_taken":0,"max_hp_gain":0,"max_hp_loss":0,"event_name":"Winding Halls","floor":45,"gold_loss":0,"cards_obtained":["Writhe"]}],"is_beta":false,"boss_relics":[{"not_picked":["FrozenCore","Cursed Key"],"picked":"Astrolabe"},{"not_picked":["Velvet Choker","Eternal Feather"],"picked":"White Beast Statue"}],"items_purged_floors":[4,27,46],"is_endless":false,"potions_floor_spawned":[1,2,16,18,25,35,36,37,39,41,44,48],"killed_by":"Shield and Spear","ascension_level":0}