{"gold_per_floor":[113,132,132,15,15,15,25,54,54,83,48,48,67,67,67,67],"floor_reached":16,"playtime":837,"items_purged":[],"score":108,"play_id":"fa981c7f-97b5-45cd-8a84-c1ce46c2dbe5","local_time":"20190216205000","is_ascension_mode":false,"campfire_choices":[{"data":"Well Laid Plans","floor":6,"key":"SMITH"},{"floor":15,"key":"REST"}],"neow_cost":"NONE","seed_source_timestamp":33987531038691,"circlet_count":0,"master_deck":["Defend_G","Defend_G","Defend_G","Defend_G","Defend_G","Strike_G","Strike_G","Strike_G","Strike_G","Strike_G","Survivor","Neutralize","Catalyst","Dagger Spray","Well Laid Plans+1","Catalyst","Distraction","Burst","Deflect"],"relics":["Ring of the Snake","NeowsBlessing","Pantograph","Paper Crane","Bronze Scales","Bottled Tornado"],"potions_floor_usage":[8,10,16],"damage_taken":[{"damage":0,"enemies":"2 Louse","floor":1,"turns":1},{"damage":0,"enemies":"Cultist","floor":2,"turns":1},{"damage":0,"enemies":"Small Slimes","floor":7,"turns":1},{"damage":45,"enemies":"3 Sentries","floor":8,"turns":18},{"damage":20,"enemies":"Gremlin Nob","floor":10,"turns":5},{"damage":0,"enemies":"2 Fungi Beasts","floor":13,"turns":4},{"damage":78,"enemies":"Hexaghost","floor":16,"turns":18}],"seed_played":"-9001392869661404380","potions_obtained":[{"floor":1,"key":"Energy Potion"},{"floor":3,"key":"SpeedPotion"},{"floor":3,"key":"Explosive Potion"},{"floor":13,"key":"Block Potion"}],"is_trial":false,"path_per_floor":["M","M","?","$","?","R","M","E","T","E","?","?","M","T","R","B"],"character_chosen":"THE_SILENT","items_purchased":["Well Laid Plans","Catalyst"],"campfire_rested":1,"item_purchase_floors":[4,4],"current_hp_per_floor":[70,70,70,70,75,75,75,30,30,10,28,28,28,28,50,0],"gold":67,"neow_bonus":"THREE_ENEMY_KILL","is_prod":false,"is_daily":false,"chose_seed":false,"campfire_upgraded":1,"win_rate":0,"timestamp":1550368200,"path_taken":["M","M","?","?","?","R","M","E","T","E","?","?","M","?","R","BOSS"],"build_version":"2019-01-23","purchased_purges":0,"victory":false,"max_hp_per_floor":[70,70,70,70,75,75,75,75,75,75,75,75,75,75,75,75],"card_choices":[{"not_picked":["All Out Attack","Flying Knee"],"picked":"Catalyst","floor":1},{"not_picked":["Underhanded Strike","Deflect"],"picked":"Dagger Spray","floor":2},{"not_picked":["Prepared","Choke"],"picked":"Distraction","floor":7},{"not_picked":["Cloak And Dagger","Storm of Steel"],"picked":"Burst","floor":8},{"not_picked":["Dodge and Roll","Distraction"],"picked":"Deflect","floor":10},{"not_picked":["Eviscerate","Poisoned Stab","Riddle With Holes"],"picked":"SKIP","floor":13}],"player_experience":77413,"relics_obtained":[{"floor":8,"key":"Pantograph"},{"floor":9,"key":"Paper Crane"},{"floor":10,"key":"Bronze Scales"},{"floor":14,"key":"Bottled Tornado"}],"event_choices":[{"damage_healed":0,"gold_gain":0,"player_choice":"Got Potions","damage_taken":0,"max_hp_gain":0,"max_hp_loss":0,"event_name":"Lab","floor":3,"gold_loss":0},{"damage_healed":0,"gold_gain":0,"player_choice":"Donut","damage_taken":0,"max_hp_gain":5,"max_hp_loss":0,"event_name":"Big Fish","floor":5,"gold_loss":0},{"damage_healed":18,"gold_gain":0,"player_choice":"Healed","damage_taken":0,"max_hp_gain":0,"max_hp_loss":0,"event_name":"The Cleric","floor":11,"gold_loss":35},{"damage_healed":0,"gold_gain":0,"player_choice":"Ignored","damage_taken":0,"max_hp_gain":0,"max_hp_loss":0,"event_name":"Shining Light","floor":12,"gold_loss":0}],"is_beta":false,"boss_relics":[],"items_purged_floors":[],"is_endless":false,"potions_floor_spawned":[1,7,13],"killed_by":"Hexaghost","ascension_level":0}