{"gold_per_floor":[112,112,112,112,126,126,164,185,185,185,204,204,228,261,261,387,387,412,412,430,7,28,28,48,48,48,89,89,123,144,180,180,301,301,324,68,89,114,132,173,17,17,43,43,69,69,108,30,30,30,30,30,30,61,61],"floor_reached":55,"playtime":1932,"items_purged":[],"score":1242,"play_id":"e814bf62-0884-4d4d-90d3-d6f5dea4f3b3","local_time":"20190201202221","is_ascension_mode":true,"campfire_choices":[{"data":"Armaments","floor":6.0,"key":"SMITH"},{"floor":10.0,"key":"DIG"},{"floor":12,"key":"DIG"},{"floor":15,"key":"DIG"},{"floor":23,"key":"DIG"},{"floor":25,"key":"DIG"},{"floor":28,"key":"DIG"},{"floor":32,"key":"REST"},{"floor":42,"key":"DIG"},{"floor":44,"key":"DIG"},{"floor":46,"key":"DIG"},{"floor":49,"key":"RECALL"},{"floor":52,"key":"DIG"}],"neow_cost":"TEN_PERCENT_HP_LOSS","seed_source_timestamp":327201079074039,"circlet_count":0,"master_deck":["Strike_R","Strike_R+1","Strike_R","Strike_R","Strike_R","Defend_R+1","Defend_R","Defend_R","Defend_R","Bash","Bludgeon","Metallicize","Armaments+1","Whirlwind","Shrug It Off","Feed","Cleave+1","Bash","Carnage","True Grit+1","Metallicize","Perfected Strike","Wild Strike","Havoc","Ghostly Armor","Metallicize+1","Wild Strike+1","Inflame","Evolve","Heavy Blade+1","Reaper+1","Rage","Inflame","Perfected Strike+1","Feel No Pain","Rage+1","Perfected Strike+1","Corruption","Perfected Strike+1","Corruption+1"],"special_seed":0,"relics":["Burning Blood","Shovel","Golden Idol","Happy Flower","Mercury Hourglass","Letter Opener","Red Skull","Bottled Lightning","Regal Pillow","Velvet Choker","Pen Nib","Lantern","Anchor","Dead Branch","Shuriken","Molten Egg 2","Bag of Preparation","Runic Pyramid","Whetstone","Bottled Flame","Potion Belt","Oddly Smooth Stone","PreservedInsect","Juzu Bracelet","Pantograph","Centennial Puzzle","Orichalcum","Dodecahedron","War Paint"],"potions_floor_usage":[16,27,29,31,31,55,55,55,55],"damage_taken":[{"damage":6.0,"enemies":"Small Slimes","floor":1.0,"turns":3.0},{"damage":2.0,"enemies":"2 Louse","floor":5.0,"turns":4.0},{"damage":26.0,"enemies":"Gremlin Nob","floor":7.0,"turns":4.0},{"damage":6.0,"enemies":"Cultist","floor":8.0,"turns":5.0},{"damage":2,"enemies":"Lots of Slimes","floor":11,"turns":2},{"damage":9,"enemies":"Red Slaver","floor":13,"turns":4},{"damage":10,"enemies":"3 Sentries","floor":14,"turns":3},{"damage":5,"enemies":"The Guardian","floor":16,"turns":11},{"damage":0,"enemies":"Chosen","floor":18,"turns":3},{"damage":11,"enemies":"Shell Parasite","floor":20,"turns":5},{"damage":16,"enemies":"Cultist and Chosen","floor":22,"turns":8},{"damage":20,"enemies":"Shelled Parasite and Fungi","floor":24,"turns":5},{"damage":3,"enemies":"Slavers","floor":27,"turns":5},{"damage":10,"enemies":"Book of Stabbing","floor":29,"turns":5},{"damage":0,"enemies":"Centurion and Healer","floor":30,"turns":5},{"damage":35,"enemies":"Slavers","floor":31,"turns":4},{"damage":44,"enemies":"Automaton","floor":33,"turns":7},{"damage":0,"enemies":"Orb Walker","floor":35,"turns":3},{"damage":0,"enemies":"3 Shapes","floor":37,"turns":3},{"damage":11,"enemies":"Sphere and 2 Shapes","floor":38,"turns":5},{"damage":15,"enemies":"Spire Growth","floor":39,"turns":3},{"damage":25,"enemies":"Reptomancer","floor":40,"turns":6},{"damage":17,"enemies":"Nemesis","floor":47,"turns":5},{"damage":16,"enemies":"Time Eater","floor":50,"turns":10},{"damage":25,"enemies":"Shield and Spear","floor":54,"turns":4},{"damage":152,"enemies":"The Heart","floor":55,"turns":8}],"seed_played":"9080137399429233328","potions_obtained":[{"floor":1.0,"key":"Strength Potion"},{"floor":13,"key":"EssenceOfSteel"},{"floor":16,"key":"Poison Potion"},{"floor":20,"key":"PowerPotion"},{"floor":24,"key":"AttackPotion"},{"floor":27,"key":"Weak Potion"},{"floor":33,"key":"Strength Potion"},{"floor":38,"key":"Regen Potion"},{"floor":47,"key":"Energy Potion"}],"is_trial":false,"path_per_floor":["M","?","?","?","M","R","E","M","T","R","M","R","M","E","R","B",null,"M","?","M","$","M","R","M","R","T","E","R","E","M","E","R","B",null,"M","$","M","M","M","E","$","R","T","R","T","R","E","?","R","B",null,"R","$","E","B"],"character_chosen":"IRONCLAD","items_purchased":["Pen Nib","Metallicize","Perfected Strike","Wild Strike","Havoc","Ghostly Armor","Whetstone","Ancient Potion","Rage","Perfected Strike+1","Corruption","SpeedPotion"],"campfire_rested":1,"item_purchase_floors":[21,21,21,21,21,21,36,36,36,41,41,41],"current_hp_per_floor":[72,39,39,44,48,48,28,28,28,28,32,32,29,25,25,26,61,67,67,62,62,55,55,41,41,41,47,47,46,52,23,62,24,67,77,77,87,93,84,94,94,94,94,94,94,94,86,86,86,103,103,103,103,84,0],"gold":61,"neow_bonus":"THREE_RARE_CARDS","is_prod":false,"is_daily":false,"chose_seed":false,"campfire_upgraded":1,"win_rate":0,"timestamp":1549063341,"path_taken":["M","?","?","?","M","R","E","M","T","R","M","R","M","E","R","BOSS","M","?","M","$","M","R","M","R","T","E","R","E","?","E","R","BOSS","M","?","M","M","?","E","$","R","T","R","?","R","E","?","R","BOSS","R","$","E","BOSS"],"build_version":"2018-11-15","purchased_purges":0,"victory":false,"max_hp_per_floor":[72,72,67,72,72,72,72,72,72,72,72,72,72,72,72,72,72,72,72,72,72,75,75,75,75,75,78,78,81,81,81,81,81,81,85,85,89,93,93,97,97,97,97,97,97,97,100,100,100,103,103,103,103,103,103],"card_choices":[{"not_picked":["Juggernaut","Exhume"],"picked":"Bludgeon","floor":0.0},{"not_picked":["Power Through","Body Slam"],"picked":"Metallicize","floor":1.0},{"not_picked":["Twin Strike","Clash"],"picked":"Armaments","floor":5.0},{"not_picked":["Iron Wave","Berserk"],"picked":"Whirlwind","floor":7.0},{"not_picked":["Intimidate","Body Slam"],"picked":"Shrug It Off","floor":8.0},{"not_picked":["Heavy Blade","Pommel Strike","Seeing Red"],"picked":"SKIP","floor":11},{"not_picked":["Bloodletting","Clothesline","Anger"],"picked":"SKIP","floor":13},{"not_picked":["Bloodletting","Clothesline","Anger"],"picked":"SKIP","floor":13},{"not_picked":["Warcry","Anger","Burning Pact"],"picked":"SKIP","floor":14},{"not_picked":["Dark Embrace","Brutality"],"picked":"Feed","floor":16},{"not_picked":["Havoc","Dual Wield+1"],"picked":"Cleave+1","floor":18},{"not_picked":["Clothesline","Clash"],"picked":"True Grit","floor":20},{"not_picked":["Warcry","Burning Pact+1","Hemokinesis"],"picked":"SKIP","floor":22},{"not_picked":["Headbutt+1","Sword Boomerang"],"picked":"Metallicize+1","floor":24},{"not_picked":["Carnage","Sword Boomerang"],"picked":"Wild Strike","floor":27},{"not_picked":["Spot Weakness","Combust"],"picked":"Inflame","floor":29},{"not_picked":["Anger+1","Demon Form"],"picked":"Evolve","floor":30},{"not_picked":["Sword Boomerang+1","Dropkick+1"],"picked":"Heavy Blade+1","floor":31},{"not_picked":["Fiend Fire+1","Brutality"],"picked":"Reaper+1","floor":33},{"not_picked":["Bloodletting","Headbutt+1","Clash+1"],"picked":"SKIP","floor":35},{"not_picked":["Sever Soul+1","Heavy Blade+1"],"picked":"Inflame","floor":37},{"not_picked":["Dual Wield","Havoc"],"picked":"Perfected Strike+1","floor":38},{"not_picked":["Sword Boomerang+1","Havoc+1"],"picked":"Feel No Pain","floor":39},{"not_picked":["Body Slam+1","Armaments"],"picked":"Rage+1","floor":40},{"not_picked":["Hemokinesis+1","Clothesline+1"],"picked":"Perfected Strike+1","floor":47},{"not_picked":["Clash+1","Armaments"],"picked":"Corruption+1","floor":54}],"player_experience":59383,"relics_obtained":[{"floor":7.0,"key":"Happy Flower"},{"floor":9.0,"key":"Mercury Hourglass"},{"floor":10.0,"key":"Letter Opener"},{"floor":12,"key":"Red Skull"},{"floor":14,"key":"Bottled Lightning"},{"floor":15,"key":"Regal Pillow"},{"floor":23,"key":"Lantern"},{"floor":25,"key":"Anchor"},{"floor":27,"key":"Dead Branch"},{"floor":28,"key":"Shuriken"},{"floor":29,"key":"Molten Egg 2"},{"floor":31,"key":"Bag of Preparation"},{"floor":40,"key":"Bottled Flame"},{"floor":42,"key":"Potion Belt"},{"floor":43,"key":"Oddly Smooth Stone"},{"floor":44,"key":"PreservedInsect"},{"floor":45,"key":"Juzu Bracelet"},{"floor":46,"key":"Pantograph"},{"floor":47,"key":"Centennial Puzzle"},{"floor":52,"key":"Dodecahedron"},{"floor":54,"key":"War Paint"}],"event_choices":[{"damage_healed":0.0,"max_hp_gain":0.0,"max_hp_loss":0.0,"gold_gain":0.0,"event_name":"Scrap Ooze","player_choice":"Success","floor":2.0,"gold_loss":0.0,"damage_taken":33.0,"relics_obtained":["Shovel"]},{"damage_healed":0.0,"max_hp_gain":0.0,"max_hp_loss":5.0,"gold_gain":0.0,"event_name":"Golden Idol","player_choice":"Lose Max HP","floor":3.0,"gold_loss":0.0,"damage_taken":0.0,"relics_obtained":["Golden Idol"]},{"damage_healed":0.0,"max_hp_gain":5.0,"max_hp_loss":0.0,"gold_gain":0.0,"event_name":"Big Fish","player_choice":"Donut","floor":4.0,"gold_loss":0.0,"damage_taken":0.0},{"damage_healed":0,"gold_gain":0,"player_choice":"2 cards matched","damage_taken":0,"max_hp_gain":0,"max_hp_loss":0,"event_name":"Match and Keep!","floor":19,"gold_loss":0,"cards_obtained":["Bash","Carnage"]},{"damage_healed":0,"gold_gain":0,"player_choice":"Paid Gold","damage_taken":0,"relics_obtained":["Orichalcum"],"max_hp_gain":0,"max_hp_loss":0,"event_name":"WeMeetAgain","floor":48,"gold_loss":78}],"is_beta":false,"boss_relics":[{"not_picked":["Empty Cage","Fusion Hammer"],"picked":"Velvet Choker"},{"not_picked":["Orrery","Astrolabe"],"picked":"Runic Pyramid"}],"items_purged_floors":[],"is_endless":false,"potions_floor_spawned":[1,13,16,20,24,27,33,38,39,47],"killed_by":"The Heart","ascension_level":8}