{"gold_per_floor":[116,41,41,92,106,133,133,161,161,188,202,220,220,255,255,356,356,367,466,71,88,105,105,133,133,133,151,181,181,181,216,216,312,312,326,426,276,134,150,185,210,236,236,271,271,300,329,0,0,0],"floor_reached":51,"playtime":1507,"items_purged":["Defend_R","Defend_R"],"score":1334,"play_id":"6a5330c9-1b22-4428-b5ca-4c2cbf4a8c91","local_time":"20190127123314","is_ascension_mode":true,"campfire_choices":[{"data":"Perfected Strike","floor":7.0,"key":"SMITH"},{"data":"Flex","floor":13.0,"key":"SMITH"},{"data":"1","floor":15.0,"key":"LIFT"},{"data":"2","floor":23.0,"key":"LIFT"},{"data":"3","floor":25.0,"key":"LIFT"},{"data":"Sword Boomerang","floor":29.0,"key":"SMITH"},{"data":"Sword Boomerang","floor":32.0,"key":"SMITH"},{"data":"Perfected Strike","floor":45.0,"key":"SMITH"},{"floor":49,"key":"REST"}],"neow_cost":"NONE","seed_source_timestamp":45597032670533,"circlet_count":0,"master_deck":["Strike_R","Strike_R","Strike_R","Strike_R","Strike_R","Defend_R","Bash","Perfected Strike+1","Flex+1","Twin Strike","Thunderclap","Shrug It Off","Sword Boomerang+1","Reaper","Sword Boomerang+1","Swift Strike","Headbutt+1","Whirlwind+1","Twin Strike","Wild Strike","Clash","Feed","Perfected Strike+1","Flash of Steel","Pommel Strike+1","Pommel Strike+1","Sword Boomerang+1"],"special_seed":0,"relics":["Burning Blood","NeowsBlessing","Centennial Puzzle","Mango","Magic Flower","Mercury Hourglass","Orichalcum","Girya","Cursed Key","Medical Kit","Singing Bowl","Calipers","Champion Belt","Runic Cube","WingedGreaves","Anchor","Bottled Flame","Self Forming Clay","Shuriken","Letter Opener","Nunchaku","Darkstone Periapt","Red Mask"],"potions_floor_usage":[50,50],"damage_taken":[{"damage":0.0,"enemies":"Small Slimes","floor":1.0,"turns":1.0},{"damage":0.0,"enemies":"Jaw Worm","floor":5.0,"turns":1.0},{"damage":0.0,"enemies":"Gremlin Nob","floor":6.0,"turns":1.0},{"damage":40.0,"enemies":"Lagavulin","floor":8.0,"turns":6.0},{"damage":0.0,"enemies":"Gremlin Nob","floor":10.0,"turns":2.0},{"damage":0.0,"enemies":"2 Louse","floor":11.0,"turns":1.0},{"damage":6.0,"enemies":"Exordium Wildlife","floor":12.0,"turns":3.0},{"damage":14.0,"enemies":"Lagavulin","floor":14.0,"turns":4.0},{"damage":38.0,"enemies":"Hexaghost","floor":16.0,"turns":6.0},{"damage":3.0,"enemies":"Spheric Guardian","floor":18.0,"turns":3.0},{"damage":17.0,"enemies":"2 Thieves","floor":21.0,"turns":2.0},{"damage":14.0,"enemies":"Shelled Parasite and Fungi","floor":22.0,"turns":2.0},{"damage":26.0,"enemies":"Book of Stabbing","floor":24.0,"turns":3.0},{"damage":0.0,"enemies":"3 Cultists","floor":27.0,"turns":3.0},{"damage":21.0,"enemies":"Slavers","floor":28.0,"turns":2.0},{"damage":8.0,"enemies":"Book of Stabbing","floor":31.0,"turns":2.0},{"damage":28.0,"enemies":"Automaton","floor":33.0,"turns":5.0},{"damage":5.0,"enemies":"3 Darklings","floor":35.0,"turns":2.0},{"damage":50.0,"enemies":"Mind Bloom Boss Battle","floor":36.0,"turns":5.0},{"damage":0.0,"enemies":"Orb Walker","floor":39.0,"turns":1.0},{"damage":37.0,"enemies":"Giant Head","floor":40.0,"turns":6.0},{"damage":44.0,"enemies":"Reptomancer","floor":41.0,"turns":4.0},{"damage":45.0,"enemies":"Nemesis","floor":42.0,"turns":4.0},{"damage":0.0,"enemies":"Reptomancer","floor":44.0,"turns":3.0},{"damage":38.0,"enemies":"Nemesis","floor":46.0,"turns":3.0},{"damage":25.0,"enemies":"Reptomancer","floor":47.0,"turns":3.0},{"damage":79,"enemies":"Awakened One","floor":50,"turns":6}],"seed_played":"-1811500154406876238","potions_obtained":[{"floor":1.0,"key":"GamblersBrew"},{"floor":5.0,"key":"Explosive Potion"},{"floor":11.0,"key":"Block Potion"},{"floor":12.0,"key":"Swift Potion"},{"floor":16.0,"key":"EssenceOfSteel"},{"floor":21.0,"key":"Regen Potion"},{"floor":27.0,"key":"Strength Potion"},{"floor":28.0,"key":"Explosive Potion"},{"floor":39.0,"key":"Regen Potion"},{"floor":46.0,"key":"BloodPotion"}],"is_trial":false,"path_per_floor":["M","$","?","T","M","E","R","E","T","E","M","M","R","E","R","B",null,"M","?","$","M","M","R","E","R","T","M","E","R","?","E","R","B",null,"M","?","$","$","M","E","E","E","T","E","R","E","E","?","R","B",null],"character_chosen":"IRONCLAD","items_purchased":["Swift Strike","Medical Kit","Anchor","Flash of Steel","PowerPotion"],"campfire_rested":1,"item_purchase_floors":[20,20,37,38,38],"current_hp_per_floor":[78,78,71,71,77,94,94,60,60,69,78,81,81,76,76,47,82,88,88,88,94,89,89,85,85,85,96,96,96,77,95,95,76,95,101,80,80,80,89,75,62,33,33,96,96,76,103,103,132,95],"gold":0,"neow_bonus":"THREE_ENEMY_KILL","is_prod":false,"is_daily":false,"chose_seed":false,"campfire_upgraded":5,"win_rate":0,"timestamp":1548603194,"path_taken":["M","$","?","?","M","E","R","E","T","E","M","M","R","E","R","BOSS","M","?","$","M","M","R","E","R","T","M","E","R","?","E","R","BOSS","M","?","?","$","M","E","E","E","T","E","R","E","E","?","R","BOSS"],"build_version":"2018-11-15","purchased_purges":2,"victory":true,"max_hp_per_floor":[80,80,80,80,80,94,94,94,94,94,94,94,94,94,94,94,94,94,94,94,94,94,94,94,94,94,96,96,96,101,101,101,101,101,103,106,106,106,106,109,114,119,119,124,124,129,132,132,132,135],"card_choices":[{"not_picked":["Bloodletting","Infernal Blade"],"picked":"Perfected Strike","floor":1.0},{"not_picked":["Clothesline","Evolve"],"picked":"Flex","floor":5.0},{"not_picked":["Infernal Blade","Headbutt","Inflame"],"picked":"SKIP","floor":6.0},{"not_picked":["Evolve","Blood for Blood"],"picked":"Twin Strike","floor":8.0},{"not_picked":["Fire Breathing","Hemokinesis","Clothesline"],"picked":"SKIP","floor":10.0},{"not_picked":["Uppercut","Heavy Blade"],"picked":"Thunderclap","floor":11.0},{"not_picked":["Berserk","Iron Wave"],"picked":"Shrug It Off","floor":12.0},{"not_picked":["Headbutt","Evolve"],"picked":"Sword Boomerang","floor":14.0},{"not_picked":["Demon Form","Bludgeon"],"picked":"Reaper","floor":16.0},{"not_picked":["Clothesline+1","Metallicize"],"picked":"Sword Boomerang","floor":18.0},{"not_picked":["Bloodletting","Cleave"],"picked":"Headbutt+1","floor":21.0},{"not_picked":["Sword Boomerang","Armaments"],"picked":"Whirlwind+1","floor":22.0},{"not_picked":["Seeing Red","Blood for Blood"],"picked":"Twin Strike","floor":24.0},{"not_picked":["Havoc+1","Searing Blow+1","Demon Form"],"picked":"Singing Bowl","floor":27.0},{"not_picked":["Havoc","Rupture"],"picked":"Wild Strike","floor":28.0},{"not_picked":["Rampage","Infernal Blade"],"picked":"Clash","floor":31.0},{"not_picked":["Reaper","Fiend Fire"],"picked":"Feed","floor":33.0},{"not_picked":["Disarm+1","Fire Breathing+1","Second Wind"],"picked":"Singing Bowl","floor":35.0},{"not_picked":["Anger","Twin Strike+1"],"picked":"Perfected Strike","floor":36.0},{"not_picked":["Rupture+1","Shrug It Off+1"],"picked":"Pommel Strike+1","floor":39.0},{"not_picked":["Shrug It Off","Iron Wave+1"],"picked":"Pommel Strike+1","floor":40.0},{"not_picked":["Barricade","True Grit","Shockwave+1"],"picked":"Singing Bowl","floor":41.0},{"not_picked":["Sever Soul+1","Iron Wave","Heavy Blade"],"picked":"Singing Bowl","floor":42.0},{"not_picked":["Rampage","Iron Wave+1","Cleave"],"picked":"Singing Bowl","floor":44.0},{"not_picked":["Thunderclap+1","Headbutt+1","Rampage"],"picked":"Singing Bowl","floor":46.0},{"not_picked":["Second Wind+1","Impervious"],"picked":"Sword Boomerang+1","floor":47.0}],"player_experience":41484,"relics_obtained":[{"floor":4.0,"key":"Centennial Puzzle"},{"floor":6.0,"key":"Mango"},{"floor":8.0,"key":"Magic Flower"},{"floor":9.0,"key":"Mercury Hourglass"},{"floor":10.0,"key":"Orichalcum"},{"floor":14.0,"key":"Girya"},{"floor":24.0,"key":"Singing Bowl"},{"floor":28.0,"key":"Calipers"},{"floor":31.0,"key":"Champion Belt"},{"floor":36.0,"key":"WingedGreaves"},{"floor":40.0,"key":"Bottled Flame"},{"floor":41.0,"key":"Self Forming Clay"},{"floor":42.0,"key":"Shuriken"},{"floor":44.0,"key":"Letter Opener"},{"floor":46.0,"key":"Nunchaku"},{"floor":47.0,"key":"Darkstone Periapt"}],"event_choices":[{"cards_removed":["Defend_R"],"damage_healed":0.0,"max_hp_gain":0.0,"max_hp_loss":0.0,"gold_gain":0.0,"event_name":"Golden Wing","player_choice":"Card Removal","floor":3.0,"gold_loss":0.0,"damage_taken":7.0},{"damage_healed":0.0,"max_hp_gain":0.0,"max_hp_loss":0.0,"gold_gain":99.0,"event_name":"Nest","player_choice":"Stole From Cult","floor":19.0,"gold_loss":0.0,"damage_taken":0.0},{"damage_healed":0.0,"max_hp_gain":5.0,"max_hp_loss":0.0,"gold_gain":0.0,"event_name":"Forgotten Altar","player_choice":"Shed Blood","floor":30.0,"gold_loss":0.0,"damage_taken":24.0},{"damage_healed":0.0,"max_hp_gain":0.0,"max_hp_loss":0.0,"gold_gain":0.0,"event_name":"MindBloom","player_choice":"Fight","floor":36.0,"gold_loss":0.0,"damage_taken":0.0},{"damage_healed":0,"gold_gain":0,"player_choice":"Paid","damage_taken":0,"relics_obtained":["Red Mask"],"max_hp_gain":0,"max_hp_loss":0,"event_name":"Tomb of Lord Red Mask","floor":48,"gold_loss":329}],"is_beta":false,"boss_relics":[{"not_picked":["Fusion Hammer","White Beast Statue"],"picked":"Cursed Key"},{"not_picked":["Empty Cage","Busted Crown"],"picked":"Runic Cube"}],"items_purged_floors":[2,20],"is_endless":false,"potions_floor_spawned":[1,5,11,12,16,21,22,27,28,36,39,40,44,46],"ascension_level":6}