{"gold_per_floor":[115,125,87,107,107,137,137,154,154,154,185,195,226,226,226,331,331,342,359,359,376,393,393,425,452,491,503,532,7,7,17,17,120,120,140,140,140,40,92,92,112,147,194,47,0,0,26,80,80,105],"floor_reached":50,"playtime":2277,"items_purged":["Strike_R","Strike_R","Strike_R"],"score":816,"play_id":"50f0088e-adc7-4d78-9171-4570ec2dbe68","local_time":"20190217174919","is_ascension_mode":true,"campfire_choices":[{"data":"Uppercut","floor":7.0,"key":"SMITH"},{"data":"Havoc","floor":10.0,"key":"SMITH"},{"data":"Double Tap","floor":15,"key":"SMITH"},{"data":"Demon Form","floor":23,"key":"SMITH"},{"floor":27,"key":"REST"},{"data":"True Grit","floor":30,"key":"SMITH"},{"data":"True Grit","floor":32,"key":"SMITH"},{"data":"Heavy Blade","floor":40,"key":"SMITH"},{"data":"Uppercut","floor":46,"key":"SMITH"},{"data":"Juggernaut","floor":49,"key":"SMITH"}],"neow_cost":"NONE","seed_source_timestamp":0,"circlet_count":0,"master_deck":["Strike_R","Defend_R","Defend_R","Defend_R","Defend_R","Bash","Havoc+1","Uppercut+1","Whirlwind","Twin Strike","Twin Strike","Double Tap+1","Shrug It Off","Flame Barrier","Demon Form+1","Shrug It Off+1","Heavy Blade+1","Juggernaut+1","Sword Boomerang","Carnage","True Grit+1","Mayhem","True Grit+1","Headbutt+1","Offering","Armaments+1","HandOfGreed","Twin Strike+1","Uppercut+1","Headbutt+1","Headbutt"],"special_seed":0,"relics":["Burning Blood","NeowsBlessing","Singing Bowl","Magic Flower","Thread and Needle","WingedGreaves","Snecko Eye","Nloth\u0027s Gift","MawBank","Pen Nib","Mummified Hand","Sozu","Darkstone Periapt","Du-Vu Doll","Strawberry","Red Mask","Anchor","Boot"],"potions_floor_usage":[16,16,25,33,50],"damage_taken":[{"damage":0.0,"enemies":"Cultist","floor":1.0,"turns":1.0},{"damage":0.0,"enemies":"2 Louse","floor":2.0,"turns":1.0},{"damage":0.0,"enemies":"Small Slimes","floor":4.0,"turns":1.0},{"damage":31.0,"enemies":"Gremlin Nob","floor":6.0,"turns":4.0},{"damage":16.0,"enemies":"Red Slaver","floor":8.0,"turns":3.0},{"damage":30.0,"enemies":"Lagavulin","floor":11.0,"turns":4.0},{"damage":8.0,"enemies":"Exordium Wildlife","floor":12.0,"turns":3.0},{"damage":23.0,"enemies":"Gremlin Nob","floor":13.0,"turns":4.0},{"damage":4,"enemies":"Hexaghost","floor":16,"turns":11},{"damage":38,"enemies":"2 Thieves","floor":18,"turns":5},{"damage":8,"enemies":"Chosen","floor":19,"turns":4},{"damage":0,"enemies":"Centurion and Healer","floor":21,"turns":4},{"damage":0,"enemies":"Chosen and Byrds","floor":22,"turns":4},{"damage":49,"enemies":"Slavers","floor":24,"turns":5},{"damage":34,"enemies":"Snake Plant","floor":25,"turns":5},{"damage":21,"enemies":"Centurion and Healer","floor":28,"turns":4},{"damage":1,"enemies":"3 Cultists","floor":31,"turns":4},{"damage":8,"enemies":"Champ","floor":33,"turns":6},{"damage":32,"enemies":"3 Shapes","floor":35,"turns":4},{"damage":32,"enemies":"2 Orb Walkers","floor":39,"turns":3},{"damage":0,"enemies":"Orb Walker","floor":41,"turns":3},{"damage":6,"enemies":"Nemesis","floor":42,"turns":5},{"damage":6,"enemies":"Reptomancer","floor":47,"turns":5},{"damage":50,"enemies":"Awakened One","floor":50,"turns":6}],"seed_played":"-1959015744012697299","potions_obtained":[{"floor":1.0,"key":"BloodPotion"},{"floor":6.0,"key":"LiquidBronze"},{"floor":11.0,"key":"EssenceOfSteel"},{"floor":12.0,"key":"SkillPotion"},{"floor":18,"key":"FairyPotion"},{"floor":24,"key":"Block Potion"},{"floor":28,"key":"SkillPotion"}],"is_trial":false,"path_per_floor":["M","M","$","M","?","E","R","M","T","R","E","M","E","?","R","B",null,"M","M","?","M","M","R","E","M","T","R","M","$","R","M","R","B",null,"M","T","?","$","?","R","M","E","T","$","?","R","E","T","R","B"],"character_chosen":"IRONCLAD","items_purchased":["Whirlwind","Mayhem","Mummified Hand","True Grit","Headbutt"],"campfire_rested":1,"item_purchase_floors":[3,29,29,29,44],"current_hp_per_floor":[78,80,80,80,80,57,57,47,47,47,38,39,25,25,25,30,69,40,41,41,52,61,61,21,13,13,38,26,26,26,34,34,35,72,49,49,49,49,26,26,35,38,45,45,45,45,50,50,50,0],"gold":105,"neow_bonus":"THREE_ENEMY_KILL","is_prod":false,"is_daily":false,"chose_seed":false,"campfire_upgraded":9,"win_rate":0,"timestamp":1550454559,"path_taken":["M","M","?","M","?","E","R","?","T","R","E","M","E","?","R","BOSS","M","?","?","M","M","R","E","M","T","R","M","$","R","M","R","BOSS","M","?","?","$","?","R","M","E","T","$","?","R","E","?","R","BOSS"],"build_version":"2019-01-23","purchased_purges":3,"victory":false,"max_hp_per_floor":[80,80,80,80,80,82,82,82,82,82,82,82,82,82,82,82,82,82,82,82,84,84,84,84,84,84,84,84,84,84,84,84,84,84,84,84,84,84,84,84,84,84,91,91,91,91,93,93,93,93],"card_choices":[{"not_picked":["Hemokinesis","Sever Soul"],"picked":"Havoc","floor":1.0},{"not_picked":["Warcry","Reckless Charge"],"picked":"Uppercut","floor":2.0},{"not_picked":["True Grit","Havoc"],"picked":"Twin Strike","floor":4.0},{"not_picked":["True Grit","Battle Trance","Intimidate"],"picked":"Singing Bowl","floor":6.0},{"not_picked":["Anger","True Grit"],"picked":"Twin Strike","floor":8.0},{"not_picked":["Infernal Blade","Uppercut"],"picked":"Double Tap","floor":11.0},{"not_picked":["Metallicize","Perfected Strike"],"picked":"Shrug It Off","floor":12.0},{"not_picked":["Shrug It Off","Battle Trance"],"picked":"Flame Barrier","floor":13.0},{"not_picked":["Fiend Fire","Berserk"],"picked":"Demon Form","floor":16},{"not_picked":["Iron Wave+1","Disarm+1"],"picked":"Shrug It Off+1","floor":18},{"not_picked":["Carnage+1","Havoc"],"picked":"Heavy Blade","floor":19},{"not_picked":["Burning Pact","Iron Wave","Havoc"],"picked":"Singing Bowl","floor":21},{"not_picked":["Armaments","Rage+1"],"picked":"Juggernaut","floor":22},{"not_picked":["Limit Break","Blood for Blood"],"picked":"Sword Boomerang","floor":24},{"not_picked":["Double Tap","Body Slam"],"picked":"Carnage","floor":25},{"not_picked":["Rampage","Body Slam+1"],"picked":"True Grit","floor":28},{"not_picked":["Havoc+1","Berserk"],"picked":"Headbutt+1","floor":31},{"not_picked":["Berserk","Exhume"],"picked":"Offering","floor":33},{"not_picked":["Body Slam+1","Thunderclap+1"],"picked":"Armaments+1","floor":35},{"not_picked":["Flash of Steel","Violence"],"picked":"HandOfGreed","floor":37},{"not_picked":["Clash+1","Dropkick"],"picked":"Twin Strike+1","floor":39},{"not_picked":["Havoc+1","Disarm"],"picked":"Uppercut","floor":41},{"not_picked":["Flex+1","Sentinel"],"picked":"Headbutt+1","floor":42},{"not_picked":["Clash","Armaments","Cleave"],"picked":"Singing Bowl","floor":47}],"player_experience":324565,"relics_obtained":[{"floor":6.0,"key":"Singing Bowl"},{"floor":9.0,"key":"Magic Flower"},{"floor":11.0,"key":"Thread and Needle"},{"floor":13.0,"key":"WingedGreaves"},{"floor":24,"key":"MawBank"},{"floor":26,"key":"Pen Nib"},{"floor":36,"key":"Darkstone Periapt"},{"floor":39,"key":"Du-Vu Doll"},{"floor":43,"key":"Strawberry"},{"floor":47,"key":"Anchor"},{"floor":48,"key":"Boot"}],"event_choices":[{"cards_removed":["Strike_R"],"damage_healed":0.0,"max_hp_gain":0.0,"max_hp_loss":0.0,"gold_gain":0.0,"event_name":"Purifier","player_choice":"Purged","floor":5.0,"gold_loss":0.0,"damage_taken":0.0},{"damage_healed":0.0,"max_hp_gain":0.0,"max_hp_loss":0.0,"gold_gain":0.0,"event_name":"FaceTrader","player_choice":"Trade","floor":14.0,"gold_loss":0.0,"damage_taken":0.0,"relics_obtained":["GremlinMask"]},{"damage_healed":0,"gold_gain":0,"player_choice":"Traded Relic","damage_taken":0,"relics_obtained":["Nloth\u0027s Gift"],"max_hp_gain":0,"max_hp_loss":0,"event_name":"N\u0027loth","floor":20,"relics_lost":["GremlinMask"],"gold_loss":0},{"damage_healed":0,"gold_gain":0,"player_choice":"Memory 1","damage_taken":0,"max_hp_gain":0,"max_hp_loss":0,"event_name":"SensoryStone","floor":37,"gold_loss":0},{"damage_healed":0,"gold_gain":0,"player_choice":"Fight","damage_taken":0,"max_hp_gain":0,"max_hp_loss":0,"event_name":"Mysterious Sphere","floor":39,"gold_loss":0},{"damage_healed":0,"gold_gain":0,"player_choice":"Paid","damage_taken":0,"relics_obtained":["Red Mask"],"max_hp_gain":0,"max_hp_loss":0,"event_name":"Tomb of Lord Red Mask","floor":45,"gold_loss":47}],"is_beta":false,"boss_relics":[{"not_picked":["Mark of Pain","Velvet Choker"],"picked":"Snecko Eye"},{"not_picked":["Runic Dome","Astrolabe"],"picked":"Sozu"}],"items_purged_floors":[29,38,44],"is_endless":false,"potions_floor_spawned":[1,6,11,12,18,24,28,35,42],"killed_by":"Awakened One","ascension_level":9}