{"gold_per_floor":[114,126,126,137,184,211,102,102,181,181,193,210,210,225,225,329,329,341,266,286,386,405,405,281,291,315,11,11],"floor_reached":28,"playtime":993,"items_purged":["Strike_B","Strike_B"],"score":270,"play_id":"89a879aa-425b-4b9c-9799-20bd4014a387","local_time":"20190216120843","is_ascension_mode":false,"campfire_choices":[{"data":"Hello World","floor":8,"key":"SMITH"},{"data":"Storm","floor":10,"key":"SMITH"},{"floor":13,"key":"REST"},{"data":"Sunder","floor":15,"key":"SMITH"},{"floor":23,"key":"REST"}],"neow_cost":"NONE","seed_source_timestamp":2553037820270,"circlet_count":0,"master_deck":["Strike_B","Defend_B","Defend_B","Defend_B","Zap","Dualcast","Storm+1","Melter","Sunder+1","Loop","White Noise","Hello World+1","FTL","Ball Lightning","Reinforced Body","Electrodynamics","Ball Lightning","Static Discharge+1","Steam","Hologram"],"relics":["Cracked Core","NeowsBlessing","Regal Pillow","Potion Belt","Letter Opener","Runic Capacitor"],"potions_floor_usage":[],"damage_taken":[{"damage":0,"enemies":"Cultist","floor":1,"turns":1},{"damage":0,"enemies":"Jaw Worm","floor":2,"turns":1},{"damage":0,"enemies":"Small Slimes","floor":4,"turns":1},{"damage":24,"enemies":"Gremlin Nob","floor":6,"turns":4},{"damage":8,"enemies":"Red Slaver","floor":11,"turns":3},{"damage":10,"enemies":"Exordium Thugs","floor":12,"turns":3},{"damage":7,"enemies":"3 Louse","floor":14,"turns":3},{"damage":0,"enemies":"Slime Boss","floor":16,"turns":6},{"damage":40,"enemies":"2 Thieves","floor":18,"turns":3},{"damage":10,"enemies":"3 Byrds","floor":20,"turns":3},{"damage":8,"enemies":"Snake Plant","floor":22,"turns":3},{"damage":41,"enemies":"Shelled Parasite and Fungi","floor":25,"turns":5},{"damage":14,"enemies":"Cultist and Chosen","floor":28,"turns":4}],"seed_played":"5592196206044039475","potions_obtained":[{"floor":4,"key":"Dexterity Potion"},{"floor":6,"key":"SneckoOil"},{"floor":11,"key":"Energy Potion"},{"floor":18,"key":"Explosive Potion"},{"floor":22,"key":"Energy Potion"}],"is_trial":false,"path_per_floor":["M","M","?","M","T","E","$","R","T","R","M","M","R","M","R","B",null,"M","?","M","?","M","R","$","M","T","$","M"],"character_chosen":"DEFECT","items_purchased":["Hello World","FTL","Steam","Runic Capacitor"],"campfire_rested":2,"item_purchase_floors":[7,7,24,27],"current_hp_per_floor":[75,75,75,75,75,51,51,51,51,51,43,33,70,63,63,63,75,35,35,25,25,17,54,54,13,13,13,0],"gold":11,"neow_bonus":"THREE_ENEMY_KILL","is_prod":false,"is_daily":false,"chose_seed":false,"campfire_upgraded":3,"win_rate":0,"timestamp":1550336923,"path_taken":["M","M","?","M","?","E","$","R","T","R","M","M","R","?","R","BOSS","M","?","M","?","?","R","$","M","T","?","M"],"build_version":"2019-01-23","purchased_purges":2,"victory":false,"max_hp_per_floor":[75,75,75,75,75,75,75,75,75,75,75,75,75,75,75,75,75,75,75,75,75,75,75,75,75,75,75,75],"card_choices":[{"not_picked":["Gash","Sweeping Beam"],"picked":"Storm","floor":1},{"not_picked":["Turbo","Chaos"],"picked":"Melter","floor":2},{"not_picked":["Streamline","Leap"],"picked":"Loop","floor":4},{"not_picked":["Stack","Skim"],"picked":"White Noise","floor":6},{"not_picked":["Rebound","Hello World"],"picked":"Ball Lightning","floor":11},{"not_picked":["Turbo","Doom and Gloom","BootSequence"],"picked":"SKIP","floor":12},{"not_picked":["Leap","Doom and Gloom"],"picked":"Reinforced Body","floor":14},{"not_picked":["Buffer","Fission"],"picked":"Electrodynamics","floor":16},{"not_picked":["Barrage","FTL"],"picked":"Ball Lightning","floor":18},{"not_picked":["Double Energy","Ball Lightning"],"picked":"Static Discharge+1","floor":20},{"not_picked":["Genetic Algorithm","Coolheaded","Rip and Tear"],"picked":"SKIP","floor":22},{"not_picked":["Cold Snap","Sunder"],"picked":"Hologram","floor":25}],"player_experience":65408,"relics_obtained":[{"floor":5,"key":"Regal Pillow"},{"floor":6,"key":"Potion Belt"},{"floor":9,"key":"Letter Opener"}],"event_choices":[{"damage_healed":0,"gold_gain":0,"cards_transformed":["Strike_B"],"player_choice":"Change","damage_taken":0,"max_hp_gain":0,"max_hp_loss":0,"event_name":"Living Wall","floor":3,"gold_loss":0,"cards_obtained":["Sunder"]},{"cards_removed":["Defend_B"],"damage_healed":0,"gold_gain":0,"player_choice":"Gave Gold","damage_taken":0,"max_hp_gain":0,"max_hp_loss":0,"event_name":"Beggar","floor":19,"gold_loss":75},{"damage_healed":0,"gold_gain":100,"player_choice":"Pray","damage_taken":0,"max_hp_gain":0,"max_hp_loss":0,"event_name":"Golden Shrine","floor":21,"gold_loss":0}],"is_beta":false,"boss_relics":[{"not_picked":["FrozenCore","Runic Dome","Coffee Dripper"]}],"items_purged_floors":[24,27],"is_endless":false,"potions_floor_spawned":[4,6,11,18,22],"killed_by":"Cultist and Chosen","ascension_level":0}