{"gold_per_floor":[110,120,120,120,145,145,179,198,248,261,286,286,4,18,18,143,143,161,161,161,161,18,18,117,150,150,186,186,200,14,35,35,154,154,177,99,119,119,133,133,466,486,511,145,145,160,160,177,177,177],"floor_reached":51,"playtime":2110,"items_purged":[],"score":869,"play_id":"b83baf6f-b805-4b11-8d7a-5afd044dcbbd","local_time":"20180730103938","is_ascension_mode":true,"campfire_choices":[{"data":"Whirlwind","floor":6.0,"key":"SMITH"},{"data":"Shockwave","floor":12.0,"key":"SMITH"},{"data":"Cleave","floor":15.0,"key":"SMITH"},{"data":"Armaments","floor":23.0,"key":"SMITH"},{"data":"Limit Break","floor":32,"key":"SMITH"},{"data":"Demon Form","floor":40,"key":"SMITH"},{"data":"Flex","floor":45,"key":"SMITH"},{"floor":47,"key":"REST"},{"data":"Inflame","floor":49,"key":"SMITH"}],"neow_cost":"NONE","seed_source_timestamp":134066007628478,"circlet_count":0,"master_deck":["Strike_R+1","Strike_R+1","Strike_R+1","Strike_R+1","Strike_R+1","Defend_R+1","Defend_R+1","Defend_R+1","Defend_R+1","Bash","Pommel Strike","Whirlwind+1","Cleave+1","Shockwave+1","Infernal Blade+1","Armaments+1","Flex+1","Ghostly Armor","Reaper","Carnage","Limit Break+1","Rupture+1","Bloodletting+1","Bloodletting","Inflame+1","Clothesline","Demon Form+1","Seeing Red+1"],"special_seed":0,"relics":["Burning Blood","Shuriken","War Paint","Medical Kit","Mark of Pain","Bag of Marbles","Self Forming Clay","Oddly Smooth Stone","Boot","The Courier","Red Skull","Calipers","Happy Flower","Busted Crown","Art of War","Vajra","Mummified Hand"],"potions_floor_usage":[50,50],"damage_taken":[{"damage":12.0,"enemies":"Jaw Worm","floor":1.0,"turns":2.0},{"damage":7.0,"enemies":"2 Louse","floor":2.0,"turns":3.0},{"damage":6.0,"enemies":"Cultist","floor":5.0,"turns":3.0},{"damage":18.0,"enemies":"3 Sentries","floor":7.0,"turns":3.0},{"damage":0.0,"enemies":"3 Louse","floor":8.0,"turns":1.0},{"damage":4.0,"enemies":"2 Fungi Beasts","floor":10.0,"turns":2.0},{"damage":7.0,"enemies":"Exordium Wildlife","floor":11.0,"turns":2.0},{"damage":6.0,"enemies":"Exordium Thugs","floor":14.0,"turns":3.0},{"damage":12.0,"enemies":"Slime Boss","floor":16.0,"turns":9.0},{"damage":9.0,"enemies":"2 Thieves","floor":18.0,"turns":4.0},{"damage":0.0,"enemies":"Slavers","floor":25.0,"turns":1.0},{"damage":10.0,"enemies":"Gremlin Leader","floor":27.0,"turns":6.0},{"damage":15.0,"enemies":"Chosen","floor":29.0,"turns":3.0},{"damage":9,"enemies":"Centurion and Healer","floor":31,"turns":3},{"damage":18,"enemies":"Collector","floor":33,"turns":6},{"damage":11,"enemies":"3 Shapes","floor":35,"turns":3},{"damage":34,"enemies":"3 Darklings","floor":37,"turns":5},{"damage":10,"enemies":"Sphere and 2 Shapes","floor":39,"turns":4},{"damage":32,"enemies":"4 Shapes","floor":42,"turns":3},{"damage":25,"enemies":"Flame Bruiser 2 Orb","floor":46,"turns":5},{"damage":0,"enemies":"Sphere and 2 Shapes","floor":48,"turns":1},{"damage":85,"enemies":"Time Eater","floor":50,"turns":8}],"seed_played":"6247886225042662885","potions_obtained":[{"floor":1.0,"key":"Poison Potion"},{"floor":8.0,"key":"Strength Potion"},{"floor":10.0,"key":"LiquidBronze"},{"floor":18.0,"key":"FearPotion"},{"floor":33,"key":"FearPotion"}],"is_trial":false,"path_per_floor":["M","M","?","?","M","R","E","M","T","M","M","R","$","M","R","B",null,"M","?","?","T","$","R","?","E","T","E","T","M","$","M","R","B",null,"M","$","M","$","M","R","?","M","T","$","R","M","R","M","R","B"],"character_chosen":"IRONCLAD","items_purchased":["Medical Kit","Reaper","Oddly Smooth Stone","Inflame","Happy Flower","SmokeBomb","Vajra","Mummified Hand"],"campfire_rested":1,"item_purchase_floors":[13,13,22,30,30,36,44,44],"current_hp_per_floor":[74,73,73,73,73,73,61,67,67,74,73,73,73,73,73,67,74,71,71,71,71,71,71,71,74,74,74,74,65,65,69,69,74,74,69,69,41,41,70,70,70,67,67,67,67,55,74,74,74,16],"gold":177,"neow_bonus":"THREE_CARDS","is_prod":false,"is_daily":false,"chose_seed":false,"campfire_upgraded":8,"win_rate":0,"timestamp":1532936378,"path_taken":["M","M","?","?","?","R","E","M","T","M","M","R","$","M","R","BOSS","M","?","?","?","$","R","?","E","T","E","?","M","$","M","R","BOSS","M","?","M","$","M","R","?","?","T","$","R","M","R","M","R","BOSS"],"build_version":"2018-07-26","purchased_purges":0,"victory":true,"max_hp_per_floor":[80,80,74,74,74,74,74,74,74,74,74,74,74,74,74,74,74,74,74,74,74,74,74,74,74,74,74,74,74,74,74,74,74,74,74,74,74,74,74,74,74,74,74,74,74,74,74,74,74,74],"card_choices":[{"not_picked":["Battle Trance","Iron Wave"],"picked":"Pommel Strike","floor":0.0},{"not_picked":["Carnage","Headbutt"],"picked":"Whirlwind","floor":1.0},{"not_picked":["Iron Wave","Perfected Strike"],"picked":"Cleave","floor":2.0},{"not_picked":["Thunderclap","Clash"],"picked":"Shockwave","floor":5.0},{"not_picked":["Sword Boomerang","True Grit"],"picked":"Infernal Blade","floor":7.0},{"not_picked":["Twin Strike","Havoc"],"picked":"Armaments","floor":8.0},{"not_picked":["Twin Strike","Wild Strike"],"picked":"Flex","floor":10.0},{"not_picked":["Thunderclap","Cleave"],"picked":"Ghostly Armor","floor":11.0},{"not_picked":["Clash","Havoc"],"picked":"Carnage","floor":14.0},{"not_picked":["Berserk","Impervious"],"picked":"Limit Break","floor":16.0},{"not_picked":["Bloodletting","Armaments","Thunderclap"],"picked":"SKIP","floor":18.0},{"not_picked":["Infernal Blade","Entrench+1"],"picked":"Rupture+1","floor":25.0},{"not_picked":["Rupture","Fiend Fire"],"picked":"Bloodletting+1","floor":27.0},{"not_picked":["Cleave+1","Sword Boomerang"],"picked":"Bloodletting","floor":29.0},{"not_picked":["Havoc+1","Shrug It Off"],"picked":"Clothesline","floor":31},{"not_picked":["Immolate","Berserk"],"picked":"Demon Form","floor":33},{"not_picked":["Bloodletting+1"],"picked":"SKIP","floor":35},{"not_picked":["Perfected Strike"],"picked":"SKIP","floor":37},{"not_picked":["Clothesline+1"],"picked":"SKIP","floor":39},{"not_picked":[],"picked":"Seeing Red+1","floor":42},{"not_picked":["Seeing Red"],"picked":"SKIP","floor":46},{"not_picked":["Sword Boomerang+1"],"picked":"SKIP","floor":48}],"player_experience":153374,"relics_obtained":[{"floor":7.0,"key":"Shuriken"},{"floor":9.0,"key":"War Paint"},{"floor":21.0,"key":"Self Forming Clay"},{"floor":25.0,"key":"Boot"},{"floor":26.0,"key":"The Courier"},{"floor":27.0,"key":"Red Skull"},{"floor":28.0,"key":"Calipers"},{"floor":43,"key":"Art of War"}],"event_choices":[{"event_name":"Golden Idol","player_choice":"Lose Max HP","floor":3.0,"damage_taken":0.0},{"event_name":"Shining Light","player_choice":"Ignored","floor":4.0,"damage_taken":0.0},{"event_name":"Accursed Blacksmith","player_choice":"Rummage","floor":19.0,"damage_taken":0.0},{"event_name":"Back to Basics","player_choice":"Simplicity","floor":20.0,"damage_taken":0.0},{"event_name":"Nest","player_choice":"Stole From Cult","floor":24.0,"damage_taken":0.0},{"event_name":"The Moai Head","player_choice":"Gave Idol","floor":41,"damage_taken":0}],"is_beta":false,"boss_relics":[{"not_picked":["Eternal Feather","Fusion Hammer"],"picked":"Mark of Pain"},{"not_picked":["Pandora\u0027s Box","Coffee Dripper"],"picked":"Busted Crown"}],"items_purged_floors":[],"is_endless":false,"potions_floor_spawned":[1,8,10,18,33,35,39,46],"ascension_level":4}