{"path_per_floor":["M","?","M","$","M","M","$","?","T","M","$","R","M","E","R","B",null,"M","M","M","?","?","R","M","?","T","R","M","M","R","?","R","B",null,"M","?","M","M","$","R","E","M","T","?","M","R","$","M","R"],"character_chosen":"IRONCLAD","items_purchased":["Perfected Strike","Pen Nib","Enlightenment","Warcry"],"gold_per_floor":[115,115,134,59,70,89,89,89,89,107,58,58,72,100,100,200,200,213,225,240,165,165,165,183,183,234,234,253,269,269,269,269,373,373,383,383,395,412,312,312,347,367,397,397,411,411,28,40,40,40],"floor_reached":50,"campfire_rested":0,"playtime":3258,"item_purchase_floors":[],"current_hp_per_floor":[77,61,55,55,61,58,58,51,51,55,55,55,61,55,55,21,80,80,73,63,63,63,63,64,64,64,64,46,48,48,33,33,17,85,85,75,72,73,73,73,40,35,35,74,68,68,68,64,64,0],"items_purged":["Defend_R","Secret Technique"],"gold":40,"score":574,"play_id":"b403b0b4-077f-4775-8647-1bc57f9efe46","local_time":"20180617024811","is_prod":false,"is_daily":false,"chose_seed":false,"is_ascension_mode":true,"campfire_upgraded":9,"win_rate":0,"timestamp":1529221691,"campfire_choices":[{"data":"Perfected Strike","floor":12.0,"key":"SMITH"},{"data":"Berserk","floor":15.0,"key":"SMITH"},{"data":"Rupture","floor":23,"key":"SMITH"},{"data":"Perfected Strike","floor":27,"key":"SMITH"},{"data":"Perfected Strike","floor":30,"key":"SMITH"},{"data":"Bash","floor":32,"key":"SMITH"},{"data":"Perfected Strike","floor":40,"key":"SMITH"},{"data":"Secret Weapon","floor":46,"key":"SMITH"},{"data":"Demon Form","floor":49,"key":"SMITH"}],"path_taken":["M","?","M","$","M","M","$","?","T","?","$","R","M","E","R","BOSS","M","?","M","?","?","R","M","?","T","R","M","M","R","?","R","BOSS","M","?","M","M","$","R","E","M","T","?","M","R","$","M","R","BOSS"],"build_version":"2018-06-14v2","seed_source_timestamp":354892155630406,"purchased_purges":2,"victory":false,"master_deck":["Strike_R","Strike_R","Strike_R","Strike_R","Strike_R","Bash+1","Headbutt+1","Perfected Strike+1","Combust","Wild Strike","Twin Strike","Perfected Strike+1","Rage+1","Berserk+1","Offering+1","Perfected Strike+1","Perfected Strike+1","Warcry+1","Rupture+1","Clash","Warcry+1","Exhume","Perfected Strike+1","Demon Form+1","Secret Weapon+1","Bandage Up","Warcry+1","Seeing Red+1","Pommel Strike+1","Enlightenment","Warcry"],"max_hp_per_floor":[80,80,80,80,80,80,80,80,80,80,80,80,80,80,80,80,80,80,80,80,80,80,80,80,80,80,80,80,80,80,85,85,85,85,85,85,85,85,85,85,85,85,85,74,74,74,74,74,74,74],"special_seed":0,"relics":["Burning Blood","Paper Frog","Question Card","Coffee Dripper","War Paint","Orrery","Shuriken","Tiny Chest","Pen Nib"],"card_choices":[{"not_picked":["Spot Weakness","Iron Wave"],"picked":"Headbutt","floor":1.0},{"not_picked":["Power Through","Havoc"],"picked":"Perfected Strike","floor":3.0},{"not_picked":["Headbutt","Shrug It Off"],"picked":"Combust","floor":5.0},{"not_picked":["Armaments","Anger"],"picked":"Wild Strike","floor":6.0},{"not_picked":["Body Slam","Headbutt"],"picked":"Twin Strike","floor":10.0},{"not_picked":["Headbutt","Thunderclap"],"picked":"Rage","floor":13.0},{"not_picked":["Cleave","Corruption"],"picked":"Berserk","floor":14.0},{"not_picked":["Double Tap","Exhume","Feed"],"picked":"Offering","floor":16.0},{"not_picked":["True Grit","Clothesline","Iron Wave"],"picked":"Perfected Strike","floor":18},{"not_picked":["Heavy Blade","Power Through","Dual Wield"],"picked":"Perfected Strike+1","floor":19},{"not_picked":["Sword Boomerang","Rampage","Hemokinesis"],"picked":"Warcry+1","floor":20},{"not_picked":["Wild Strike+1","Disarm","Thunderclap+1"],"picked":"Clash","floor":24},{"not_picked":["Havoc","Infernal Blade","Cleave"],"picked":"Warcry+1","floor":28},{"not_picked":["Bludgeon","Entrench+1","Heavy Blade","Combust+1"],"picked":"SKIP","floor":29},{"not_picked":["Barricade","Juggernaut","Dark Embrace"],"picked":"Exhume","floor":33},{"not_picked":["Clothesline+1","Warcry","Battle Trance"],"picked":"Perfected Strike","floor":34},{"not_picked":["Cleave","Thunderclap","Reckless Charge"],"picked":"Demon Form","floor":34},{"not_picked":["Bloodletting","Anger","Sword Boomerang","Dark Embrace"],"picked":"SKIP","floor":35},{"not_picked":["Flash of Steel","Mind Blast","Madness"],"picked":"Secret Weapon","floor":36},{"not_picked":["Sadistic Nature","Deep Breath","Panache"],"picked":"Secret Technique","floor":36},{"not_picked":["Deep Breath","Transmutation","Jack Of All Trades"],"picked":"Bandage Up","floor":36},{"not_picked":["Thunderclap","Twin Strike+1","True Grit"],"picked":"Warcry+1","floor":37},{"not_picked":["Body Slam","Thunderclap","True Grit+1","Headbutt"],"picked":"SKIP","floor":38},{"not_picked":["Armaments","Clash","Hemokinesis+1"],"picked":"Seeing Red+1","floor":41},{"not_picked":["Wild Strike+1","Heavy Blade","Flex"],"picked":"Pommel Strike+1","floor":42},{"not_picked":["Body Slam","Flex","Disarm","Twin Strike+1"],"picked":"SKIP","floor":45},{"not_picked":["Feed","Reckless Charge","Sever Soul","Sword Boomerang"],"picked":"SKIP","floor":48}],"player_experience":187877,"potions_floor_usage":[33,33,33,50],"damage_taken":[{"damage":9.0,"enemies":"2 Louse","floor":1.0,"turns":3.0},{"damage":12.0,"enemies":"Jaw Worm","floor":3.0,"turns":2.0},{"damage":0.0,"enemies":"Small Slimes","floor":5.0,"turns":2.0},{"damage":9.0,"enemies":"Looter","floor":6.0,"turns":3.0},{"damage":2.0,"enemies":"2 Fungi Beasts","floor":10.0,"turns":2.0},{"damage":0.0,"enemies":"Large Slime","floor":13.0,"turns":3.0},{"damage":12.0,"enemies":"3 Sentries","floor":14.0,"turns":4.0},{"damage":40.0,"enemies":"The Guardian","floor":16.0,"turns":7.0},{"damage":3,"enemies":"Spheric Guardian","floor":18,"turns":3},{"damage":13,"enemies":"2 Thieves","floor":19,"turns":2},{"damage":16,"enemies":"3 Cultists","floor":20,"turns":3},{"damage":5,"enemies":"Snecko","floor":24,"turns":2},{"damage":24,"enemies":"Snake Plant","floor":28,"turns":2},{"damage":4,"enemies":"Centurion and Healer","floor":29,"turns":2},{"damage":38,"enemies":"Automaton","floor":33,"turns":4},{"damage":1,"enemies":"Orb Walker","floor":35,"turns":2},{"damage":13,"enemies":"3 Shapes","floor":37,"turns":2},{"damage":9,"enemies":"Maw","floor":38,"turns":3},{"damage":47,"enemies":"2 Orb Walkers","floor":41,"turns":3},{"damage":11,"enemies":"4 Shapes","floor":42,"turns":2},{"damage":16,"enemies":"3 Darklings","floor":45,"turns":2},{"damage":10,"enemies":"Sphere and 2 Shapes","floor":48,"turns":2},{"damage":68,"enemies":"Awakened One","floor":50,"turns":3}],"relics_obtained":[{"floor":9.0,"key":"Paper Frog"},{"floor":14.0,"key":"Question Card"},{"floor":26,"key":"War Paint"},{"floor":41,"key":"Shuriken"},{"floor":43,"key":"Tiny Chest"}],"event_choices":[{"event_name":"Shining Light","player_choice":"Entered Light","floor":2.0,"damage_taken":0.0},{"event_name":"Golden Wing","player_choice":"Card Removal","floor":8.0,"damage_taken":0.0},{"event_name":"Beggar","player_choice":"Gave Gold","floor":21,"damage_taken":0},{"event_name":"The Library","player_choice":"Read","floor":22,"damage_taken":0},{"event_name":"Vampires","player_choice":"Ignored","floor":25,"damage_taken":0},{"event_name":"Forgotten Altar","player_choice":"Shed Blood","floor":31,"damage_taken":0},{"event_name":"SensoryStone","player_choice":"Memory 3","floor":36,"damage_taken":0},{"event_name":"The Moai Head","player_choice":"Heal","floor":44,"damage_taken":0}],"boss_relics":[{"not_picked":["Snecko Eye","Astrolabe"],"picked":"Coffee Dripper"},{"not_picked":["Fusion Hammer","Empty Cage"],"picked":"Orrery"}],"items_purged_floors":[],"is_endless":false,"potions_floor_spawned":[1,6,13,14,20,28,29,37,45],"seed_played":"5337994378136243748","killed_by":"Awakened One","ascension_level":2,"potions_obtained":[{"floor":1.0,"key":"SmokeBomb"},{"floor":6.0,"key":"Poison Potion"},{"floor":13.0,"key":"BloodPotion"},{"floor":20,"key":"Ancient Potion"},{"floor":28,"key":"BloodPotion"},{"floor":37,"key":"SpeedPotion"},{"floor":45,"key":"LiquidBronze"}],"is_trial":false}