{"gold_per_floor":[112,127,127,151,117,117,148,168,168,187,187,204,221,221,221,319,319,336,355,355,369,33,33,63,63,86,97,20,40,40,40,40,136,136,148,4,4,4,4,4,15,15,94,0,100,110,110,129,129,129],"floor_reached":51,"playtime":3991,"items_purged":["Pain"],"score":890,"play_id":"8ada9d99-b8ce-4e62-a4b0-27c0fbdadc7c","local_time":"20180715044145","is_ascension_mode":false,"campfire_choices":[{"data":"Carnage","floor":6,"key":"SMITH"},{"data":"Spot Weakness","floor":15,"key":"SMITH"},{"floor":23,"key":"REST"},{"floor":25,"key":"REST"},{"floor":32,"key":"REST"},{"floor":40,"key":"DIG"},{"floor":42,"key":"DIG"},{"floor":47,"key":"DIG"},{"floor":49,"key":"REST"}],"neow_cost":"NONE","seed_source_timestamp":644770704153930,"circlet_count":0,"master_deck":["Strike_R","Strike_R","Strike_R","Strike_R","Defend_R","Defend_R","Defend_R","Defend_R","Bash","Shrug It Off","Uppercut+1","Carnage+1","Flex","Pommel Strike","Dropkick","Thunderclap+1","Spot Weakness+1","Double Tap+1","Flex+1","Iron Wave+1","Searing Blow+1","Flex","Anger+1","Anger","J.A.X.","Disarm+1","Limit Break","Barricade","Decay","Parasite","Shrug It Off","Metallicize","Intimidate+1","True Grit+1","Iron Wave+1","Iron Wave+1","Second Wind"],"relics":["Burning Blood","Bag of Marbles","Potion Belt","Shuriken","Dodecahedron","Velvet Choker","Incense Burner","Whetstone","Juzu Bracelet","Calling Bell","Dream Catcher","Self Forming Clay","Mango","Shovel","Paper Frog","Gremlin Horn","Letter Opener","Red Mask","Ornamental Fan"],"potions_floor_usage":[29,33,33,35,50],"damage_taken":[{"damage":6,"enemies":"Cultist","floor":1,"turns":3},{"damage":2,"enemies":"2 Louse","floor":2,"turns":3},{"damage":23,"enemies":"Lagavulin","floor":7,"turns":5},{"damage":0,"enemies":"Small Slimes","floor":8,"turns":2},{"damage":2,"enemies":"Exordium Wildlife","floor":10,"turns":4},{"damage":4,"enemies":"Blue Slaver","floor":12,"turns":2},{"damage":6,"enemies":"3 Louse","floor":13,"turns":3},{"damage":68,"enemies":"The Guardian","floor":16,"turns":8},{"damage":19,"enemies":"Spheric Guardian","floor":18,"turns":4},{"damage":5,"enemies":"Chosen","floor":19,"turns":3},{"damage":17,"enemies":"Centurion and Healer","floor":21,"turns":4},{"damage":36,"enemies":"Slavers","floor":24,"turns":6},{"damage":8,"enemies":"Snake Plant","floor":27,"turns":2},{"damage":13,"enemies":"Chosen and Byrds","floor":29,"turns":3},{"damage":31,"enemies":"Collector","floor":33,"turns":4},{"damage":24,"enemies":"3 Darklings","floor":35,"turns":7},{"damage":0,"floor":37,"turns":4},{"damage":11,"enemies":"3 Shapes","floor":41,"turns":9},{"damage":5,"enemies":"Sphere and 2 Shapes","floor":46,"turns":7},{"damage":3,"enemies":"Spire Growth","floor":48,"turns":4},{"damage":39,"enemies":"Time Eater","floor":50,"turns":12}],"seed_played":"9134716230661496329","potions_obtained":[{"floor":2,"key":"Explosive Potion"},{"floor":16,"key":"LiquidBronze"},{"floor":21,"key":"EssenceOfSteel"},{"floor":24,"key":"Dexterity Potion"},{"floor":33,"key":"SneckoOil"},{"floor":46,"key":"Ancient Potion"},{"floor":48,"key":"SteroidPotion"}],"is_trial":false,"path_per_floor":["M","M","?","T","$","R","E","M","T","M","$","M","M","?","R","B",null,"M","M","?","M","$","R","E","R","T","M","?","M","$","?","R","B",null,"M","$","?","?","?","R","M","R","T","?","?","M","R","M","R","B"],"character_chosen":"IRONCLAD","items_purchased":["Carnage","Incense Burner","Flex","Metallicize"],"campfire_rested":4,"item_purchase_floors":[5,22,22,36],"current_hp_per_floor":[80,80,80,80,80,80,63,69,69,73,73,75,75,75,75,13,80,67,68,68,57,57,80,50,74,74,72,72,65,65,65,80,55,94,76,76,82,82,82,82,77,77,77,77,77,78,78,81,94,61],"gold":129,"neow_bonus":"RANDOM_COMMON_RELIC","is_prod":false,"is_daily":false,"chose_seed":false,"campfire_upgraded":2,"win_rate":0,"timestamp":1531618905,"path_taken":["M","?","?","?","$","R","E","M","T","M","?","M","M","?","R","BOSS","M","M","?","M","$","R","E","R","T","M","?","M","?","?","R","BOSS","M","$","?","?","?","R","M","R","T","?","?","M","R","M","R","BOSS"],"build_version":"2018-07-12","purchased_purges":1,"victory":true,"max_hp_per_floor":[80,80,80,80,80,80,80,80,80,80,80,80,80,80,80,80,80,80,80,80,80,80,80,80,80,80,80,80,80,80,80,80,80,94,94,94,94,94,94,94,94,94,94,94,94,94,94,94,94,94],"card_choices":[{"not_picked":["Clash","Rampage"],"picked":"Shrug It Off","floor":1},{"not_picked":["Sword Boomerang","Warcry"],"picked":"Uppercut","floor":2},{"not_picked":["Second Wind","Reaper"],"picked":"Flex","floor":7},{"not_picked":["Ghostly Armor","Power Through"],"picked":"Pommel Strike","floor":8},{"not_picked":["Clash","Flex"],"picked":"Dropkick","floor":10},{"not_picked":["Warcry","Shrug It Off"],"picked":"Thunderclap","floor":12},{"not_picked":["Metallicize","Iron Wave"],"picked":"Spot Weakness","floor":13},{"not_picked":["Limit Break","Fiend Fire"],"picked":"Double Tap","floor":16},{"not_picked":["True Grit","Body Slam+1"],"picked":"Flex+1","floor":18},{"not_picked":["Warcry","Pummel+1"],"picked":"Iron Wave+1","floor":19},{"not_picked":["Sword Boomerang+1","Clothesline"],"picked":"Searing Blow","floor":21},{"not_picked":["Searing Blow","Pommel Strike"],"picked":"Anger+1","floor":24},{"not_picked":["Twin Strike","Iron Wave"],"picked":"Anger","floor":27},{"not_picked":["Rampage","Heavy Blade+1"],"picked":"Disarm+1","floor":29},{"not_picked":["Dark Embrace","Brutality"],"picked":"Barricade","floor":33},{"not_picked":["Flex+1","Disarm"],"picked":"Shrug It Off","floor":35},{"not_picked":["Bloodletting+1","Clash+1"],"picked":"Intimidate+1","floor":37},{"not_picked":["Iron Wave","Clash+1"],"picked":"True Grit+1","floor":41},{"not_picked":["Warcry+1","Dual Wield+1"],"picked":"Iron Wave+1","floor":46},{"not_picked":["Hemokinesis","Heavy Blade"],"picked":"Iron Wave+1","floor":48},{"not_picked":["Flex+1","Feed"],"picked":"Second Wind","floor":49}],"player_experience":29990,"relics_obtained":[{"floor":4,"key":"Potion Belt"},{"floor":7,"key":"Shuriken"},{"floor":9,"key":"Dodecahedron"},{"floor":24,"key":"Whetstone"},{"floor":26,"key":"Juzu Bracelet"},{"floor":34,"key":"Dream Catcher"},{"floor":34,"key":"Self Forming Clay"},{"floor":34,"key":"Mango"},{"floor":37,"key":"Shovel"},{"floor":40,"key":"Paper Frog"},{"floor":42,"key":"Gremlin Horn"},{"floor":43,"key":"Letter Opener"},{"floor":47,"key":"Ornamental Fan"}],"event_choices":[{"event_name":"Upgrade Shrine","player_choice":"Upgraded","floor":3,"damage_taken":0},{"event_name":"The Cleric","player_choice":"Leave","floor":14,"damage_taken":0},{"event_name":"Vampires","player_choice":"Ignored","floor":20,"damage_taken":0},{"event_name":"Drug Dealer","player_choice":"Got JAXXED","floor":28,"damage_taken":0},{"event_name":"The Library","player_choice":"Read","floor":31,"damage_taken":0},{"event_name":"MindBloom","player_choice":"Fight","floor":37,"damage_taken":0},{"event_name":"Upgrade Shrine","player_choice":"Upgraded","floor":38,"damage_taken":0},{"event_name":"Falling","player_choice":"Removed Attack","floor":39,"damage_taken":0},{"event_name":"Tomb of Lord Red Mask","player_choice":"Paid","floor":44,"damage_taken":0},{"event_name":"Golden Shrine","player_choice":"Pray","floor":45,"damage_taken":0}],"boss_relics":[{"not_picked":["Runic Dome","Mark of Pain"],"picked":"Velvet Choker"},{"not_picked":["Snecko Eye","Philosopher\u0027s Stone"],"picked":"Calling Bell"}],"items_purged_floors":[36],"is_endless":false,"potions_floor_spawned":[2,16,21,24,33,46,48],"ascension_level":0}