{"gold_per_floor":[109,284,359,376,376,376,51,51,51,51,61,61,72,101,101,101],"floor_reached":16,"playtime":871,"items_purged":["Doubt"],"score":103,"play_id":"f5385cc3-c645-41ec-9e17-a9b5129f7df2","local_time":"20181219233055","is_ascension_mode":true,"campfire_choices":[{"data":"1","floor":6,"key":"LIFT"},{"data":"2","floor":8,"key":"LIFT"},{"data":"3","floor":12,"key":"LIFT"},{"floor":15,"key":"REST"}],"neow_cost":"CURSE","seed_source_timestamp":301663381599662,"circlet_count":0,"master_deck":["Defend_G","Defend_G","Defend_G","Defend_G","Defend_G","Strike_G","Strike_G","Strike_G","Strike_G","Strike_G","Survivor","Neutralize","Cloak And Dagger","Prepared","Terror","Storm of Steel"],"relics":["Ring of the Snake","Girya","Singing Bowl","Gremlin Horn","PreservedInsect"],"potions_floor_usage":[14],"damage_taken":[{"damage":0,"enemies":"2 Louse","floor":1,"turns":4},{"damage":4,"enemies":"Small Slimes","floor":4,"turns":4},{"damage":0,"enemies":"Jaw Worm","floor":11,"turns":3},{"damage":6,"enemies":"Exordium Wildlife","floor":13,"turns":3},{"damage":19,"enemies":"Gremlin Nob","floor":14,"turns":4},{"damage":54,"enemies":"The Guardian","floor":16,"turns":13}],"seed_played":"-7047661669516458367","potions_obtained":[{"floor":1,"key":"Poison Potion"},{"floor":11,"key":"SteroidPotion"},{"floor":14,"key":"Ancient Potion"}],"is_trial":false,"path_per_floor":["M","?","?","M","?","R","$","R","T","$","M","R","M","E","R","B"],"character_chosen":"THE_SILENT","items_purchased":["Singing Bowl"],"campfire_rested":1,"item_purchase_floors":[7],"current_hp_per_floor":[70,70,59,55,55,55,55,55,55,55,55,55,51,32,53,0],"gold":101,"neow_bonus":"ONE_RARE_RELIC","is_prod":false,"is_daily":false,"chose_seed":false,"campfire_upgraded":0,"win_rate":0,"timestamp":1545283855,"path_taken":["M","?","?","M","?","R","$","R","T","?","?","R","M","E","R","BOSS"],"build_version":"2018-12-13","purchased_purges":1,"victory":false,"max_hp_per_floor":[70,70,70,70,70,70,70,70,70,70,70,70,72,72,72,72],"card_choices":[{"not_picked":["Deflect","Flechettes"],"picked":"Cloak And Dagger","floor":1},{"not_picked":["Skewer","Backflip"],"picked":"Prepared","floor":4},{"not_picked":["Bouncing Flask","Acrobatics"],"picked":"Terror","floor":11},{"not_picked":["Flying Knee","Deadly Poison","Expertise"],"picked":"Singing Bowl","floor":13},{"not_picked":["Deflect","Predator"],"picked":"Storm of Steel","floor":14}],"player_experience":457351,"relics_obtained":[{"floor":9,"key":"Gremlin Horn"},{"floor":14,"key":"PreservedInsect"}],"event_choices":[{"damage_healed":0,"gold_gain":175,"player_choice":"AGREE","damage_taken":0,"max_hp_gain":0,"max_hp_loss":0,"event_name":"Liars Game","floor":2,"gold_loss":0,"cards_obtained":["Doubt"]},{"damage_healed":0,"gold_gain":75,"player_choice":"Gather Gold","damage_taken":11,"max_hp_gain":0,"max_hp_loss":0,"event_name":"World of Goop","floor":3,"gold_loss":0},{"cards_removed":["Decay"],"damage_healed":0,"gold_gain":0,"player_choice":"Forget","damage_taken":0,"max_hp_gain":0,"max_hp_loss":0,"event_name":"Living Wall","floor":5,"gold_loss":0}],"is_beta":false,"boss_relics":[],"items_purged_floors":[7],"is_endless":false,"potions_floor_spawned":[1,11,14],"killed_by":"The Guardian","ascension_level":1}