{"gold_per_floor":[116,41,54,54,65,65,95,41,68,100,126,38,38,38,38,143,143,158,169,119,219,150,150,150,150,228,328,348,368,213,224,224,326,326,337,349,365,112,124,124,124,138,188,199,199,199,211,224,224,224],"floor_reached":50,"playtime":1827,"items_purged":["Defend_R","Strike_R"],"score":446,"play_id":"e7854ce5-9980-4dfd-9f69-64fa9495fb58","local_time":"20190212115532","is_ascension_mode":false,"campfire_choices":[{"data":"Pommel Strike","floor":6.0,"key":"SMITH"},{"floor":15.0,"key":"REST"},{"data":"Perfected Strike","floor":23.0,"key":"SMITH"},{"floor":25.0,"key":"REST"},{"floor":32.0,"key":"REST"},{"floor":40.0,"key":"DIG"},{"floor":45.0,"key":"REST"},{"floor":49.0,"key":"REST"}],"neow_cost":"NONE","seed_source_timestamp":51132912409688,"circlet_count":0,"master_deck":["Strike_R","Strike_R","Strike_R","Strike_R","Defend_R","Defend_R","Defend_R","Bash+1","Pommel Strike+1","Pommel Strike","Perfected Strike","Flex","Twin Strike","Clash","Clash","Perfected Strike+1","Clash","Pommel Strike","Perfected Strike","Cleave","Flex+1","Wild Strike","Twin Strike"],"special_seed":0,"relics":["Burning Blood","Regal Pillow","Potion Belt","MawBank","Strawberry","Philosopher\u0027s Stone","Toxic Egg 2","Shovel","Darkstone Periapt","Bag of Marbles","Busted Crown","Lantern","Gremlin Horn","Bronze Scales"],"potions_floor_usage":[50,50,50,50,50],"damage_taken":[{"damage":3.0,"enemies":"2 Louse","floor":1.0,"turns":3.0},{"damage":6.0,"enemies":"Cultist","floor":3.0,"turns":3.0},{"damage":9.0,"enemies":"Small Slimes","floor":5.0,"turns":3.0},{"damage":40.0,"enemies":"Lagavulin","floor":7.0,"turns":8.0},{"damage":9.0,"enemies":"2 Fungi Beasts","floor":10.0,"turns":3.0},{"damage":1.0,"enemies":"Exordium Thugs","floor":11.0,"turns":3.0},{"damage":86.0,"enemies":"Hexaghost","floor":16.0,"turns":8.0},{"damage":20.0,"enemies":"Shell Parasite","floor":18.0,"turns":3.0},{"damage":24.0,"enemies":"3 Byrds","floor":19.0,"turns":5.0},{"damage":8.0,"enemies":"Colosseum Slavers","floor":27.0,"turns":2.0},{"damage":16.0,"enemies":"Colosseum Nobs","floor":27.0,"turns":4.0},{"damage":11.0,"enemies":"Snecko","floor":28.0,"turns":3.0},{"damage":7.0,"enemies":"3 Cultists","floor":29.0,"turns":3.0},{"damage":13.0,"enemies":"Centurion and Healer","floor":31.0,"turns":2.0},{"damage":75.0,"enemies":"Champ","floor":33.0,"turns":6.0},{"damage":0.0,"enemies":"Orb Walker","floor":35.0,"turns":1.0},{"damage":13.0,"enemies":"3 Shapes","floor":36.0,"turns":3.0},{"damage":0.0,"enemies":"Spire Growth","floor":37.0,"turns":2.0},{"damage":15.0,"enemies":"Transient","floor":39.0,"turns":5.0},{"damage":34.0,"enemies":"Writhing Mass","floor":42.0,"turns":3.0},{"damage":0.0,"enemies":"Spire Growth","floor":44.0,"turns":2.0},{"damage":6.0,"enemies":"Sphere and 2 Shapes","floor":47.0,"turns":1.0},{"damage":44.0,"enemies":"Writhing Mass","floor":48.0,"turns":3.0},{"damage":111,"enemies":"Time Eater","floor":50,"turns":5}],"seed_played":"-365136409341995424","potions_obtained":[{"floor":1.0,"key":"Explosive Potion"},{"floor":5.0,"key":"Regen Potion"},{"floor":10.0,"key":"SkillPotion"},{"floor":19.0,"key":"Explosive Potion"},{"floor":27.0,"key":"Strength Potion"},{"floor":31.0,"key":"Fire Potion"},{"floor":33.0,"key":"Regen Potion"},{"floor":37.0,"key":"LiquidBronze"},{"floor":42.0,"key":"Explosive Potion"}],"is_trial":false,"path_per_floor":["M","$","M","?","M","R","E","$","T","M","M","$","?","?","R","B",null,"M","M","$","?","$","R","?","R","T","?","M","M","$","M","R","B",null,"M","M","M","$","M","R","?","M","T","M","R","?","M","M","R","B"],"character_chosen":"IRONCLAD","items_purchased":["Perfected Strike","Perfected Strike","Clash","Pommel Strike","Bag of Marbles","Wild Strike","Twin Strike","Lantern"],"campfire_rested":5,"item_purchase_floors":[8,20,22,22,30,38,38,38],"current_hp_per_floor":[80,80,80,80,77,77,43,43,43,40,45,45,49,49,87,7,87,73,55,55,55,55,55,55,87,87,75,70,69,69,62,87,28,87,87,80,86,86,77,77,77,49,49,55,87,87,87,49,87,0],"gold":224,"neow_bonus":"RANDOM_COMMON_RELIC","is_prod":false,"is_daily":false,"chose_seed":false,"campfire_upgraded":2,"win_rate":0,"timestamp":1549961732,"path_taken":["M","$","M","?","M","R","E","$","T","M","M","?","?","?","R","BOSS","M","M","$","?","?","R","?","R","T","?","M","M","$","M","R","BOSS","M","M","M","$","M","R","?","M","T","M","R","?","M","M","R","BOSS"],"build_version":"2019-01-23","purchased_purges":2,"victory":false,"max_hp_per_floor":[80,80,80,80,80,80,80,80,80,80,80,80,87,87,87,87,87,87,87,87,87,87,87,87,87,87,87,87,87,87,87,87,87,87,87,87,87,87,87,87,87,87,87,87,87,87,87,87,87,87],"card_choices":[{"not_picked":["True Grit","Sword Boomerang"],"picked":"Pommel Strike","floor":1.0},{"not_picked":["Clothesline","Inflame","Flame Barrier"],"picked":"SKIP","floor":3.0},{"not_picked":["Fire Breathing","Rampage","Bloodletting"],"picked":"SKIP","floor":5.0},{"not_picked":["Heavy Blade","Exhume"],"picked":"Pommel Strike","floor":7.0},{"not_picked":["Burning Pact","Iron Wave"],"picked":"Flex","floor":10.0},{"not_picked":["Sever Soul","Rupture"],"picked":"Twin Strike","floor":11.0},{"not_picked":["Body Slam","Iron Wave"],"picked":"Clash","floor":18.0},{"not_picked":["Iron Wave","Burning Pact+1"],"picked":"Clash","floor":19.0},{"not_picked":["Whirlwind","Reckless Charge"],"picked":"Perfected Strike","floor":27.0},{"not_picked":["Iron Wave","True Grit+1","Combust"],"picked":"SKIP","floor":28.0},{"not_picked":["True Grit+1","Warcry+1"],"picked":"Cleave","floor":29.0},{"not_picked":["Pummel","True Grit+1"],"picked":"Flex+1","floor":31.0},{"not_picked":["Iron Wave+1"],"picked":"SKIP","floor":35.0},{"not_picked":["Body Slam"],"picked":"SKIP","floor":36.0},{"not_picked":["Battle Trance+1"],"picked":"SKIP","floor":37.0},{"not_picked":["Searing Blow"],"picked":"SKIP","floor":39.0},{"not_picked":["Iron Wave+1"],"picked":"SKIP","floor":42.0},{"not_picked":["Headbutt"],"picked":"SKIP","floor":44.0},{"not_picked":["Reckless Charge+1"],"picked":"SKIP","floor":47.0},{"not_picked":["Burning Pact+1"],"picked":"SKIP","floor":48.0}],"player_experience":340494,"relics_obtained":[{"floor":7.0,"key":"Potion Belt"},{"floor":9.0,"key":"MawBank"},{"floor":26.0,"key":"Toxic Egg 2"},{"floor":27.0,"key":"Shovel"},{"floor":27.0,"key":"Darkstone Periapt"},{"floor":40.0,"key":"Gremlin Horn"},{"floor":43.0,"key":"Bronze Scales"}],"event_choices":[{"damage_healed":0.0,"max_hp_gain":0.0,"max_hp_loss":0.0,"gold_gain":0.0,"event_name":"Upgrade Shrine","player_choice":"Upgraded","floor":4.0,"gold_loss":0.0,"damage_taken":0.0,"cards_upgraded":["Bash"]},{"damage_healed":0.0,"max_hp_gain":0.0,"max_hp_loss":0.0,"gold_gain":0.0,"event_name":"Scrap Ooze","player_choice":"Success","floor":13.0,"gold_loss":0.0,"damage_taken":3.0,"relics_obtained":["Strawberry"]},{"damage_healed":0.0,"max_hp_gain":0.0,"max_hp_loss":0.0,"gold_gain":0.0,"event_name":"Shining Light","player_choice":"Ignored","floor":14.0,"gold_loss":0.0,"damage_taken":0.0},{"damage_healed":0.0,"max_hp_gain":0.0,"max_hp_loss":0.0,"gold_gain":100.0,"event_name":"Golden Shrine","player_choice":"Pray","floor":21.0,"gold_loss":0.0,"damage_taken":0.0},{"damage_healed":0.0,"max_hp_gain":0.0,"max_hp_loss":0.0,"gold_gain":0.0,"event_name":"Ghosts","player_choice":"Ignored","floor":24.0,"gold_loss":0.0,"damage_taken":0.0},{"damage_healed":0.0,"max_hp_gain":0.0,"max_hp_loss":0.0,"gold_gain":0.0,"event_name":"Colosseum","player_choice":"Fight","floor":27.0,"gold_loss":0.0,"damage_taken":0.0},{"damage_healed":0.0,"max_hp_gain":0.0,"max_hp_loss":0.0,"gold_gain":0.0,"event_name":"Colosseum","player_choice":"Fought Nobs","floor":27.0,"gold_loss":0.0,"damage_taken":0.0},{"damage_healed":0.0,"max_hp_gain":0.0,"max_hp_loss":0.0,"gold_gain":0.0,"event_name":"Mysterious Sphere","player_choice":"Ignored","floor":41.0,"gold_loss":0.0,"damage_taken":0.0},{"damage_healed":0.0,"max_hp_gain":0.0,"max_hp_loss":0.0,"gold_gain":0.0,"event_name":"Transmorgrifier","player_choice":"Ignored","floor":46.0,"gold_loss":0.0,"damage_taken":0.0}],"is_beta":false,"boss_relics":[{"not_picked":["White Beast Statue","Black Blood"],"picked":"Philosopher\u0027s Stone"},{"not_picked":["Runic Pyramid","Cursed Key"],"picked":"Busted Crown"}],"items_purged_floors":[2,12],"is_endless":false,"potions_floor_spawned":[1,5,10,19,27,31,33,37,42,47,48],"killed_by":"Time Eater","ascension_level":0}