{"gold_per_floor":[110,60,79,98,98,98,109,109,109,125,136,136,154,183,183,282,282,296,310,342,362,362,362,393,409,435,75,88,108,108,5,5,106,106,124,2,2,13,24,24,43,56,56,76,20,20,20,34,34,34,34,34,2,2],"floor_reached":54,"playtime":4120,"items_purged":["Doubt"],"score":665,"play_id":"3a7c5125-683f-4490-93ec-4ef89a9755a1","local_time":"20190216191906","is_ascension_mode":false,"campfire_choices":[{"data":"Dagger Spray","floor":6,"key":"SMITH"},{"floor":12,"key":"REST"},{"floor":15,"key":"REST"},{"floor":23,"key":"REST"},{"floor":30,"key":"REST"},{"floor":32,"key":"REST"},{"floor":40,"key":"REST"},{"floor":46,"key":"RECALL"},{"floor":49,"key":"REST"},{"data":"After Image","floor":52,"key":"SMITH"}],"neow_cost":"NONE","seed_source_timestamp":25249081445645,"circlet_count":0,"master_deck":["Defend_G","Defend_G","Defend_G","Defend_G","Strike_G","Strike_G","Strike_G","Strike_G","Survivor","Neutralize","Blur","Dagger Spray+1","Noxious Fumes","Dagger Spray","Night Terror+1","Dash","Deadly Poison+1","Terror+1","Corpse Explosion+1","Dodge and Roll+1","Leg Sweep+1","Leg Sweep+1","Prepared+1","Endless Agony","Backflip+1","Acrobatics+1","Burst+1","Footwork","Noxious Fumes","Dash","Dodge and Roll+1","Bouncing Flask+1","Doppelganger+1","PiercingWail+1","Backstab","Infinite Blades","Deadly Poison+1","Cloak And Dagger+1","Parasite","Cloak And Dagger+1","After Image+1","Glass Knife","Expertise+1"],"relics":["Calling Bell","Lantern","Kunai","Tough Bandages","Toxic Egg 2","The Courier","Red Mask","Letter Opener","Snake Skull","Centennial Puzzle","Lizard Tail"],"potions_floor_usage":[11,19,20,24,24,50,50,50],"damage_taken":[{"damage":18,"enemies":"Jaw Worm","floor":1,"turns":11},{"damage":0,"enemies":"2 Louse","floor":3,"turns":5},{"damage":0,"enemies":"Small Slimes","floor":4,"turns":4},{"damage":0,"enemies":"Blue Slaver","floor":7,"turns":5},{"damage":5,"enemies":"Exordium Wildlife","floor":10,"turns":6},{"damage":0,"enemies":"Gremlin Gang","floor":11,"turns":3},{"damage":3,"enemies":"Red Slaver","floor":13,"turns":5},{"damage":28,"enemies":"Lagavulin","floor":14,"turns":8},{"damage":24,"enemies":"Hexaghost","floor":16,"turns":10},{"damage":24,"enemies":"Spheric Guardian","floor":18,"turns":5},{"damage":0,"enemies":"Chosen","floor":19,"turns":4},{"damage":18,"enemies":"Masked Bandits","floor":20,"turns":3},{"damage":5,"enemies":"Snecko","floor":21,"turns":6},{"damage":22,"enemies":"Gremlin Leader","floor":24,"turns":7},{"damage":15,"enemies":"3 Cultists","floor":25,"turns":4},{"damage":0,"enemies":"Centurion and Healer","floor":28,"turns":5},{"damage":6,"enemies":"Snecko","floor":29,"turns":6},{"damage":2,"enemies":"Champ","floor":33,"turns":14},{"damage":2,"enemies":"Orb Walker","floor":35,"turns":5},{"damage":17,"enemies":"3 Darklings","floor":38,"turns":6},{"damage":24,"enemies":"Writhing Mass","floor":39,"turns":7},{"damage":4,"enemies":"Sphere and 2 Shapes","floor":41,"turns":4},{"damage":21,"enemies":"Transient","floor":42,"turns":5},{"damage":0,"enemies":"Writhing Mass","floor":44,"turns":7},{"damage":0,"enemies":"4 Shapes","floor":48,"turns":3},{"damage":48,"enemies":"Time Eater","floor":50,"turns":20},{"damage":71,"enemies":"Shield and Spear","floor":54,"turns":8}],"seed_played":"7261039842809731015","potions_obtained":[{"floor":1,"key":"SkillPotion"},{"floor":11,"key":"Fire Potion"},{"floor":13,"key":"Regen Potion"},{"floor":20,"key":"Energy Potion"},{"floor":21,"key":"GamblersBrew"},{"floor":29,"key":"SpeedPotion"},{"floor":37,"key":"Dexterity Potion"},{"floor":48,"key":"AttackPotion"}],"is_trial":false,"path_per_floor":["M","?","M","M","?","R","M","$","T","M","M","R","M","E","R","B",null,"M","M","?","M","?","R","E","M","T","$","M","M","R","$","R","B",null,"M","$","?","M","M","R","M","M","T","M","$","R","$","M","R","B",null,"R","$","E"],"character_chosen":"THE_SILENT","items_purchased":["Burst+1","Footwork","Noxious Fumes","Centennial Puzzle","Bouncing Flask+1","PowerPotion","Backstab","Infinite Blades","After Image","Expertise+1"],"campfire_rested":7,"item_purchase_floors":[27,27,27,27,31,31,36,36,45,53],"current_hp_per_floor":[52,52,52,52,52,52,52,52,52,47,47,68,65,37,58,34,70,46,46,37,32,32,53,31,16,16,16,16,10,31,31,52,50,70,68,68,68,51,27,48,44,23,23,23,23,23,23,23,44,35,70,70,70,0],"gold":2,"neow_bonus":"BOSS_RELIC","is_prod":false,"is_daily":false,"chose_seed":false,"campfire_upgraded":2,"win_rate":0,"timestamp":1550362746,"path_taken":["M","?","M","M","?","R","M","?","T","M","M","R","M","E","R","BOSS","M","M","?","M","?","R","E","M","T","$","M","M","R","?","R","BOSS","M","$","?","M","?","R","M","M","T","M","?","R","$","M","R","BOSS","R","$","E"],"build_version":"2019-01-23","purchased_purges":1,"victory":false,"max_hp_per_floor":[70,70,70,70,70,70,70,70,70,70,70,70,70,70,70,70,70,70,70,70,70,70,70,70,70,70,70,70,70,70,70,70,70,70,70,70,70,70,70,70,70,70,70,70,70,70,70,70,70,70,70,70,70,70],"card_choices":[{"not_picked":["Poisoned Stab","Prepared"],"picked":"Blur","floor":1},{"not_picked":["Underhanded Strike","Poisoned Stab"],"picked":"Dagger Spray","floor":3},{"not_picked":["Blur","Bane"],"picked":"Noxious Fumes","floor":4},{"not_picked":["Noxious Fumes","Poisoned Stab"],"picked":"Dagger Spray","floor":7},{"not_picked":["Caltrops","Slice"],"picked":"Night Terror+1","floor":10},{"not_picked":["Underhanded Strike","Setup+1"],"picked":"Dash","floor":11},{"not_picked":["Quick Slash","Choke"],"picked":"Deadly Poison+1","floor":13},{"not_picked":["Deadly Poison+1","Dagger Throw"],"picked":"Terror+1","floor":14},{"not_picked":["Venomology+1","A Thousand Cuts"],"picked":"Corpse Explosion+1","floor":16},{"not_picked":["Slice","Heel Hook","Flying Knee"],"picked":"SKIP","floor":18},{"not_picked":["Dagger Spray+1","Dagger Throw"],"picked":"Dodge and Roll+1","floor":19},{"not_picked":["Bane+1","Masterful Stab+1"],"picked":"Leg Sweep+1","floor":20},{"not_picked":["Prepared+1","Quick Slash"],"picked":"Leg Sweep+1","floor":21},{"not_picked":["Dodge and Roll+1","Eviscerate"],"picked":"Backflip+1","floor":24},{"not_picked":["Dagger Throw","Bane"],"picked":"Acrobatics+1","floor":25},{"not_picked":["Masterful Stab+1","Outmaneuver+1"],"picked":"Dash","floor":28},{"not_picked":["Acrobatics+1","Underhanded Strike"],"picked":"Dodge and Roll+1","floor":29},{"not_picked":["Storm of Steel+1","Unload"],"picked":"Doppelganger+1","floor":33},{"not_picked":["Escape Plan+1","Setup+1"],"picked":"PiercingWail+1","floor":35},{"not_picked":["Tactician+1","Poisoned Stab+1"],"picked":"Deadly Poison+1","floor":38},{"not_picked":["Sucker Punch+1","PiercingWail+1","Flying Knee"],"picked":"SKIP","floor":39},{"not_picked":["Flechettes","Predator+1"],"picked":"Cloak And Dagger+1","floor":41},{"not_picked":["Poisoned Stab+1","Dodge and Roll+1","Sucker Punch+1"],"picked":"SKIP","floor":42},{"not_picked":["Bouncing Flask+1","Setup+1"],"picked":"Cloak And Dagger+1","floor":44},{"not_picked":["Acrobatics+1","Slice+1"],"picked":"Glass Knife","floor":48}],"player_experience":73040,"relics_obtained":[{"floor":0,"key":"Lantern"},{"floor":0,"key":"Kunai"},{"floor":0,"key":"Tough Bandages"},{"floor":9,"key":"Toxic Egg 2"},{"floor":14,"key":"The Courier"},{"floor":20,"key":"Red Mask"},{"floor":24,"key":"Letter Opener"},{"floor":26,"key":"Snake Skull"}],"event_choices":[{"cards_removed":["Normality"],"damage_healed":0,"gold_gain":0,"player_choice":"Card Removal","damage_taken":0,"max_hp_gain":0,"max_hp_loss":0,"event_name":"The Cleric","floor":2,"gold_loss":50},{"cards_removed":["Shame"],"damage_healed":0,"gold_gain":0,"player_choice":"Forget","damage_taken":0,"max_hp_gain":0,"max_hp_loss":0,"event_name":"Living Wall","floor":5,"gold_loss":0},{"damage_healed":0,"gold_gain":0,"player_choice":"Fought Bandits","damage_taken":0,"max_hp_gain":0,"max_hp_loss":0,"event_name":"Masked Bandits","floor":20,"gold_loss":0},{"damage_healed":0,"gold_gain":0,"cards_transformed":["Defend_G","Strike_G"],"player_choice":"Became Test Subject","damage_taken":0,"max_hp_gain":0,"max_hp_loss":0,"event_name":"Drug Dealer","floor":22,"gold_loss":0,"cards_obtained":["Prepared","Endless Agony"]},{"damage_healed":0,"gold_gain":0,"player_choice":"Got Potions","damage_taken":0,"max_hp_gain":0,"max_hp_loss":0,"event_name":"Lab","floor":37,"gold_loss":0}],"is_beta":false,"boss_relics":[{"not_picked":["Snecko Eye","White Beast Statue","Philosopher\u0027s Stone"]},{"not_picked":["Runic Dome","Empty Cage"],"picked":"Lizard Tail"}],"items_purged_floors":[27],"is_endless":false,"potions_floor_spawned":[1,11,13,20,21,29,42,44,48],"killed_by":"Shield and Spear","ascension_level":0}