{"gold_per_floor":[116,116,116,116,116,150,150,325,349,349,381,401,401,63,63,159,159,170,170,170,62,161,161,175,175,257,269,288,288,302,314,314,419,419,432,452,27,27,44,44,57,57,113,123,141,141,154,166,166,166],"floor_reached":50,"playtime":2719,"items_purged":["Doubt"],"score":502,"play_id":"94d0551c-b328-4042-823e-160977d92f5b","local_time":"20180717050720","is_ascension_mode":false,"campfire_choices":[{"data":"Zap","floor":10.0,"key":"SMITH"},{"data":"Streamline","floor":15.0,"key":"SMITH"},{"data":"Sweeping Beam","floor":23.0,"key":"SMITH"},{"floor":32.0,"key":"REST"},{"data":"Electrodynamics","floor":40.0,"key":"SMITH"},{"data":"Buffer","floor":42.0,"key":"SMITH"},{"data":"Hyperbeam","floor":46.0,"key":"SMITH"},{"data":"Double Energy","floor":49.0,"key":"SMITH"}],"neow_cost":"NONE","seed_source_timestamp":819381842336780,"circlet_count":0,"master_deck":["Strike_B+1","Strike_B+1","Strike_B+1","Defend_B+1","Defend_B+1","Defend_B+1","Defend_B+1","Zap+1","Dualcast+1","Streamline+1","Self Repair","Glacier","Electrodynamics+1","Streamline+1","Reinforced Body","Biased Cognition","Sweeping Beam+1","Defragment","Static Discharge","Turbo+1","Tempest+1","Darkness","Biased Cognition","Turbo+1","Biased Cognition","Tempest+1","Redo+1","Hyperbeam+1","Madness","Rebound+1","Buffer+1","BootSequence+1","Double Energy+1","Redo+1"],"special_seed":17729,"relics":["Cracked Core","NeowsBlessing","Juzu Bracelet","Boot","Blood Vial","Pantograph","Omamori","Sozu","Necronomicon","Bottled Lightning","Bird Faced Urn","Cursed Key","Bag of Marbles","Happy Flower","Tiny Chest"],"potions_floor_usage":[50,50],"damage_taken":[{"damage":0.0,"enemies":"Small Slimes","floor":1.0,"turns":1.0},{"damage":0.0,"enemies":"Lagavulin","floor":6.0,"turns":1.0},{"damage":0.0,"enemies":"Gremlin Nob","floor":11.0,"turns":1.0},{"damage":1.0,"enemies":"Cultist","floor":12.0,"turns":3.0},{"damage":40.0,"enemies":"Slime Boss","floor":16.0,"turns":8.0},{"damage":0.0,"enemies":"Chosen","floor":18.0,"turns":4.0},{"damage":10.0,"enemies":"Spheric Guardian","floor":24.0,"turns":3.0},{"damage":0.0,"enemies":"Snecko","floor":27.0,"turns":3.0},{"damage":2.0,"enemies":"Cultist and Chosen","floor":28.0,"turns":2.0},{"damage":16.0,"enemies":"Sentry and Sphere","floor":30.0,"turns":3.0},{"damage":7.0,"enemies":"Centurion and Healer","floor":31.0,"turns":3.0},{"damage":54.0,"enemies":"Champ","floor":33.0,"turns":10.0},{"damage":10.0,"enemies":"3 Shapes","floor":35.0,"turns":3.0},{"damage":5.0,"enemies":"Flame Bruiser 1 Orb","floor":36.0,"turns":4.0},{"damage":9.0,"enemies":"Sphere and 2 Shapes","floor":39.0,"turns":5.0},{"damage":18.0,"enemies":"Transient","floor":41.0,"turns":5.0},{"damage":29.0,"enemies":"Maw","floor":44.0,"turns":6.0},{"damage":0.0,"enemies":"Flame Bruiser 2 Orb","floor":45.0,"turns":4.0},{"damage":8.0,"enemies":"Transient","floor":47.0,"turns":5.0},{"damage":0.0,"enemies":"Spire Growth","floor":48.0,"turns":5.0},{"damage":121,"enemies":"Awakened One","floor":50,"turns":12}],"seed_played":"-3176196693386068399","potions_obtained":[{"floor":6.0,"key":"SkillPotion"},{"floor":11.0,"key":"Regen Potion"},{"floor":16.0,"key":"FearPotion"}],"is_trial":false,"path_per_floor":["M","?","T","?","?","E","?","?","T","R","E","M","?","$","R","B",null,"M","?","?","$","?","R","M","?","T","M","M","T","M","M","R","B",null,"M","M","$","?","M","R","M","R","T","M","M","R","M","M","R"],"character_chosen":"DEFECT","items_purchased":["Electrodynamics","Omamori","Streamline","Reinforced Body","Static Discharge","Bag of Marbles","Hyperbeam","Happy Flower"],"campfire_rested":1,"item_purchase_floors":[14,14,14,14,21,37,37,37],"current_hp_per_floor":[75,75,75,60,53,53,53,53,53,53,55,63,63,63,63,35,75,75,75,75,75,75,75,65,49,49,58,58,58,52,49,71,38,75,73,72,72,72,75,75,68,68,68,64,75,75,75,75,75,0],"gold":166,"neow_bonus":"THREE_ENEMY_KILL","is_prod":false,"is_daily":false,"chose_seed":false,"campfire_upgraded":7,"win_rate":0,"timestamp":1531793240,"path_taken":["M","?","?","?","?","E","?","?","T","R","E","M","?","$","R","BOSS","M","?","?","?","?","R","M","?","T","M","M","?","M","M","R","BOSS","M","M","$","?","M","R","M","R","T","M","M","R","M","M","R","BOSS"],"build_version":"2018-07-12","purchased_purges":1,"victory":false,"max_hp_per_floor":[75,75,75,75,75,75,75,75,75,75,75,75,75,75,75,75,75,75,75,75,75,75,75,75,75,75,75,75,75,75,75,75,75,75,75,75,75,75,75,75,75,75,75,75,75,75,75,75,75,75],"card_choices":[{"not_picked":["Go for the Eyes","Beam Cell"],"picked":"Streamline","floor":1.0},{"not_picked":["Hologram","Compile Driver","Gash"],"picked":"SKIP","floor":6.0},{"not_picked":["Thunder Strike","Stack"],"picked":"Self Repair","floor":11.0},{"not_picked":["Compile Driver","Ball Lightning"],"picked":"Glacier","floor":12.0},{"not_picked":["Meteor Strike","Creative AI"],"picked":"Biased Cognition","floor":16.0},{"not_picked":["Cold Snap","Hologram+1"],"picked":"Sweeping Beam","floor":18.0},{"not_picked":["Steam","White Noise"],"picked":"Turbo+1","floor":24.0},{"not_picked":["Recycle","Steam+1"],"picked":"Tempest+1","floor":27.0},{"not_picked":["Barrage","Go for the Eyes"],"picked":"Darkness","floor":28.0},{"not_picked":["Gash","Turbo"],"picked":"Biased Cognition","floor":30.0},{"not_picked":["Rip and Tear","Redo"],"picked":"Turbo+1","floor":31.0},{"not_picked":["Electrodynamics","Thunder Strike"],"picked":"Biased Cognition","floor":33.0},{"not_picked":["Beam Cell+1","Force Field"],"picked":"Tempest+1","floor":35.0},{"not_picked":["Force Field","Sweeping Beam"],"picked":"Redo+1","floor":36.0},{"not_picked":["Finesse","Flash of Steel"],"picked":"Madness","floor":38.0},{"not_picked":["Conserve Battery","Steam"],"picked":"Rebound+1","floor":39.0},{"not_picked":["Barrage+1","Steam+1"],"picked":"Buffer","floor":41.0},{"not_picked":["Cold Snap+1","Compile Driver+1","Beam Cell"],"picked":"SKIP","floor":44.0},{"not_picked":["Chill","Go for the Eyes"],"picked":"BootSequence+1","floor":45.0},{"not_picked":["FTL+1","Static Discharge+1"],"picked":"Double Energy","floor":47.0},{"not_picked":["Beam Cell+1","Cold Snap"],"picked":"Redo+1","floor":48.0}],"player_experience":116195,"relics_obtained":[{"floor":3.0,"key":"Juzu Bracelet"},{"floor":6.0,"key":"Boot"},{"floor":9.0,"key":"Blood Vial"},{"floor":11.0,"key":"Pantograph"},{"floor":25.0,"key":"Necronomicon"},{"floor":26.0,"key":"Bottled Lightning"},{"floor":29.0,"key":"Bird Faced Urn"},{"floor":43.0,"key":"Tiny Chest"}],"event_choices":[{"event_name":"Bonfire Elementals","player_choice":"BASIC","floor":2.0,"damage_taken":0.0},{"event_name":"Shining Light","player_choice":"Entered Light","floor":4.0,"damage_taken":0.0},{"event_name":"Wheel of Change","player_choice":"Damage","floor":5.0,"damage_taken":0.0},{"event_name":"Upgrade Shrine","player_choice":"Upgraded","floor":7.0,"damage_taken":0.0},{"event_name":"Liars Game","player_choice":"agreed","floor":8.0,"damage_taken":0.0},{"event_name":"Dead Adventurer","player_choice":"Searched \u00271\u0027 times","floor":13.0,"damage_taken":0.0},{"event_name":"Back to Basics","player_choice":"Simplicity","floor":19.0,"damage_taken":0.0},{"event_name":"The Library","player_choice":"Read","floor":20.0,"damage_taken":0.0},{"event_name":"Nest","player_choice":"Stole From Cult","floor":22.0,"damage_taken":0.0},{"event_name":"Cursed Tome","player_choice":"Obtained Book","floor":25.0,"damage_taken":0.0},{"event_name":"SensoryStone","player_choice":"Memory 1","floor":38.0,"damage_taken":0.0}],"boss_relics":[{"not_picked":["Ectoplasm","Orrery"],"picked":"Sozu"},{"not_picked":["Runic Pyramid","Philosopher\u0027s Stone"],"picked":"Cursed Key"}],"items_purged_floors":[21],"is_endless":false,"potions_floor_spawned":[6,11,16,18,30,31,33,35,39],"killed_by":"Awakened One","ascension_level":0}