{"gold_per_floor":[109,109,184,134,134,146,146,172,172,202,214,214,214,226,226,329,329,349,349,363,363,376,376,387,662,662,676,676,686,705,720,720,818,818,834,834,834,845,864,46,46,46,46,64,77,88,99,114,114,114],"floor_reached":50,"playtime":7269,"items_purged":["Regret"],"score":485,"play_id":"2536bc44-4406-4004-a01f-f7939f469d62","local_time":"20190217204844","is_ascension_mode":false,"campfire_choices":[{"floor":7,"key":"REST"},{"floor":12,"key":"REST"},{"data":"Glass Knife","floor":15,"key":"SMITH"},{"data":"RitualDagger","floor":23,"key":"SMITH"},{"floor":28,"key":"REST"},{"floor":32,"key":"REST"},{"floor":41,"key":"REST"},{"floor":49,"key":"REST"}],"neow_cost":"NONE","seed_source_timestamp":11852107695217,"circlet_count":0,"master_deck":["Defend_G","Defend_G","Defend_G","Defend_G","Defend_G","Strike_G","Strike_G","Strike_G","Strike_G","Survivor","Neutralize","Bouncing Flask","Skewer","Glass Knife+1","Sucker Punch","Infinite Blades","Backflip","Caltrops","RitualDagger+1","Dagger Spray+1","Glass Knife","Bouncing Flask+1","Dodge and Roll","Catalyst+1","Dash+1","Blur","Phantasmal Killer","PiercingWail","Madness","Madness","Quick Slash+1","Backflip","Secret Technique","Normality","FTL+1","Cleave+1","Steam","Headbutt+1"],"relics":["Ring of the Snake","Regal Pillow","Bronze Scales","The Courier","Pen Nib","Bag of Marbles","Philosopher\u0027s Stone","Letter Opener","Cursed Key","Lantern","Bottled Lightning","PrismaticShard","Anchor","Snake Skull","Molten Egg 2"],"potions_floor_usage":[10,18,20,29,31,33,33,50,50],"damage_taken":[{"damage":0,"enemies":"Jaw Worm","floor":1,"turns":6},{"damage":5,"enemies":"2 Louse","floor":6,"turns":3},{"damage":55,"enemies":"3 Sentries","floor":8,"turns":11},{"damage":10,"enemies":"Gremlin Nob","floor":10,"turns":3},{"damage":0,"enemies":"Small Slimes","floor":11,"turns":3},{"damage":0,"enemies":"Blue Slaver","floor":14,"turns":1},{"damage":7,"enemies":"Slime Boss","floor":16,"turns":9},{"damage":11,"enemies":"2 Thieves","floor":18,"turns":3},{"damage":12,"enemies":"Spheric Guardian","floor":20,"turns":4},{"damage":13,"enemies":"Snake Plant","floor":22,"turns":3},{"damage":0,"enemies":"Snecko","floor":24,"turns":2},{"damage":16,"enemies":"Centurion and Healer","floor":27,"turns":6},{"damage":17,"enemies":"Cultist and Chosen","floor":29,"turns":6},{"damage":7,"enemies":"Chosen and Byrds","floor":30,"turns":4},{"damage":4,"enemies":"Snecko","floor":31,"turns":2},{"damage":52,"enemies":"Champ","floor":33,"turns":8},{"damage":7,"enemies":"3 Shapes","floor":35,"turns":4},{"damage":0,"enemies":"Orb Walker","floor":38,"turns":3},{"damage":35,"enemies":"Writhing Mass","floor":39,"turns":3},{"damage":0,"enemies":"Transient","floor":44,"turns":5},{"damage":8,"enemies":"3 Darklings","floor":45,"turns":4},{"damage":0,"enemies":"Spire Growth","floor":46,"turns":2},{"damage":0,"enemies":"Transient","floor":47,"turns":5},{"damage":12,"enemies":"Writhing Mass","floor":48,"turns":3},{"damage":84,"enemies":"Time Eater","floor":50,"turns":8}],"seed_played":"-8254884081386149399","potions_obtained":[{"floor":1,"key":"AttackPotion"},{"floor":10,"key":"Explosive Potion"},{"floor":14,"key":"EssenceOfSteel"},{"floor":16,"key":"PowerPotion"},{"floor":22,"key":"GhostInAJar"},{"floor":27,"key":"FairyPotion"},{"floor":30,"key":"Fire Potion"},{"floor":31,"key":"LiquidBronze"},{"floor":38,"key":"AttackPotion"},{"floor":39,"key":"Weak Potion"},{"floor":46,"key":"Dexterity Potion"},{"floor":48,"key":"LiquidBronze"}],"is_trial":false,"path_per_floor":["M","?","?","?","?","M","R","E","T","E","M","R","?","M","R","B",null,"M","?","M","?","M","R","M","?","T","M","R","M","M","M","R","B",null,"M","?","?","M","M","$","R","?","T","M","M","M","M","M","R","B"],"character_chosen":"THE_SILENT","items_purchased":["Lantern","Secret Technique","Bottled Lightning","PrismaticShard","Anchor"],"campfire_rested":6,"item_purchase_floors":[40,40,40,40,40],"current_hp_per_floor":[70,70,59,59,64,59,75,20,20,10,10,47,44,44,44,37,75,64,58,46,46,33,33,33,33,33,17,54,37,30,26,63,11,75,68,59,59,59,24,24,61,61,61,61,53,53,53,41,75,0],"gold":114,"neow_bonus":"RANDOM_COMMON_RELIC","is_prod":false,"is_daily":false,"chose_seed":false,"campfire_upgraded":2,"win_rate":0,"timestamp":1550458124,"path_taken":["M","?","?","?","?","M","R","E","T","E","?","R","?","M","R","BOSS","M","?","M","?","M","R","M","?","T","?","R","M","M","M","R","BOSS","M","?","?","M","M","$","R","?","T","?","M","M","M","M","R","BOSS"],"build_version":"2019-01-23","purchased_purges":1,"victory":false,"max_hp_per_floor":[70,70,70,70,75,75,75,75,75,75,75,75,75,75,75,75,75,75,75,75,75,75,75,75,75,75,75,75,75,75,75,75,75,75,75,75,75,75,75,75,75,75,75,75,75,75,75,75,75,75],"card_choices":[{"not_picked":["Caltrops","Prepared"],"picked":"Bouncing Flask","floor":1},{"not_picked":["Quick Slash","Cloak And Dagger","Skewer"],"picked":"SKIP","floor":6},{"not_picked":["Quick Slash","Cloak And Dagger"],"picked":"Skewer","floor":6},{"not_picked":["Reflex","PiercingWail"],"picked":"Glass Knife","floor":8},{"not_picked":["Heel Hook","Slice"],"picked":"Sucker Punch","floor":10},{"not_picked":["Setup","Accuracy"],"picked":"Infinite Blades","floor":11},{"not_picked":["Bane","Deadly Poison"],"picked":"Backflip","floor":14},{"not_picked":["Burst","Malaise"],"picked":"A Thousand Cuts","floor":16},{"not_picked":["Well Laid Plans","Sucker Punch+1"],"picked":"Caltrops","floor":18},{"not_picked":["Masterful Stab","Backflip"],"picked":"Dagger Spray+1","floor":20},{"not_picked":["Cloak And Dagger+1","Slice"],"picked":"Glass Knife","floor":22},{"not_picked":["Prepared","Flechettes"],"picked":"Bouncing Flask+1","floor":24},{"not_picked":["Prepared+1","Eviscerate"],"picked":"Dodge and Roll","floor":27},{"not_picked":["Expertise","Setup"],"picked":"Catalyst+1","floor":29},{"not_picked":["Dagger Spray","Blade Dance"],"picked":"Dash+1","floor":30},{"not_picked":["Underhanded Strike+1","PiercingWail"],"picked":"Blur","floor":31},{"not_picked":["Envenom","Grand Finale"],"picked":"Phantasmal Killer","floor":33},{"not_picked":["Dagger Spray","Slice"],"picked":"PiercingWail","floor":35},{"not_picked":["Predator","Dagger Spray+1"],"picked":"Quick Slash+1","floor":38},{"not_picked":["Deadly Poison+1","Eviscerate"],"picked":"Backflip","floor":39},{"not_picked":["Perfected Strike+1","Power Through+1","Dagger Spray+1"],"picked":"SKIP","floor":44},{"not_picked":["Shrug It Off","Iron Wave+1"],"picked":"FTL+1","floor":45},{"not_picked":["Gash+1","Crippling Poison"],"picked":"Cleave+1","floor":46},{"not_picked":["Redo","Outmaneuver"],"picked":"Steam","floor":47},{"not_picked":["Consume+1","Streamline+1"],"picked":"Headbutt+1","floor":48}],"player_experience":856063,"relics_obtained":[{"floor":8,"key":"Bronze Scales"},{"floor":9,"key":"The Courier"},{"floor":10,"key":"Pen Nib"},{"floor":26,"key":"Letter Opener"},{"floor":43,"key":"Molten Egg 2"}],"event_choices":[{"damage_healed":0,"gold_gain":0,"player_choice":"Ignored","damage_taken":0,"max_hp_gain":0,"max_hp_loss":0,"event_name":"Liars Game","floor":2,"gold_loss":0},{"damage_healed":0,"gold_gain":75,"player_choice":"Gather Gold","damage_taken":11,"max_hp_gain":0,"max_hp_loss":0,"event_name":"World of Goop","floor":3,"gold_loss":0},{"cards_removed":["Strike_G"],"damage_healed":0,"gold_gain":0,"player_choice":"Card Removal","damage_taken":0,"max_hp_gain":0,"max_hp_loss":0,"event_name":"The Cleric","floor":4,"gold_loss":50},{"damage_healed":0,"gold_gain":0,"player_choice":"Donut","damage_taken":0,"max_hp_gain":5,"max_hp_loss":0,"event_name":"Big Fish","floor":5,"gold_loss":0},{"damage_healed":0,"gold_gain":0,"player_choice":"Success","damage_taken":3,"relics_obtained":["Bag of Marbles"],"max_hp_gain":0,"max_hp_loss":0,"event_name":"Scrap Ooze","floor":13,"gold_loss":0},{"damage_healed":0,"gold_gain":0,"player_choice":"Joined the Cult","damage_taken":6,"max_hp_gain":0,"max_hp_loss":0,"event_name":"Nest","floor":19,"gold_loss":0,"cards_obtained":["RitualDagger"]},{"damage_healed":0,"gold_gain":0,"player_choice":"Ignored","damage_taken":0,"max_hp_gain":0,"max_hp_loss":0,"event_name":"The Mausoleum","floor":21,"gold_loss":0},{"damage_healed":0,"gold_gain":275,"player_choice":"Desecrate","damage_taken":0,"max_hp_gain":0,"max_hp_loss":0,"event_name":"Golden Shrine","floor":25,"gold_loss":0,"cards_obtained":["Regret"]},{"damage_healed":0,"gold_gain":0,"player_choice":"Embrace Madness","damage_taken":9,"max_hp_gain":0,"max_hp_loss":0,"event_name":"Winding Halls","floor":36,"gold_loss":0,"cards_obtained":["Madness","Madness"]},{"cards_removed":["A Thousand Cuts"],"damage_healed":0,"gold_gain":0,"player_choice":"Removed Power","damage_taken":0,"max_hp_gain":0,"max_hp_loss":0,"event_name":"Falling","floor":37,"gold_loss":0},{"damage_healed":0,"gold_gain":0,"player_choice":"Gave Potion","damage_taken":0,"relics_obtained":["Snake Skull"],"max_hp_gain":0,"max_hp_loss":0,"event_name":"WeMeetAgain","floor":42,"gold_loss":0}],"is_beta":false,"boss_relics":[{"not_picked":["Black Star","Tiny House"],"picked":"Philosopher\u0027s Stone"},{"not_picked":["Fusion Hammer","Orrery"],"picked":"Cursed Key"}],"items_purged_floors":[40],"is_endless":false,"potions_floor_spawned":[1,10,14,16,22,27,30,31,38,39,46,48],"killed_by":"Time Eater","ascension_level":0}