{"gold_per_floor":[12,12,24,39,62,62,92,92,92,2,2,2,2,20,20,115,115,134,134,152,77,77,95,95,124,170,189,114,131,131,150,150,245,245,256,270,220,220,238,238,238,238,265,245,195,195,210,222,222,222,222,222,21,47,47],"floor_reached":55,"playtime":1915,"items_purged":["Defend_B","Dualcast+1","Clumsy","Scrape"],"score":1312,"play_id":"2cb60400-42be-401b-94b6-4c4f067c8f43","local_time":"20190207223314","is_ascension_mode":true,"campfire_choices":[{"data":"Zap","floor":6,"key":"SMITH"},{"data":"Dualcast","floor":8,"key":"SMITH"},{"data":"Defragment","floor":12,"key":"SMITH"},{"data":"Leap","floor":15,"key":"SMITH"},{"data":"Blizzard","floor":30,"key":"SMITH"},{"data":"Defragment","floor":32,"key":"SMITH"},{"data":"Coolheaded","floor":40,"key":"SMITH"},{"data":"Coolheaded","floor":42,"key":"SMITH"},{"floor":46,"key":"REST"},{"floor":49,"key":"RECALL"},{"data":"Conserve Battery","floor":52,"key":"SMITH"}],"neow_cost":"NO_GOLD","seed_source_timestamp":79530693423828,"circlet_count":0,"master_deck":["AscendersBane","Strike_B+1","Strike_B+1","Zap+1","Conserve Battery+1","Leap+1","Echo Form","Defragment+1","Coolheaded+1","FTL","Blizzard+1","Coolheaded+1","Defragment+1","Reboot","White Noise+1","Fission+1"],"relics":["Cracked Core","Bag of Preparation","Lantern","Whetstone","Symbiotic Virus","Busted Crown","Pen Nib","Smiling Mask","Cursed Key","War Paint"],"potions_floor_usage":[25,33,41,48,50,55,55],"damage_taken":[{"damage":1,"enemies":"Cultist","floor":1,"turns":3},{"damage":7,"enemies":"Jaw Worm","floor":3,"turns":3},{"damage":2,"enemies":"2 Louse","floor":4,"turns":2},{"damage":25,"enemies":"Gremlin Nob","floor":7,"turns":4},{"damage":0,"enemies":"Looter","floor":14,"turns":2},{"damage":1,"enemies":"The Guardian","floor":16,"turns":9},{"damage":0,"enemies":"Spheric Guardian","floor":18,"turns":3},{"damage":0,"enemies":"Chosen","floor":20,"turns":3},{"damage":4,"enemies":"Centurion and Healer","floor":23,"turns":5},{"damage":16,"enemies":"Book of Stabbing","floor":25,"turns":5},{"damage":0,"enemies":"Sentry and Sphere","floor":27,"turns":4},{"damage":2,"enemies":"Snecko","floor":29,"turns":4},{"damage":0,"enemies":"Centurion and Healer","floor":31,"turns":5},{"damage":0,"enemies":"Champ","floor":33,"turns":9},{"damage":0,"enemies":"Orb Walker","floor":35,"turns":2},{"damage":17,"enemies":"3 Darklings","floor":36,"turns":6},{"damage":5,"enemies":"Sphere and 2 Shapes","floor":39,"turns":4},{"damage":0,"enemies":"Nemesis","floor":41,"turns":2},{"damage":1,"enemies":"Maw","floor":47,"turns":6},{"damage":1,"enemies":"Jaw Worm Horde","floor":48,"turns":3},{"damage":0,"enemies":"Awakened One","floor":50,"turns":15},{"damage":32,"enemies":"Shield and Spear","floor":54,"turns":6},{"damage":70,"enemies":"The Heart","floor":55,"turns":3}],"seed_played":"1895800359072450370","potions_obtained":[{"floor":1,"key":"PowerPotion"},{"floor":3,"key":"Fire Potion"},{"floor":14,"key":"FocusPotion"},{"floor":33,"key":"SmokeBomb"},{"floor":36,"key":"Fire Potion"},{"floor":44,"key":"Weak Potion"},{"floor":48,"key":"SpeedPotion"}],"is_trial":false,"path_per_floor":["M","?","M","M","T","R","E","R","T","$","?","R","?","M","R","B",null,"M","?","M","$","?","M","$","E","T","M","?","M","R","M","R","B",null,"M","M","$","?","M","R","E","R","T","?","$","R","M","M","R","B",null,"R","$","E","B"],"character_chosen":"DEFECT","items_purchased":["Defragment","Coolheaded","Ancient Potion","White Noise"],"campfire_rested":1,"item_purchase_floors":[10,10,53,53],"current_hp_per_floor":[67,67,60,58,58,58,33,33,33,33,33,33,30,30,30,29,64,64,64,64,64,64,60,60,44,44,44,44,42,42,42,42,42,67,67,50,50,50,45,45,45,45,45,45,45,67,66,65,65,65,73,73,73,41,0],"gold":47,"neow_bonus":"REMOVE_TWO","is_prod":false,"is_daily":false,"chose_seed":false,"campfire_upgraded":9,"win_rate":0,"timestamp":1549589594,"path_taken":["M","?","M","M","?","R","E","R","T","$","?","R","?","M","R","BOSS","M","?","?","?","?","M","?","E","T","M","?","M","R","M","R","BOSS","M","M","$","?","M","R","E","R","T","?","$","R","?","M","R","BOSS","R","$","E","BOSS"],"build_version":"2018-11-15","purchased_purges":4,"victory":false,"max_hp_per_floor":[75,75,75,75,75,75,75,75,75,75,75,75,75,75,75,75,75,75,75,75,75,75,75,75,75,75,75,75,75,75,75,75,75,75,75,75,75,75,75,75,75,75,75,75,75,75,75,75,75,75,75,75,75,75,75],"card_choices":[{"not_picked":["Beam Cell","Rebound"],"picked":"Conserve Battery","floor":1},{"not_picked":["Steam","Compile Driver","Leap"],"picked":"SKIP","floor":3},{"not_picked":["Steam","Compile Driver"],"picked":"Leap","floor":3},{"not_picked":["Self Repair","Beam Cell"],"picked":"Scrape","floor":4},{"not_picked":["All For One","Beam Cell"],"picked":"Echo Form","floor":7},{"not_picked":["Turbo","Conserve Battery"],"picked":"FTL","floor":14},{"not_picked":["Sunder"],"picked":"SKIP","floor":18},{"not_picked":["Leap"],"picked":"SKIP","floor":20},{"not_picked":["Stack"],"picked":"SKIP","floor":23},{"not_picked":[],"picked":"Blizzard","floor":25},{"not_picked":[],"picked":"Coolheaded","floor":27},{"not_picked":[],"picked":"Defragment","floor":29},{"not_picked":["Undo+1"],"picked":"SKIP","floor":31},{"not_picked":[],"picked":"Reboot","floor":33},{"not_picked":["Turbo"],"picked":"SKIP","floor":35},{"not_picked":["Genetic Algorithm"],"picked":"SKIP","floor":36},{"not_picked":["Double Energy"],"picked":"SKIP","floor":39},{"not_picked":["Aggregate"],"picked":"SKIP","floor":47},{"not_picked":["Consume"],"picked":"SKIP","floor":48},{"not_picked":[],"picked":"Fission","floor":54}],"player_experience":104262,"relics_obtained":[{"floor":5,"key":"Bag of Preparation"},{"floor":7,"key":"Lantern"},{"floor":9,"key":"Whetstone"},{"floor":25,"key":"Pen Nib"},{"floor":26,"key":"Smiling Mask"},{"floor":54,"key":"War Paint"}],"event_choices":[{"damage_healed":0,"gold_gain":0,"player_choice":"Leave","damage_taken":0,"max_hp_gain":0,"max_hp_loss":0,"event_name":"The Cleric","floor":2,"gold_loss":0},{"damage_healed":0,"gold_gain":0,"player_choice":"Ignored","damage_taken":0,"max_hp_gain":0,"max_hp_loss":0,"event_name":"Liars Game","floor":11,"gold_loss":0},{"damage_healed":0,"gold_gain":0,"player_choice":"Success","damage_taken":3,"relics_obtained":["Symbiotic Virus"],"max_hp_gain":0,"max_hp_loss":0,"event_name":"Scrap Ooze","floor":13,"gold_loss":0},{"cards_removed":["Strike_B"],"damage_healed":0,"gold_gain":0,"player_choice":"Offered Basic","damage_taken":0,"max_hp_gain":0,"max_hp_loss":0,"event_name":"Bonfire Elementals","floor":19,"gold_loss":0},{"cards_removed":["Defend_B"],"damage_healed":0,"gold_gain":0,"player_choice":"Elegance","damage_taken":0,"max_hp_gain":0,"max_hp_loss":0,"event_name":"Back to Basics","floor":22,"gold_loss":0},{"cards_removed":["Defend_B"],"damage_healed":0,"gold_gain":0,"player_choice":"Gave Gold","damage_taken":0,"max_hp_gain":0,"max_hp_loss":0,"event_name":"Beggar","floor":28,"gold_loss":75},{"damage_healed":0,"gold_gain":0,"player_choice":"Ignored","damage_taken":0,"max_hp_gain":0,"max_hp_loss":0,"event_name":"Tomb of Lord Red Mask","floor":38,"gold_loss":0},{"damage_healed":0,"gold_gain":0,"player_choice":"Bought 1 Potion","damage_taken":0,"max_hp_gain":0,"max_hp_loss":0,"event_name":"The Woman in Blue","floor":44,"gold_loss":0}],"is_beta":false,"boss_relics":[{"not_picked":["Lizard Tail","Calling Bell"],"picked":"Busted Crown"},{"not_picked":["Pandora\u0027s Box","Velvet Choker"],"picked":"Cursed Key"}],"items_purged_floors":[21,37,45,53],"is_endless":false,"potions_floor_spawned":[1,3,14,18,20,33,36,41,48],"killed_by":"The Heart","ascension_level":12}