{"gold_per_floor":[113,113,130,143,157,190,190],"floor_reached":7,"playtime":460,"items_purged":[],"score":93,"play_id":"9d8a279f-3406-45c7-a512-59514a51c5b0","local_time":"20190217112837","is_ascension_mode":true,"campfire_choices":[],"neow_cost":"NONE","seed_source_timestamp":495365210843300,"circlet_count":0,"master_deck":["AscendersBane","Defend_G","Defend_G","Defend_G","Defend_G","Defend_G","Strike_G","Strike_G","Strike_G","Strike_G","Survivor","Neutralize","Forethought","Dagger Throw","Night Terror","Cloak And Dagger","Flying Knee","Envenom"],"relics":["Ring of the Snake","Dead Branch"],"potions_floor_usage":[4,6,6],"damage_taken":[{"damage":1,"enemies":"2 Louse","floor":1,"turns":4},{"damage":12,"enemies":"Cultist","floor":3,"turns":6},{"damage":0,"enemies":"Jaw Worm","floor":4,"turns":3},{"damage":3,"enemies":"Exordium Wildlife","floor":5,"turns":6},{"damage":39,"enemies":"3 Sentries","floor":6,"turns":9},{"damage":5,"enemies":"Red Slaver","floor":7,"turns":4}],"seed_played":"-1480992342645564725","potions_obtained":[{"floor":1,"key":"LiquidBronze"},{"floor":3,"key":"AttackPotion"},{"floor":5,"key":"LiquidBronze"}],"is_trial":false,"path_per_floor":["M","?","M","M","M","E","M"],"character_chosen":"THE_SILENT","items_purchased":[],"campfire_rested":0,"item_purchase_floors":[],"current_hp_per_floor":[58,58,46,46,43,4,0],"gold":190,"neow_bonus":"RANDOM_COLORLESS","is_prod":false,"is_daily":false,"chose_seed":false,"campfire_upgraded":0,"win_rate":0,"timestamp":1550428117,"path_taken":["M","?","M","?","M","E","M"],"build_version":"2019-01-23","purchased_purges":0,"victory":false,"max_hp_per_floor":[66,66,66,66,66,66,66],"card_choices":[{"not_picked":["Slice","Distraction"],"picked":"Dagger Throw","floor":1},{"not_picked":["Caltrops","Flying Knee"],"picked":"Cloak And Dagger","floor":3},{"not_picked":["Concentrate","Infinite Blades"],"picked":"Flying Knee","floor":4},{"not_picked":["Outmaneuver","Deadly Poison","Blade Dance"],"picked":"SKIP","floor":5},{"not_picked":["Deadly Poison","Flechettes"],"picked":"Envenom","floor":6}],"player_experience":962080,"relics_obtained":[{"floor":6,"key":"Dead Branch"}],"event_choices":[{"damage_healed":0,"gold_gain":0,"cards_transformed":["Strike_G"],"player_choice":"Transformed","damage_taken":0,"max_hp_gain":0,"max_hp_loss":0,"event_name":"Transmorgrifier","floor":2,"gold_loss":0,"cards_obtained":["Night Terror"]}],"is_beta":false,"boss_relics":[],"items_purged_floors":[],"is_endless":false,"potions_floor_spawned":[1,3,5],"killed_by":"Red Slaver","ascension_level":15}