{"path_per_floor":["M","?","?","M","M","R","T","?","T","M","M","R","M","E","R","B",null,"M","?","M","$","?","$","R","M","T","?","M","R","M","E","R","B",null,"M","?","?","$","$","R","?","R","T","E","R","M","R","M","R","B"],"character_chosen":"DEFECT","items_purchased":["Unceasing Top","Static Discharge","Melter","Regen Potion","Bandage Up","Self Repair"],"gold_per_floor":[366,366,366,384,396,396,396,396,475,486,506,506,524,555,555,650,650,668,668,678,30,180,44,44,63,88,88,106,106,120,152,152,247,247,258,358,358,233,83,83,83,83,106,135,135,154,154,172,172,172],"floor_reached":51,"campfire_rested":3,"playtime":6312,"item_purchase_floors":[],"current_hp_per_floor":[37,22,22,21,21,43,53,53,53,45,42,67,68,62,62,48,87,62,45,22,22,22,22,50,57,57,57,65,65,78,79,79,25,102,95,95,99,99,99,99,101,101,108,108,108,107,107,108,108,64],"items_purged":["Regret","Strike_B","Strike_B","Strike_B"],"gold":172,"score":918,"play_id":"55d9f8c5-7633-4a9e-902d-1e7c07a53102","local_time":"20180608235839","is_prod":false,"is_daily":false,"chose_seed":false,"is_ascension_mode":false,"campfire_upgraded":8,"win_rate":0,"timestamp":1528520319,"campfire_choices":[{"floor":6.0,"key":"REST"},{"floor":12.0,"key":"REST"},{"data":"Creative AI","floor":15.0,"key":"SMITH"},{"floor":24.0,"key":"REST"},{"data":"Static Discharge","floor":29.0,"key":"SMITH"},{"data":"Static Discharge","floor":32.0,"key":"SMITH"},{"data":"Dualcast","floor":40.0,"key":"SMITH"},{"data":"Electrodynamics","floor":42.0,"key":"SMITH"},{"data":"Double Energy","floor":45,"key":"SMITH"},{"data":"Auto Shields","floor":47,"key":"SMITH"},{"data":"Glacier","floor":49,"key":"SMITH"}],"path_taken":["M","?","?","M","M","R","?","?","T","M","?","R","M","E","R","BOSS","M","?","?","$","?","$","R","M","T","?","M","R","?","E","R","BOSS","M","?","?","?","$","R","?","R","T","E","R","M","R","M","R","BOSS"],"build_version":"2018-06-07v3","seed_source_timestamp":0,"purchased_purges":4,"victory":true,"master_deck":["Defend_B+1","Defend_B","Defend_B","Defend_B","Zap+1","Dualcast+1","Go for the Eyes+1","Reboot","Glacier+1","Coolheaded","Lockon+1","Auto Shields+1","Static Discharge+1","Creative AI+1","Sunder+1","Static Discharge+1","Melter","Bandage Up","Self Repair","Electrodynamics+1","Double Energy+1","Tempest+1"],"max_hp_per_floor":[75,75,75,75,75,75,85,85,85,85,85,85,85,85,85,87,87,89,94,94,94,94,94,94,96,96,96,98,98,100,102,102,102,102,104,104,106,106,106,106,108,108,115,115,115,115,115,117,117,117],"relics":["Cracked Core","Pear","Dead Branch","Mummified Hand","Singing Bowl","Runic Pyramid","Unceasing Top","Omamori","Juzu Bracelet","Sozu","Sundial","Strawberry","Whetstone"],"card_choices":[{"not_picked":["Ball Lightning","Redo"],"picked":"Go for the Eyes","floor":1.0},{"not_picked":["Stack","BootSequence"],"picked":"Glacier","floor":4.0},{"not_picked":["Compile Driver","Auto Shields"],"picked":"Coolheaded","floor":5.0},{"not_picked":["Ball Lightning","Steam Power"],"picked":"Lockon","floor":10.0},{"not_picked":["Genetic Algorithm","Beam Cell"],"picked":"Auto Shields","floor":11.0},{"not_picked":["Ball Lightning","Sweeping Beam"],"picked":"Static Discharge","floor":13.0},{"not_picked":["FTL","Coolheaded"],"picked":"Creative AI","floor":14.0},{"not_picked":["Reboot","Hyperbeam","Core Surge"],"picked":"Singing Bowl","floor":16.0},{"not_picked":["Gash","Go for the Eyes+1","Redo"],"picked":"Singing Bowl","floor":18.0},{"not_picked":["Conserve Battery+1","Sweeping Beam"],"picked":"Sunder+1","floor":20.0},{"not_picked":["Turbo","Ball Lightning+1","Leap"],"picked":"Singing Bowl","floor":25.0},{"not_picked":["Self Repair","Glacier+1","Melter"],"picked":"Singing Bowl","floor":28.0},{"not_picked":["Gash+1","Amplify","Recycle"],"picked":"Singing Bowl","floor":30.0},{"not_picked":["Skim","Barrage+1","Double Energy"],"picked":"Singing Bowl","floor":31.0},{"not_picked":["Hyperbeam","Seek"],"picked":"Electrodynamics","floor":33.0},{"not_picked":["Cold Snap+1","Genetic Algorithm+1","Streamline"],"picked":"Singing Bowl","floor":35.0},{"not_picked":["Go for the Eyes+1","Barrage","Reprogram"],"picked":"Singing Bowl","floor":37.0},{"not_picked":["Transmutation","Dramatic Entrance","Madness"],"picked":"Singing Bowl","floor":41.0},{"not_picked":["Blizzard","Barrage+1"],"picked":"Double Energy","floor":44},{"not_picked":["Beam Cell","Ball Lightning+1"],"picked":"Tempest+1","floor":46},{"not_picked":["Compile Driver+1","Glacier","Coolheaded+1"],"picked":"Singing Bowl","floor":48}],"player_experience":124718,"potions_floor_usage":[],"damage_taken":[{"damage":1.0,"enemies":"Jaw Worm","floor":1.0,"turns":3.0},{"damage":1.0,"enemies":"2 Louse","floor":4.0,"turns":2.0},{"damage":0.0,"enemies":"Cultist","floor":5.0,"turns":3.0},{"damage":8.0,"enemies":"Looter","floor":10.0,"turns":3.0},{"damage":3.0,"enemies":"Blue Slaver","floor":11.0,"turns":3.0},{"damage":6.0,"enemies":"Large Slime","floor":13.0,"turns":8.0},{"damage":6.0,"enemies":"Gremlin Nob","floor":14.0,"turns":5.0},{"damage":16.0,"enemies":"The Guardian","floor":16.0,"turns":10.0},{"damage":27.0,"enemies":"Chosen","floor":18.0,"turns":5.0},{"damage":23.0,"enemies":"2 Thieves","floor":20.0,"turns":4.0},{"damage":18.0,"enemies":"Snecko","floor":25.0,"turns":5.0},{"damage":5.0,"enemies":"Centurion and Healer","floor":28.0,"turns":8.0},{"damage":0.0,"enemies":"Sentry and Sphere","floor":30.0,"turns":3.0},{"damage":12.0,"enemies":"Gremlin Leader","floor":31.0,"turns":9.0},{"damage":58.0,"enemies":"Champ","floor":33.0,"turns":9.0},{"damage":13.0,"enemies":"3 Shapes","floor":35.0,"turns":2.0},{"damage":9.0,"floor":37.0,"turns":11.0},{"damage":11,"enemies":"2 Orb Walkers","floor":44,"turns":4},{"damage":1,"enemies":"Orb Walker","floor":46,"turns":3},{"damage":12,"enemies":"Maw","floor":48,"turns":5},{"damage":55,"enemies":"Time Eater","floor":50,"turns":10}],"relics_obtained":[{"floor":7.0,"key":"Pear"},{"floor":9.0,"key":"Mummified Hand"},{"floor":14.0,"key":"Singing Bowl"},{"floor":26.0,"key":"Omamori"},{"floor":31.0,"key":"Juzu Bracelet"},{"floor":37.0,"key":"Sundial"},{"floor":43.0,"key":"Strawberry"},{"floor":44,"key":"Whetstone"}],"event_choices":[{"event_name":"Shining Light","player_choice":"Entered Light","floor":2.0,"damage_taken":0.0},{"event_name":"Transmorgrifier","player_choice":"Transform","floor":3.0,"damage_taken":0.0},{"event_name":"Big Fish","player_choice":"Box","floor":8.0,"damage_taken":0.0},{"event_name":"Forgotten Altar","player_choice":"Shed Blood","floor":19.0,"damage_taken":0.0},{"event_name":"Nest","player_choice":"Stole From Cult","floor":22.0,"damage_taken":0.0},{"event_name":"Vampires","player_choice":"Ignored","floor":27.0,"damage_taken":0.0},{"event_name":"Golden Shrine","player_choice":"Pray","floor":36.0,"damage_taken":0.0},{"event_name":"MindBloom","player_choice":"Fight","floor":37.0,"damage_taken":0.0},{"event_name":"SensoryStone","player_choice":"Memory 1","floor":41.0,"damage_taken":0.0}],"boss_relics":[{"not_picked":["Orrery","Velvet Choker"],"picked":"Runic Pyramid"},{"not_picked":["Nuclear Battery","Philosopher\u0027s Stone"],"picked":"Sozu"}],"items_purged_floors":[],"potions_floor_spawned":[4,11,14,16,20,25,28,44,48],"seed_played":"-5619035690649271209","ascension_level":0,"potions_obtained":[{"floor":4.0,"key":"Swift Potion"},{"floor":11.0,"key":"Explosive Potion"},{"floor":14.0,"key":"SkillPotion"},{"floor":16.0,"key":"LiquidBronze"},{"floor":20.0,"key":"SkillPotion"},{"floor":25.0,"key":"FocusPotion"},{"floor":28.0,"key":"FocusPotion"}],"is_trial":false}