{"gold_per_floor":[110,110,130,130,7,35,35,63,137,137,156,188,202,222,222,317,317,329,1,1,21,33,59,59,86,86,100,113,113,113,144,144,246,246,264,264,139,192,42,76,94,104,174,185,199,199,15,31,31,31],"floor_reached":51,"playtime":4652,"items_purged":["Strike_B","Strike_B","Strike_B","Zap"],"score":1086,"play_id":"11b80ec7-eae8-41b7-9441-517910fb6c62","local_time":"20190212232107","is_ascension_mode":true,"campfire_choices":[{"floor":7,"key":"REST"},{"data":"Doom and Gloom","floor":10,"key":"SMITH"},{"data":"Ball Lightning","floor":15,"key":"SMITH"},{"floor":24,"key":"REST"},{"floor":29,"key":"REST"},{"floor":32,"key":"REST"},{"floor":46,"key":"REST"},{"floor":49,"key":"REST"}],"neow_cost":"NONE","seed_source_timestamp":455452172520195,"circlet_count":0,"master_deck":["Strike_B","Defend_B","Defend_B","Defend_B","Dualcast","Leap","Cold Snap+1","Cold Snap","Core Surge+1","Doom and Gloom+1","Chill","Ball Lightning+1","Undo","Electrodynamics","Machine Learning","Capacitor","Go for the Eyes+1","Conserve Battery","Hologram+1","Core Surge","BootSequence+1","Ball Lightning+1","Glacier+1","Multi-Cast","Defragment","Steam Power+1","Barrage+1","Beam Cell","Buffer","Glacier+1","Heatsinks","FTL","Stack","All For One","Apotheosis","Compile Driver"],"relics":["Cracked Core","Lantern","Pen Nib","Meat on the Bone","Shuriken","Bottled Flame","Fusion Hammer","Sling","Omamori","DataDisk","Mercury Hourglass","Bag of Marbles","Regal Pillow","Orrery","Incense Burner","Whetstone","Bottled Lightning"],"potions_floor_usage":[8,16,16,21,31,33,38,50,50],"damage_taken":[{"damage":5,"enemies":"Small Slimes","floor":1,"turns":3},{"damage":0,"enemies":"Jaw Worm","floor":3,"turns":2},{"damage":20,"enemies":"Lagavulin","floor":6,"turns":8},{"damage":6,"enemies":"Gremlin Nob","floor":8,"turns":4},{"damage":0,"enemies":"Cultist","floor":11,"turns":2},{"damage":12,"enemies":"Lagavulin","floor":12,"turns":5},{"damage":0,"enemies":"Large Slime","floor":13,"turns":3},{"damage":0,"enemies":"Exordium Thugs","floor":14,"turns":2},{"damage":32,"enemies":"Hexaghost","floor":16,"turns":11},{"damage":0,"enemies":"Spheric Guardian","floor":18,"turns":3},{"damage":4,"enemies":"2 Thieves","floor":21,"turns":4},{"damage":21,"enemies":"Centurion and Healer","floor":22,"turns":6},{"damage":25,"enemies":"Slavers","floor":23,"turns":4},{"damage":4,"enemies":"Gremlin Leader","floor":25,"turns":5},{"damage":3,"enemies":"3 Cultists","floor":27,"turns":5},{"damage":0,"enemies":"Cultist and Chosen","floor":28,"turns":4},{"damage":12,"enemies":"Book of Stabbing","floor":31,"turns":4},{"damage":19,"enemies":"Champ","floor":33,"turns":13},{"damage":9,"enemies":"3 Shapes","floor":35,"turns":3},{"damage":44,"enemies":"2 Orb Walkers","floor":38,"turns":6},{"damage":0,"enemies":"Giant Head","floor":40,"turns":7},{"damage":0,"enemies":"3 Darklings","floor":41,"turns":2},{"damage":0,"enemies":"Maw","floor":42,"turns":7},{"damage":15,"enemies":"Writhing Mass","floor":44,"turns":6},{"damage":0,"enemies":"Sphere and 2 Shapes","floor":45,"turns":4},{"damage":3,"enemies":"3 Darklings","floor":48,"turns":2},{"damage":2,"enemies":"Time Eater","floor":50,"turns":10}],"seed_played":"418665346740919724","potions_obtained":[{"floor":6,"key":"AttackPotion"},{"floor":11,"key":"Regen Potion"},{"floor":13,"key":"Regen Potion"},{"floor":16,"key":"SpeedPotion"},{"floor":25,"key":"Weak Potion"},{"floor":28,"key":"Fire Potion"},{"floor":31,"key":"GamblersBrew"},{"floor":38,"key":"SpeedPotion"},{"floor":42,"key":"Ancient Potion"},{"floor":44,"key":"FearPotion"},{"floor":48,"key":"Poison Potion"}],"is_trial":false,"path_per_floor":["M","?","M","?","$","E","R","E","T","R","M","E","M","M","R","B",null,"M","$","?","M","M","E","R","E","T","M","M","R","?","E","R","B",null,"M","?","$","?","$","E","M","M","T","M","M","R","$","M","R","B",null],"character_chosen":"DEFECT","items_purchased":["Cold Snap","Go for the Eyes","Sling","Apotheosis"],"campfire_rested":6,"item_purchase_floors":[5,19,19,47],"current_hp_per_floor":[63,56,56,56,56,36,58,52,52,52,52,40,40,40,40,48,68,68,68,75,71,50,37,59,55,55,52,52,74,74,62,75,56,70,61,61,61,29,29,41,41,41,41,38,38,75,75,72,75,73],"gold":31,"neow_bonus":"RANDOM_COMMON_RELIC","is_prod":false,"is_daily":false,"chose_seed":false,"campfire_upgraded":2,"win_rate":0,"timestamp":1550035267,"path_taken":["M","?","M","?","$","E","R","E","T","R","M","E","?","M","R","BOSS","M","$","?","M","M","E","R","E","T","?","?","R","?","E","R","BOSS","M","?","?","?","$","E","M","M","T","?","M","R","$","M","R","BOSS"],"build_version":"2019-01-23","purchased_purges":4,"victory":true,"max_hp_per_floor":[75,75,75,75,75,75,75,75,75,75,75,75,75,75,75,75,75,75,75,75,75,75,75,75,75,75,75,75,75,75,75,75,75,75,75,75,75,75,75,75,75,75,75,75,75,75,75,75,75,75],"card_choices":[{"not_picked":["Consume","Turbo"],"picked":"Leap","floor":1},{"not_picked":["White Noise","Rip and Tear"],"picked":"Cold Snap","floor":3},{"not_picked":["Reprogram","Hyperbeam"],"picked":"Core Surge","floor":6},{"not_picked":["Redo","Rebound"],"picked":"Doom and Gloom","floor":8},{"not_picked":["Fusion","Lockon"],"picked":"Chill","floor":11},{"not_picked":["Rebound","Coolheaded"],"picked":"Ball Lightning","floor":12},{"not_picked":["Rebound","Compile Driver"],"picked":"Undo","floor":13},{"not_picked":["Ball Lightning","Recycle"],"picked":"Electrodynamics","floor":14},{"not_picked":["Fission","Reboot"],"picked":"Machine Learning","floor":16},{"not_picked":["Sweeping Beam","Hologram"],"picked":"Capacitor","floor":18},{"not_picked":["Stack+1","White Noise","Rebound"],"picked":"SKIP","floor":21},{"not_picked":["Turbo","Beam Cell"],"picked":"Conserve Battery","floor":22},{"not_picked":["Electrodynamics","Streamline"],"picked":"Hologram+1","floor":23},{"not_picked":["Stack+1","Rebound+1"],"picked":"Core Surge","floor":25},{"not_picked":["Rip and Tear","Reprogram+1"],"picked":"BootSequence+1","floor":27},{"not_picked":["Hologram","Cold Snap"],"picked":"Ball Lightning+1","floor":28},{"not_picked":["Heatsinks+1","Doom and Gloom"],"picked":"Glacier+1","floor":31},{"not_picked":["Machine Learning","Creative AI"],"picked":"Multi-Cast","floor":33},{"not_picked":["Gash","Rebound"],"picked":"Defragment","floor":34},{"not_picked":["Stack","Leap"],"picked":"Steam Power+1","floor":34},{"not_picked":["Ball Lightning","Hologram"],"picked":"Barrage+1","floor":34},{"not_picked":["Redo","Streamline"],"picked":"Beam Cell","floor":34},{"not_picked":["Fusion","Skim"],"picked":"Buffer","floor":35},{"not_picked":["Chill","Steam+1"],"picked":"Heatsinks","floor":38},{"not_picked":["Skim+1","Tempest"],"picked":"FTL","floor":40},{"not_picked":["Rebound","Conserve Battery+1"],"picked":"Stack","floor":41},{"not_picked":["Compile Driver+1","Ball Lightning+1","Hello World+1"],"picked":"SKIP","floor":42},{"not_picked":["Barrage+1","Skim"],"picked":"All For One","floor":44},{"not_picked":["Redo+1","Turbo","Sweeping Beam+1"],"picked":"SKIP","floor":45},{"not_picked":["Skim+1","Glacier"],"picked":"Compile Driver","floor":48}],"player_experience":276201,"relics_obtained":[{"floor":6,"key":"Pen Nib"},{"floor":8,"key":"Meat on the Bone"},{"floor":9,"key":"Shuriken"},{"floor":12,"key":"Bottled Flame"},{"floor":23,"key":"Omamori"},{"floor":25,"key":"DataDisk"},{"floor":26,"key":"Mercury Hourglass"},{"floor":31,"key":"Regal Pillow"},{"floor":38,"key":"Incense Burner"},{"floor":40,"key":"Whetstone"},{"floor":43,"key":"Bottled Lightning"}],"event_choices":[{"cards_removed":["Defend_B"],"damage_healed":0,"gold_gain":0,"player_choice":"Card Removal","damage_taken":7,"max_hp_gain":0,"max_hp_loss":0,"event_name":"Golden Wing","floor":2,"gold_loss":0},{"damage_healed":0,"gold_gain":0,"player_choice":"Forge","damage_taken":0,"max_hp_gain":0,"max_hp_loss":0,"event_name":"Accursed Blacksmith","floor":4,"gold_loss":0,"cards_upgraded":["Cold Snap"]},{"damage_healed":7,"gold_gain":0,"player_choice":"Full Heal","damage_taken":0,"max_hp_gain":0,"max_hp_loss":0,"event_name":"Wheel of Change","floor":20,"gold_loss":0},{"damage_healed":0,"gold_gain":0,"player_choice":"Stole Relic","damage_taken":0,"relics_obtained":["Bag of Marbles"],"max_hp_gain":0,"max_hp_loss":0,"event_name":"Addict","floor":30,"gold_loss":0,"cards_obtained":["Shame"]},{"damage_healed":0,"gold_gain":0,"player_choice":"Copied","damage_taken":0,"max_hp_gain":0,"max_hp_loss":0,"event_name":"Duplicator","floor":36,"gold_loss":0,"cards_obtained":["Glacier"]},{"damage_healed":0,"gold_gain":0,"player_choice":"Fight","damage_taken":0,"max_hp_gain":0,"max_hp_loss":0,"event_name":"Mysterious Sphere","floor":38,"gold_loss":0}],"is_beta":false,"boss_relics":[{"not_picked":["Cursed Key","Pandora\u0027s Box"],"picked":"Fusion Hammer"},{"not_picked":["Philosopher\u0027s Stone","Tiny House"],"picked":"Orrery"}],"items_purged_floors":[5,19,37,39],"is_endless":false,"potions_floor_spawned":[6,11,13,16,25,28,31,38,42,44,48],"ascension_level":9}