{"gold_per_floor":[213,230,240,250,175,175,209,209,235,266,166,41,41,66,66,161,161,174,174,99,118,118,118,118,128,128,160,171,183,33,53,53,158,158,176,176,186,186,11,11,22,22,49,0,100,132,132,13,13,13],"floor_reached":51,"playtime":1756,"items_purged":["Defend_R","Defend_R","Defend_R","Strike_R","Sentinel+1"],"score":828,"play_id":"a5f66855-de0d-45ee-b18e-0e5374f97121","local_time":"20190211093525","is_ascension_mode":false,"campfire_choices":[{"data":"Clash","floor":6.0,"key":"SMITH"},{"data":"Shrug It Off","floor":13.0,"key":"SMITH"},{"floor":15.0,"key":"REST"},{"data":"Bash","floor":23.0,"key":"SMITH"},{"floor":32.0,"key":"REST"},{"floor":40.0,"key":"REST"},{"floor":42,"key":"REST"},{"floor":49,"key":"REST"}],"neow_cost":"NONE","seed_source_timestamp":47143887667692,"circlet_count":0,"master_deck":["Strike_R+1","Bash+1","Shrug It Off+1","Clash+1","Warcry+1","Demon Form+1","Limit Break"],"special_seed":0,"relics":["Burning Blood","Anchor","Omamori","Blood Vial","Odd Mushroom","Cursed Key","MutagenicStrength","Mercury Hourglass","Frozen Egg 2","Astrolabe","Bronze Scales","Strawberry","Red Mask","Ice Cream","Regal Pillow"],"potions_floor_usage":[47,50,50],"damage_taken":[{"damage":6.0,"enemies":"Cultist","floor":1.0,"turns":4.0},{"damage":2.0,"enemies":"2 Louse","floor":2.0,"turns":4.0},{"damage":6.0,"enemies":"Jaw Worm","floor":3.0,"turns":4.0},{"damage":5.0,"enemies":"Looter","floor":4.0,"turns":4.0},{"damage":13.0,"enemies":"Lagavulin","floor":7.0,"turns":6.0},{"damage":26.0,"enemies":"Gremlin Nob","floor":10.0,"turns":5.0},{"damage":19.0,"enemies":"The Mushroom Lair","floor":14.0,"turns":4.0},{"damage":65.0,"enemies":"The Guardian","floor":16.0,"turns":8.0},{"damage":21.0,"enemies":"2 Thieves","floor":18.0,"turns":4.0},{"damage":0.0,"enemies":"Chosen","floor":21.0,"turns":2.0},{"damage":0.0,"enemies":"Snake Plant","floor":25.0,"turns":2.0},{"damage":7.0,"enemies":"Gremlin Leader","floor":27.0,"turns":4.0},{"damage":20.0,"enemies":"Sentry and Sphere","floor":28.0,"turns":4.0},{"damage":6.0,"enemies":"Cultist and Chosen","floor":29.0,"turns":3.0},{"damage":15.0,"enemies":"Snecko","floor":31.0,"turns":3.0},{"damage":64.0,"enemies":"Automaton","floor":33.0,"turns":8.0},{"damage":27.0,"enemies":"Orb Walker","floor":35.0,"turns":4.0},{"damage":10.0,"enemies":"3 Darklings","floor":37.0,"turns":4.0},{"damage":13,"enemies":"Sphere and 2 Shapes","floor":41,"turns":3},{"damage":37,"enemies":"Mind Bloom Boss Battle","floor":45,"turns":4},{"damage":58,"enemies":"Nemesis","floor":46,"turns":5},{"damage":0,"enemies":"Writhing Mass","floor":47,"turns":1},{"damage":53,"enemies":"Time Eater","floor":50,"turns":7}],"seed_played":"-8236143655576908704","potions_obtained":[{"floor":1.0,"key":"AttackPotion"},{"floor":3.0,"key":"SteroidPotion"},{"floor":4.0,"key":"Strength Potion"},{"floor":14.0,"key":"Dexterity Potion"},{"floor":25.0,"key":"SmokeBomb"},{"floor":28.0,"key":"Block Potion"},{"floor":33.0,"key":"SpeedPotion"},{"floor":35.0,"key":"Fire Potion"},{"floor":46,"key":"Weak Potion"}],"is_trial":false,"path_per_floor":["M","M","M","M","$","R","E","?","T","E","$","$","R","?","R","B",null,"M","?","?","M","$","R","?","M","T","E","M","M","$","M","R","B",null,"M","?","M","?","$","R","M","R","T","?","?","E","M","$","R","B",null],"character_chosen":"IRONCLAD","items_purchased":["Limit Break","PowerPotion"],"campfire_rested":5,"item_purchase_floors":[48,48],"current_hp_per_floor":[80,80,80,80,80,80,73,78,78,58,58,58,58,47,72,15,85,70,70,70,78,78,78,78,85,85,84,71,73,73,66,85,27,85,64,64,62,62,62,85,78,85,92,92,61,11,19,19,61,16],"gold":13,"neow_bonus":"HUNDRED_GOLD","is_prod":false,"is_daily":false,"chose_seed":false,"campfire_upgraded":3,"win_rate":0,"timestamp":1549866925,"path_taken":["M","?","M","M","$","R","E","?","T","E","?","$","R","?","R","BOSS","M","?","?","M","?","R","?","?","T","E","M","M","$","M","R","BOSS","M","?","M","?","$","R","?","R","T","?","?","E","?","$","R","BOSS"],"build_version":"2019-01-23","purchased_purges":5,"victory":true,"max_hp_per_floor":[80,80,80,80,80,80,80,85,85,85,85,85,85,85,85,85,85,85,85,85,85,85,85,85,85,85,85,85,85,85,85,85,85,85,85,85,85,85,85,85,85,85,92,92,92,92,92,92,92,92],"card_choices":[{"not_picked":["Dual Wield","Seeing Red"],"picked":"Shrug It Off","floor":1.0},{"not_picked":["Power Through","Hemokinesis","Perfected Strike"],"picked":"SKIP","floor":2.0},{"not_picked":["Shrug It Off","Perfected Strike"],"picked":"Clash","floor":3.0},{"not_picked":["Intimidate","Perfected Strike","Spot Weakness"],"picked":"SKIP","floor":4.0},{"not_picked":["Pommel Strike","Armaments","Disarm"],"picked":"SKIP","floor":7.0},{"not_picked":["Bludgeon","Flex","Havoc"],"picked":"SKIP","floor":10.0},{"not_picked":["Shrug It Off+1","Iron Wave","Clothesline"],"picked":"SKIP","floor":18.0},{"not_picked":["Clash","Sword Boomerang+1","Clothesline"],"picked":"SKIP","floor":21.0},{"not_picked":["Havoc","Juggernaut","Anger"],"picked":"SKIP","floor":25.0},{"not_picked":["Clash","Shockwave","Corruption"],"picked":"SKIP","floor":27.0},{"not_picked":["Clash","Shockwave","Corruption"],"picked":"SKIP","floor":27.0},{"not_picked":["Twin Strike","Headbutt+1","Wild Strike"],"picked":"SKIP","floor":28.0},{"not_picked":["Feed","Heavy Blade+1","Sword Boomerang"],"picked":"SKIP","floor":29.0},{"not_picked":["Iron Wave","Carnage+1","Infernal Blade"],"picked":"SKIP","floor":31.0},{"not_picked":["Cleave+1","True Grit+1","Hemokinesis"],"picked":"SKIP","floor":35.0},{"not_picked":["Rupture+1","Flex","Warcry"],"picked":"SKIP","floor":37.0},{"not_picked":["Uppercut+1","Heavy Blade+1","Power Through+1"],"picked":"SKIP","floor":41},{"not_picked":["Intimidate+1","Fire Breathing+1","Thunderclap"],"picked":"SKIP","floor":46}],"player_experience":297257,"relics_obtained":[{"floor":7.0,"key":"Anchor"},{"floor":9.0,"key":"Omamori"},{"floor":10.0,"key":"Blood Vial"},{"floor":14.0,"key":"Odd Mushroom"},{"floor":26.0,"key":"Mercury Hourglass"},{"floor":27.0,"key":"Frozen Egg 2"},{"floor":43,"key":"Strawberry"},{"floor":45,"key":"Ice Cream"},{"floor":46,"key":"Regal Pillow"}],"event_choices":[{"damage_healed":0.0,"max_hp_gain":5.0,"max_hp_loss":0.0,"gold_gain":0.0,"event_name":"Big Fish","player_choice":"Donut","floor":8.0,"gold_loss":0.0,"damage_taken":0.0},{"damage_healed":0.0,"max_hp_gain":0.0,"max_hp_loss":0.0,"gold_gain":0.0,"event_name":"Mushrooms","player_choice":"Fought Mushrooms","floor":14.0,"gold_loss":0.0,"damage_taken":0.0},{"damage_healed":0.0,"max_hp_gain":0.0,"max_hp_loss":0.0,"gold_gain":0.0,"event_name":"Drug Dealer","player_choice":"Inject Mutagens","floor":19.0,"gold_loss":0.0,"damage_taken":0.0,"relics_obtained":["MutagenicStrength"]},{"cards_removed":["Defend_R"],"damage_healed":0.0,"max_hp_gain":0.0,"max_hp_loss":0.0,"gold_gain":0.0,"event_name":"Beggar","player_choice":"Gave Gold","floor":20.0,"gold_loss":75.0,"damage_taken":0.0},{"damage_healed":0.0,"max_hp_gain":0.0,"max_hp_loss":0.0,"gold_gain":0.0,"event_name":"Upgrade Shrine","player_choice":"Upgraded","floor":24.0,"gold_loss":0.0,"damage_taken":0.0,"cards_upgraded":["Strike_R"]},{"damage_healed":0.0,"max_hp_gain":0.0,"max_hp_loss":0.0,"gold_gain":0.0,"event_name":"Mysterious Sphere","player_choice":"Ignored","floor":36.0,"gold_loss":0.0,"damage_taken":0.0},{"damage_healed":0.0,"max_hp_gain":0.0,"max_hp_loss":0.0,"gold_gain":0.0,"event_name":"WeMeetAgain","player_choice":"Gave Potion","floor":38.0,"gold_loss":0.0,"damage_taken":0.0,"relics_obtained":["Bronze Scales"]},{"damage_healed":0,"gold_gain":0,"player_choice":"Paid","damage_taken":0,"relics_obtained":["Red Mask"],"max_hp_gain":0,"max_hp_loss":0,"event_name":"Tomb of Lord Red Mask","floor":44,"gold_loss":49},{"damage_healed":0,"gold_gain":0,"player_choice":"Fight","damage_taken":0,"max_hp_gain":0,"max_hp_loss":0,"event_name":"MindBloom","floor":45,"gold_loss":0}],"is_beta":false,"boss_relics":[{"not_picked":["Sozu","Runic Cube"],"picked":"Cursed Key"},{"not_picked":["Runic Pyramid","Fusion Hammer"],"picked":"Astrolabe"}],"items_purged_floors":[5,11,12,30,39],"is_endless":false,"potions_floor_spawned":[1,3,4,14,25,28,29,33,35,46,47],"ascension_level":0}