{"gold_per_floor":[117,117,42,60,83,121,137,137,137,152,168,168,207,282,282,282],"floor_reached":16,"playtime":526,"items_purged":["Defend_R"],"score":112,"play_id":"c8c9a9b3-037e-4323-b147-3b1b17efa6c4","local_time":"20190212125011","is_ascension_mode":false,"campfire_choices":[{"floor":12,"key":"REST"},{"floor":15,"key":"REST"}],"neow_cost":"NONE","seed_source_timestamp":56121141142387,"circlet_count":0,"master_deck":["Strike_R","Strike_R","Strike_R","Strike_R","Strike_R","Defend_R","Defend_R","Defend_R","Bash","Perfected Strike","Perfected Strike","Shrug It Off"],"special_seed":0,"relics":["Burning Blood","NeowsBlessing","Golden Idol","Paper Frog","Darkstone Periapt","Vajra"],"potions_floor_usage":[16,16,16],"damage_taken":[{"damage":0.0,"enemies":"Jaw Worm","floor":1.0,"turns":1.0},{"damage":0.0,"enemies":"2 Louse","floor":4.0,"turns":1.0},{"damage":0.0,"enemies":"Small Slimes","floor":5.0,"turns":1.0},{"damage":45.0,"enemies":"Lagavulin","floor":6.0,"turns":7.0},{"damage":7.0,"enemies":"3 Louse","floor":7.0,"turns":3.0},{"damage":17,"enemies":"Gremlin Gang","floor":10,"turns":5},{"damage":5,"enemies":"Red Slaver","floor":11,"turns":4},{"damage":18,"enemies":"3 Sentries","floor":13,"turns":8},{"damage":61,"enemies":"The Guardian","floor":16,"turns":9}],"seed_played":"855934161671676350","potions_obtained":[{"floor":5.0,"key":"BloodPotion"},{"floor":6.0,"key":"Energy Potion"},{"floor":10,"key":"PowerPotion"},{"floor":13,"key":"BloodPotion"}],"is_trial":false,"path_per_floor":["M","?","$","M","M","E","M","?","T","M","M","R","E","?","R","B"],"character_chosen":"IRONCLAD","items_purchased":[],"campfire_rested":2,"item_purchase_floors":[],"current_hp_per_floor":[80,74,74,74,74,35,34,34,34,23,24,46,34,23,45,0],"gold":282,"neow_bonus":"THREE_ENEMY_KILL","is_prod":false,"is_daily":false,"chose_seed":false,"campfire_upgraded":0,"win_rate":0,"timestamp":1549965011,"path_taken":["M","?","$","M","M","E","M","?","T","M","M","R","E","?","R","BOSS"],"build_version":"2019-01-23","purchased_purges":1,"victory":false,"max_hp_per_floor":[80,74,74,74,74,74,74,74,74,74,74,74,74,74,74,74],"card_choices":[{"not_picked":["Armaments","Sword Boomerang","Infernal Blade"],"picked":"SKIP","floor":1.0},{"not_picked":["Evolve","Armaments","Clothesline"],"picked":"SKIP","floor":4.0},{"not_picked":["Thunderclap","Headbutt"],"picked":"Perfected Strike","floor":5.0},{"not_picked":["Iron Wave","Armaments","Whirlwind"],"picked":"SKIP","floor":6.0},{"not_picked":["Rupture","Shrug It Off"],"picked":"Perfected Strike","floor":7.0},{"not_picked":["Headbutt","Iron Wave"],"picked":"Shrug It Off","floor":10},{"not_picked":["Clothesline","Warcry","Headbutt"],"picked":"SKIP","floor":11},{"not_picked":["Carnage","Thunderclap","Headbutt"],"picked":"SKIP","floor":13}],"player_experience":344780,"relics_obtained":[{"floor":6.0,"key":"Paper Frog"},{"floor":9,"key":"Darkstone Periapt"},{"floor":13,"key":"Vajra"}],"event_choices":[{"damage_healed":0.0,"max_hp_gain":0.0,"max_hp_loss":6.0,"gold_gain":0.0,"event_name":"Golden Idol","player_choice":"Lose Max HP","floor":2.0,"gold_loss":0.0,"damage_taken":0.0,"relics_obtained":["Golden Idol"]},{"damage_healed":0,"gold_gain":0,"player_choice":"Ignored","damage_taken":0,"max_hp_gain":0,"max_hp_loss":0,"event_name":"Shining Light","floor":8,"gold_loss":0},{"damage_healed":0,"gold_gain":75,"player_choice":"Gather Gold","damage_taken":11,"max_hp_gain":0,"max_hp_loss":0,"event_name":"World of Goop","floor":14,"gold_loss":0}],"is_beta":false,"boss_relics":[],"items_purged_floors":[3],"is_endless":false,"potions_floor_spawned":[5,6,10,13],"killed_by":"The Guardian","ascension_level":0}