{"gold_per_floor":[114,129,0,15,15,45,60,60,60,75,105,105,105,120,120,220,220,235,250,250,265,103,103,118,118,143,193,193,151,166,166,166,166],"floor_reached":33,"playtime":1262,"items_purged":[],"score":280,"play_id":"c80308bf-4c25-446f-b7f8-787f54ccca4f","local_time":"20190211171216","daily_mods":["Specialized","Vintage","Terminal"],"is_ascension_mode":false,"campfire_choices":[{"floor":8,"key":"REST"},{"floor":15,"key":"REST"},{"floor":23,"key":"REST"},{"floor":25,"key":"REST"},{"floor":28,"key":"DIG"},{"floor":32,"key":"REST"}],"neow_cost":"","seed_source_timestamp":0,"circlet_count":0,"master_deck":["Defend_G","Defend_G","Defend_G","Defend_G","Defend_G","Strike_G","Strike_G","Strike_G","Strike_G","Strike_G","Survivor","Neutralize","Crippling Poison","Crippling Poison","Crippling Poison","Crippling Poison","Crippling Poison","Accuracy","Blade Dance","Underhanded Strike","Envenom","Catalyst","Footwork","PiercingWail"],"special_seed":17938,"relics":["Ring of the Snake","Tingsha","Mummified Hand","Shuriken","Torii","WingedGreaves","Meat on the Bone","Shovel","Snake Skull","Question Card","Runic Pyramid","Letter Opener","Smiling Mask","Red Mask","Juzu Bracelet","Bag of Preparation","MawBank","Bottled Tornado","Enchiridion"],"potions_floor_usage":[33],"damage_taken":[{"damage":1,"enemies":"Cultist","floor":1,"turns":4},{"damage":0,"enemies":"Jaw Worm","floor":2,"turns":5},{"damage":0,"enemies":"2 Louse","floor":4,"turns":3},{"damage":29,"enemies":"Lagavulin","floor":6,"turns":7},{"damage":2,"enemies":"Large Slime","floor":7,"turns":7},{"damage":0,"enemies":"Gremlin Gang","floor":10,"turns":4},{"damage":3,"enemies":"3 Sentries","floor":11,"turns":8},{"damage":2,"enemies":"2 Fungi Beasts","floor":14,"turns":3},{"damage":24,"enemies":"The Guardian","floor":16,"turns":11},{"damage":11,"enemies":"3 Byrds","floor":18,"turns":5},{"damage":15,"enemies":"2 Thieves","floor":19,"turns":4},{"damage":25,"enemies":"Masked Bandits","floor":21,"turns":4},{"damage":21,"enemies":"Centurion and Healer","floor":24,"turns":8},{"damage":24,"enemies":"3 Cultists","floor":30,"turns":5},{"damage":17,"enemies":"Collector","floor":33,"turns":5}],"seed_played":"6339212738474030288","potions_obtained":[{"floor":7,"key":"SkillPotion"},{"floor":10,"key":"Weak Potion"},{"floor":11,"key":"Energy Potion"}],"is_trial":false,"path_per_floor":["M","M","$","M","$","E","M","R","T","M","E","?","$","M","R","B",null,"M","M","?","?","$","R","M","R","T","?","R","$","M","?","R","B"],"character_chosen":"THE_SILENT","items_purchased":["Accuracy","Blade Dance","Catalyst","Footwork","PiercingWail"],"campfire_rested":5,"item_purchase_floors":[3,3,22,22,29],"current_hp_per_floor":[68,67,66,65,64,35,33,51,51,51,48,48,48,46,54,30,52,41,26,26,13,13,27,18,31,31,31,31,31,19,3,14,0],"gold":166,"neow_bonus":"","is_prod":false,"is_daily":true,"chose_seed":false,"campfire_upgraded":0,"win_rate":0,"timestamp":1549894336,"path_taken":["M","M","?","M","$","E","M","R","T","M","E","?","$","?","R","BOSS","M","M","?","?","$","R","M","R","T","?","R","$","M","?","R","BOSS"],"build_version":"2019-01-23","purchased_purges":0,"victory":false,"max_hp_per_floor":[68,67,66,65,64,63,62,61,60,59,58,57,56,55,54,53,52,51,50,49,48,47,46,45,44,43,42,41,40,39,38,37,37],"card_choices":[{"not_picked":["Prepared","Crippling Poison","Acrobatics"],"picked":"SKIP","floor":6},{"not_picked":["Quick Slash","Prepared"],"picked":"Underhanded Strike","floor":11},{"not_picked":["Storm of Steel","After Image","Adrenaline"],"picked":"Envenom","floor":16}],"player_experience":315596,"relics_obtained":[{"floor":1,"key":"Tingsha"},{"floor":2,"key":"Mummified Hand"},{"floor":4,"key":"Shuriken"},{"floor":6,"key":"Torii"},{"floor":7,"key":"WingedGreaves"},{"floor":9,"key":"Meat on the Bone"},{"floor":10,"key":"Shovel"},{"floor":11,"key":"Snake Skull"},{"floor":14,"key":"Question Card"},{"floor":18,"key":"Letter Opener"},{"floor":19,"key":"Smiling Mask"},{"floor":21,"key":"Red Mask"},{"floor":24,"key":"Juzu Bracelet"},{"floor":26,"key":"Bag of Preparation"},{"floor":28,"key":"MawBank"},{"floor":30,"key":"Bottled Tornado"},{"floor":31,"key":"Enchiridion"}],"event_choices":[{"damage_healed":0,"gold_gain":0,"player_choice":"Bought 0 Potions","damage_taken":0,"max_hp_gain":0,"max_hp_loss":0,"event_name":"The Woman in Blue","floor":12,"gold_loss":0},{"damage_healed":0,"gold_gain":0,"player_choice":"Ignored","damage_taken":0,"max_hp_gain":0,"max_hp_loss":0,"event_name":"Ghosts","floor":20,"gold_loss":0},{"damage_healed":0,"gold_gain":0,"player_choice":"Fought Bandits","damage_taken":0,"max_hp_gain":0,"max_hp_loss":0,"event_name":"Masked Bandits","floor":21,"gold_loss":0},{"damage_healed":0,"gold_gain":100,"player_choice":"Bet on Murderer","damage_taken":0,"max_hp_gain":0,"max_hp_loss":0,"event_name":"The Joust","floor":27,"gold_loss":50},{"damage_healed":0,"gold_gain":0,"player_choice":"Obtained Book","damage_taken":16,"max_hp_gain":0,"max_hp_loss":0,"event_name":"Cursed Tome","floor":31,"gold_loss":0}],"is_beta":false,"boss_relics":[{"not_picked":["Runic Dome","White Beast Statue"],"picked":"Runic Pyramid"}],"items_purged_floors":[],"is_endless":false,"potions_floor_spawned":[7,10,11,14,16,18,19],"killed_by":"Collector","ascension_level":0}