{"gold_per_floor":[212,212,223,223,223,223,44,64,64,64,81,113,113,140,140,244,244,262,262,262,282,118,118,151,151,151,163,163,163,195,158,158,253,253,273,273,273,288,288,288,63,63,90,107,127,162,162,174,174,174],"floor_reached":51,"playtime":4367,"items_purged":["Strike_G","Strike_G"],"score":1062,"play_id":"12c25a4f-9a7b-422d-aabc-9783e3f44851","local_time":"20190204214155","is_ascension_mode":true,"campfire_choices":[{"data":"Cloak And Dagger","floor":6,"key":"SMITH"},{"data":"Noxious Fumes","floor":10,"key":"SMITH"},{"data":"Caltrops","floor":13,"key":"SMITH"},{"data":"Calculated Gamble","floor":15,"key":"SMITH"},{"data":"Well Laid Plans","floor":23,"key":"SMITH"},{"floor":28,"key":"REST"},{"floor":32,"key":"REST"},{"data":"Footwork","floor":40,"key":"SMITH"},{"data":"Footwork","floor":42,"key":"SMITH"},{"floor":47,"key":"REST"},{"floor":49,"key":"REST"}],"neow_cost":"NONE","seed_source_timestamp":341282629188200,"circlet_count":0,"master_deck":["AscendersBane","Defend_G","Defend_G","Defend_G","Defend_G","Strike_G","Survivor","Neutralize+1","Dagger Throw","Cloak And Dagger+1","Noxious Fumes+1","Caltrops+1","Calculated Gamble+1","Malaise","Flechettes+1","Dagger Spray+1","Expertise+1","Well Laid Plans+1","Footwork+1","Slice+1","Flash of Steel","RitualDagger","Outmaneuver+1","Prepared+1","Noxious Fumes","Footwork+1","Skewer+1","Panache","Outmaneuver+1","Backflip","Cloak And Dagger+1","Outmaneuver+1","Prepared+1"],"relics":["Ring of the Snake","Ornamental Fan","FaceOfCleric","PreservedInsect","Shuriken","Bag of Marbles","Question Card","Astrolabe","Dream Catcher","Kunai","Bag of Preparation","Philosopher\u0027s Stone","Centennial Puzzle","Mummified Hand"],"potions_floor_usage":[12,27,45,50,50],"damage_taken":[{"damage":5,"enemies":"Small Slimes","floor":1,"turns":6},{"damage":2,"enemies":"Cultist","floor":3,"turns":4},{"damage":2,"enemies":"Jaw Worm","floor":8,"turns":4},{"damage":4,"enemies":"Exordium Thugs","floor":11,"turns":4},{"damage":2,"enemies":"Gremlin Nob","floor":12,"turns":3},{"damage":5,"enemies":"3 Sentries","floor":14,"turns":4},{"damage":14,"enemies":"Hexaghost","floor":16,"turns":7},{"damage":4,"enemies":"2 Thieves","floor":18,"turns":3},{"damage":0,"enemies":"Chosen","floor":21,"turns":5},{"damage":9,"enemies":"Gremlin Leader","floor":24,"turns":4},{"damage":14,"enemies":"Snecko","floor":27,"turns":6},{"damage":18,"enemies":"Book of Stabbing","floor":30,"turns":4},{"damage":31,"enemies":"Champ","floor":33,"turns":9},{"damage":3,"enemies":"3 Shapes","floor":35,"turns":6},{"damage":6,"enemies":"Orb Walker","floor":38,"turns":3},{"damage":8,"enemies":"Jaw Worm Horde","floor":44,"turns":2},{"damage":0,"enemies":"3 Darklings","floor":45,"turns":5},{"damage":2,"enemies":"Nemesis","floor":46,"turns":3},{"damage":2,"enemies":"Transient","floor":48,"turns":5},{"damage":26,"enemies":"Donu and Deca","floor":50,"turns":6}],"seed_played":"778796558253209142","potions_obtained":[{"floor":3,"key":"GhostInAJar"},{"floor":8,"key":"SteroidPotion"},{"floor":12,"key":"Explosive Potion"},{"floor":30,"key":"Swift Potion"},{"floor":35,"key":"Dexterity Potion"},{"floor":45,"key":"Strength Potion"}],"is_trial":false,"path_per_floor":["M","?","M","?","?","R","$","M","T","R","M","E","R","E","R","B",null,"M","?","?","M","$","R","E","?","T","M","R","?","E","$","R","B",null,"M","?","?","M","$","R","$","R","T","M","M","E","R","M","R","B",null],"character_chosen":"THE_SILENT","items_purchased":["Noxious Fumes","PreservedInsect","Flash of Steel","Noxious Fumes","GhostInAJar","Backflip"],"campfire_rested":4,"item_purchase_floors":[7,7,22,31,41,41],"current_hp_per_floor":[58,58,56,56,56,56,56,55,55,55,52,51,51,47,47,34,65,62,62,62,63,63,63,55,49,49,36,59,44,27,27,52,22,70,68,68,68,63,63,63,63,63,63,56,57,56,83,82,92,67],"gold":174,"neow_bonus":"HUNDRED_GOLD","is_prod":false,"is_daily":false,"chose_seed":false,"campfire_upgraded":7,"win_rate":0,"timestamp":1549341715,"path_taken":["M","?","?","?","?","R","$","M","T","R","M","E","R","E","R","BOSS","M","?","?","M","$","R","E","?","T","M","R","?","E","$","R","BOSS","M","?","?","M","$","R","$","R","T","M","?","E","R","M","R","BOSS"],"build_version":"2019-01-23","purchased_purges":2,"victory":true,"max_hp_per_floor":[70,70,70,70,70,70,70,71,71,71,72,73,73,74,74,75,75,76,76,76,77,77,77,78,78,78,79,79,84,85,85,85,86,86,87,87,87,88,88,88,88,88,88,89,90,91,91,92,92,93],"card_choices":[{"not_picked":["Bane","Flying Knee"],"picked":"Dagger Throw","floor":1},{"not_picked":["Distraction","Flying Knee"],"picked":"Cloak And Dagger","floor":3},{"not_picked":["All Out Attack","Accuracy"],"picked":"Caltrops","floor":8},{"not_picked":["Grand Finale","Dodge and Roll","Concentrate"],"picked":"SKIP","floor":11},{"not_picked":["Dagger Spray","Dagger Throw","Outmaneuver"],"picked":"SKIP","floor":12},{"not_picked":["Setup","Tactician"],"picked":"Calculated Gamble","floor":14},{"not_picked":["Glass Knife","Storm of Steel","Doppelganger"],"picked":"Malaise","floor":16},{"not_picked":["Acrobatics","Quick Slash+1","Dagger Throw"],"picked":"Well Laid Plans","floor":18},{"not_picked":["Eviscerate","Distraction+1","Flechettes"],"picked":"Slice+1","floor":21},{"not_picked":["Accuracy","Dagger Throw","Cloak And Dagger","Slice"],"picked":"SKIP","floor":24},{"not_picked":["Dagger Spray","Quick Slash","Backflip"],"picked":"Outmaneuver+1","floor":27},{"not_picked":["Poisoned Stab","Acrobatics","Endless Agony"],"picked":"Prepared+1","floor":28},{"not_picked":["All Out Attack","Corpse Explosion","Acrobatics","Deflect"],"picked":"SKIP","floor":30},{"not_picked":["Bane","Well Laid Plans+1","Flechettes"],"picked":"Footwork","floor":32},{"not_picked":["Endless Agony","Quick Slash","Dagger Throw"],"picked":"Skewer+1","floor":35},{"not_picked":["Dark Shackles","Secret Weapon","Trip"],"picked":"Panache","floor":36},{"not_picked":["Well Laid Plans","Deadly Poison","Underhanded Strike"],"picked":"Outmaneuver+1","floor":38},{"not_picked":["Cloak And Dagger","All Out Attack+1","Bane+1","Deadly Poison+1"],"picked":"SKIP","floor":44},{"not_picked":["Sucker Punch","Poisoned Stab","Quick Slash"],"picked":"Cloak And Dagger+1","floor":45},{"not_picked":["Crippling Poison+1","Riddle With Holes","Glass Knife"],"picked":"Outmaneuver+1","floor":46},{"not_picked":["Bane","Cloak And Dagger+1","Deadly Poison"],"picked":"Prepared+1","floor":47},{"not_picked":["Backflip","Outmaneuver","Doppelganger","Slice+1"],"picked":"SKIP","floor":48}],"player_experience":889949,"relics_obtained":[{"floor":2,"key":"Ornamental Fan"},{"floor":9,"key":"Shuriken"},{"floor":12,"key":"Bag of Marbles"},{"floor":14,"key":"Question Card"},{"floor":24,"key":"Dream Catcher"},{"floor":26,"key":"Kunai"},{"floor":30,"key":"Bag of Preparation"},{"floor":43,"key":"Centennial Puzzle"},{"floor":46,"key":"Mummified Hand"}],"event_choices":[{"damage_healed":0,"gold_gain":0,"player_choice":"Relic","damage_taken":0,"max_hp_gain":0,"max_hp_loss":0,"event_name":"Wheel of Change","floor":2,"gold_loss":0},{"damage_healed":0,"gold_gain":0,"player_choice":"Grow","damage_taken":0,"max_hp_gain":0,"max_hp_loss":0,"event_name":"Living Wall","floor":4,"gold_loss":0,"cards_upgraded":["Neutralize"]},{"damage_healed":0,"gold_gain":0,"player_choice":"Trade","damage_taken":0,"relics_obtained":["FaceOfCleric"],"max_hp_gain":0,"max_hp_loss":0,"event_name":"FaceTrader","floor":5,"gold_loss":0},{"damage_healed":0,"gold_gain":0,"player_choice":"Read","damage_taken":0,"max_hp_gain":0,"max_hp_loss":0,"event_name":"The Library","floor":19,"gold_loss":0,"cards_obtained":["Footwork"]},{"damage_healed":0,"gold_gain":0,"player_choice":"Ignored","damage_taken":0,"max_hp_gain":0,"max_hp_loss":0,"event_name":"Ghosts","floor":20,"gold_loss":0},{"damage_healed":0,"gold_gain":0,"player_choice":"Joined the Cult","damage_taken":6,"max_hp_gain":0,"max_hp_loss":0,"event_name":"Nest","floor":25,"gold_loss":0,"cards_obtained":["RitualDagger"]},{"damage_healed":0,"gold_gain":0,"player_choice":"Shed Blood","damage_taken":20,"max_hp_gain":5,"max_hp_loss":0,"event_name":"Forgotten Altar","floor":29,"gold_loss":0},{"damage_healed":0,"gold_gain":0,"player_choice":"Memory 1","damage_taken":0,"max_hp_gain":0,"max_hp_loss":0,"event_name":"SensoryStone","floor":36,"gold_loss":0},{"damage_healed":0,"gold_gain":0,"player_choice":"Got Potions","damage_taken":0,"max_hp_gain":0,"max_hp_loss":0,"event_name":"Lab","floor":37,"gold_loss":0}],"is_beta":false,"boss_relics":[{"not_picked":["Ring of the Serpent","Lizard Tail"],"picked":"Astrolabe"},{"not_picked":["White Beast Statue","Eternal Feather"],"picked":"Philosopher\u0027s Stone"}],"items_purged_floors":[22,41],"is_endless":false,"potions_floor_spawned":[3,8,12,21,30,33,35,45],"ascension_level":11}