{"gold_per_floor":[112,129,54,54,4,4,44,44,44,62,62,86,45,127,127,255,255,274,293,47,60,0,0,0,0,0,24,44,44],"floor_reached":29,"playtime":1389,"items_purged":["Strike_B"],"score":248,"play_id":"d64a9081-b782-46a9-99df-25b088894aab","local_time":"20190211024034","is_ascension_mode":false,"campfire_choices":[{"data":"Redo","floor":6,"key":"SMITH"},{"data":"Dualcast","floor":8,"key":"SMITH"},{"data":"Hello World","floor":11,"key":"SMITH"},{"floor":15,"key":"REST"},{"floor":23,"key":"REST"},{"floor":25,"key":"REST"}],"neow_cost":"NONE","seed_source_timestamp":22700764486118,"circlet_count":0,"master_deck":["Strike_B","Strike_B","Defend_B","Defend_B","Defend_B","Defend_B","Zap","Dualcast+1","Redo+1","Coolheaded","Core Surge","Hello World+1","Doom and Gloom","Turbo+1","Go for the Eyes","Double Energy","Loop"],"relics":["Cracked Core","NeowsBlessing","Golden Idol","Strawberry","Calipers","Kunai","Inserter","Letter Opener","Smiling Mask"],"potions_floor_usage":[27,29],"damage_taken":[{"damage":0,"enemies":"Cultist","floor":1,"turns":1},{"damage":0,"enemies":"Jaw Worm","floor":2,"turns":1},{"damage":0,"enemies":"Lagavulin","floor":7,"turns":1},{"damage":8,"enemies":"Small Slimes","floor":10,"turns":3},{"damage":12,"enemies":"Blue Slaver","floor":12,"turns":3},{"damage":39,"enemies":"Hexaghost","floor":16,"turns":13},{"damage":27,"enemies":"3 Byrds","floor":18,"turns":4},{"damage":10,"enemies":"Spheric Guardian","floor":19,"turns":3},{"damage":31,"enemies":"Snake Plant","floor":21,"turns":5},{"damage":41,"enemies":"Sentry and Sphere","floor":27,"turns":6},{"damage":13,"enemies":"Snecko","floor":28,"turns":5},{"damage":10,"enemies":"Centurion and Healer","floor":29,"turns":3}],"seed_played":"5199101803078934830","potions_obtained":[{"floor":2,"key":"AttackPotion"},{"floor":7,"key":"Ancient Potion"},{"floor":12,"key":"FearPotion"},{"floor":27,"key":"PowerPotion"}],"is_trial":false,"path_per_floor":["M","M","$","?","?","R","E","R","T","M","R","M","$","T","R","B",null,"M","M","$","M","?","R","?","R","T","M","M","M"],"character_chosen":"DEFECT","items_purchased":["Doom and Gloom","Letter Opener"],"campfire_rested":3,"item_purchase_floors":[13,20],"current_hp_per_floor":[75,75,75,57,57,57,64,64,64,56,56,44,44,44,68,29,82,55,45,45,14,14,38,38,62,62,21,8,0],"gold":44,"neow_bonus":"THREE_ENEMY_KILL","is_prod":false,"is_daily":false,"chose_seed":false,"campfire_upgraded":3,"win_rate":0.0,"timestamp":1549842034,"path_taken":["M","?","$","?","?","R","E","R","T","M","R","M","$","?","R","BOSS","M","M","$","M","?","R","?","R","T","M","M","M"],"build_version":"2019-01-23","purchased_purges":1,"victory":false,"max_hp_per_floor":[75,75,75,75,75,75,82,82,82,82,82,82,82,82,82,82,82,82,82,82,82,82,82,82,82,82,82,82,82],"card_choices":[{"not_picked":["Ball Lightning","Steam Power"],"picked":"Redo","floor":1},{"not_picked":["Go for the Eyes","Heatsinks"],"picked":"Coolheaded","floor":2},{"not_picked":["Compile Driver","Steam"],"picked":"Core Surge","floor":7},{"not_picked":["Aggregate","Cold Snap"],"picked":"Hello World","floor":10},{"not_picked":["Glacier","Recycle","Cold Snap"],"picked":"SKIP","floor":12},{"not_picked":["Chill","Rebound+1"],"picked":"Turbo+1","floor":18},{"not_picked":["Barrage","Hologram"],"picked":"Go for the Eyes","floor":19},{"not_picked":["Steam","Darkness"],"picked":"Double Energy","floor":21},{"not_picked":["Rip and Tear+1","Hologram+1"],"picked":"Loop","floor":27},{"not_picked":["Streamline","Glacier","Doom and Gloom"],"picked":"SKIP","floor":28}],"player_experience":278550,"relics_obtained":[{"floor":7,"key":"Strawberry"},{"floor":9,"key":"Calipers"},{"floor":14,"key":"Kunai"},{"floor":26,"key":"Smiling Mask"}],"event_choices":[{"damage_healed":0,"gold_gain":0,"player_choice":"Take Damage","damage_taken":18,"relics_obtained":["Golden Idol"],"max_hp_gain":0,"max_hp_loss":0,"event_name":"Golden Idol","floor":4,"gold_loss":0},{"cards_removed":["Strike_B"],"damage_healed":0,"gold_gain":0,"player_choice":"Card Removal","damage_taken":0,"max_hp_gain":0,"max_hp_loss":0,"event_name":"The Cleric","floor":5,"gold_loss":50},{"damage_healed":0,"gold_gain":0,"player_choice":"Paid Fearfully","damage_taken":0,"max_hp_gain":0,"max_hp_loss":0,"event_name":"Masked Bandits","floor":22,"gold_loss":60},{"damage_healed":0,"gold_gain":0,"player_choice":"Ignored","damage_taken":0,"max_hp_gain":0,"max_hp_loss":0,"event_name":"Beggar","floor":24,"gold_loss":0}],"is_beta":false,"boss_relics":[{"not_picked":["Cursed Key","Runic Pyramid"],"picked":"Inserter"}],"items_purged_floors":[3],"is_endless":false,"potions_floor_spawned":[2,7,12,19,21,27],"killed_by":"Centurion and Healer","ascension_level":0}