{"gold_per_floor":[110,110,126,76,251,251,267,267,291,291,304,338,68,79,79,180,180,191,209,209,209,220,220,52,66,66,78,78,93,93,124,124,219,219,235,246,58,58,106,106,138,151,151,251,278,298,26,54,54,54],"floor_reached":51,"playtime":5757,"items_purged":["Doubt","Strike_B","Defend_B"],"score":767,"play_id":"b5f87063-15a1-40b3-b9a6-04decfd5db50","local_time":"20180710225141","is_ascension_mode":true,"campfire_choices":[{"data":"Genetic Algorithm","floor":6,"key":"SMITH"},{"data":"Go for the Eyes","floor":8,"key":"SMITH"},{"data":"Zap","floor":10,"key":"SMITH"},{"floor":15,"key":"REST"},{"data":"Creative AI","floor":23,"key":"SMITH"},{"data":"Static Discharge","floor":28,"key":"SMITH"},{"data":"Buffer","floor":30,"key":"SMITH"},{"data":"Storm","floor":32,"key":"SMITH"},{"floor":40,"key":"REST"},{"data":"Apotheosis","floor":49,"key":"SMITH"}],"neow_cost":"NONE","seed_source_timestamp":2411902767301255,"circlet_count":0,"master_deck":["Defend_B","Defend_B","Zap+1","Dualcast","Genetic Algorithm+1","Conserve Battery","Go for the Eyes+1","Creative AI+1","Storm","Buffer+1","Seek+1","Skim+1","BootSequence+1","Self Repair+1","Lockon","Storm+1","Static Discharge+1","Redo+1","Machine Learning","Amplify","Apotheosis+1","Madness","Madness","Storm+1","Loop"],"relics":["Philosopher\u0027s Stone","Bag of Marbles","Vajra","TheAbacus","Astrolabe","Bag of Preparation","Bronze Scales","Runic Pyramid","Gambling Chip","Pantograph","Bottled Lightning","Symbiotic Virus","Art of War","Happy Flower"],"potions_floor_usage":[11,11,16,33,33,33,50,50,50],"damage_taken":[{"damage":1,"enemies":"Cultist","floor":1,"turns":4},{"damage":6,"enemies":"2 Louse","floor":3,"turns":2},{"damage":3,"enemies":"Jaw Worm","floor":7,"turns":5},{"damage":3,"enemies":"Gremlin Gang","floor":11,"turns":5},{"damage":37,"enemies":"Gremlin Nob","floor":12,"turns":5},{"damage":0,"enemies":"Looter","floor":14,"turns":2},{"damage":19,"enemies":"Slime Boss","floor":16,"turns":7},{"damage":0,"enemies":"Shell Parasite","floor":18,"turns":4},{"damage":9,"enemies":"Spheric Guardian","floor":19,"turns":5},{"damage":2,"enemies":"Centurion and Healer","floor":22,"turns":8},{"damage":6,"enemies":"Cultist and Chosen","floor":25,"turns":5},{"damage":17,"enemies":"Slaver and Parasite","floor":27,"turns":4},{"damage":0,"enemies":"Snake Plant","floor":29,"turns":2},{"damage":12,"enemies":"Book of Stabbing","floor":31,"turns":4},{"damage":20,"enemies":"Collector","floor":33,"turns":6},{"damage":2,"enemies":"3 Shapes","floor":35,"turns":3},{"damage":9,"enemies":"3 Darklings","floor":36,"turns":4},{"damage":49,"floor":39,"turns":5},{"damage":0,"enemies":"2 Orb Walkers","floor":41,"turns":5},{"damage":0,"enemies":"Maw","floor":42,"turns":6},{"damage":11,"enemies":"Giant Head","floor":45,"turns":6},{"damage":0,"enemies":"Sphere and 2 Shapes","floor":46,"turns":3},{"damage":11,"enemies":"Nemesis","floor":48,"turns":5},{"damage":23,"enemies":"Donu and Deca","floor":50,"turns":5}],"seed_played":"-8639917300129898890","potions_obtained":[{"floor":1,"key":"FearPotion"},{"floor":3,"key":"SteroidPotion"},{"floor":12,"key":"AttackPotion"},{"floor":16,"key":"Fire Potion"},{"floor":19,"key":"Explosive Potion"},{"floor":27,"key":"Energy Potion"},{"floor":33,"key":"PowerPotion"},{"floor":41,"key":"PowerPotion"},{"floor":42,"key":"SpeedPotion"},{"floor":46,"key":"Energy Potion"}],"is_trial":false,"path_per_floor":["M","$","M","?","?","R","M","R","T","R","M","E","$","M","R","B",null,"M","M","?","?","M","R","$","M","T","M","R","M","R","E","R","B",null,"M","M","$","?","?","R","E","M","T","?","E","M","$","E","R","B"],"character_chosen":"DEFECT","items_purchased":["TheAbacus","Static Discharge","Apotheosis","Art of War"],"campfire_rested":2,"item_purchase_floors":[13,24,37,47],"current_hp_per_floor":[74,74,68,68,68,68,65,65,65,65,62,25,25,25,47,28,75,75,75,75,75,75,75,75,75,75,68,68,75,75,73,73,63,75,75,75,75,66,37,59,69,75,75,75,74,74,74,73,73,62],"gold":54,"neow_bonus":"BOSS_RELIC","is_prod":false,"is_daily":false,"chose_seed":false,"campfire_upgraded":8,"win_rate":0,"timestamp":1531281101,"path_taken":["M","?","M","?","?","R","M","R","T","R","M","E","$","M","R","BOSS","M","M","?","?","M","R","$","M","T","?","R","M","R","E","R","BOSS","M","?","$","?","?","R","E","?","T","?","E","M","$","E","R","BOSS"],"build_version":"2018-07-05","purchased_purges":3,"victory":true,"max_hp_per_floor":[75,75,75,75,75,75,75,75,75,75,75,75,75,75,75,75,75,75,75,75,75,75,75,75,75,75,75,75,75,75,75,75,75,75,75,75,75,75,75,75,75,75,75,75,75,75,75,75,75,75],"card_choices":[{"not_picked":["Ball Lightning","Leap"],"picked":"Genetic Algorithm","floor":1},{"not_picked":["Aggregate","Undo"],"picked":"Conserve Battery","floor":3},{"not_picked":["BootSequence","Heatsinks"],"picked":"Go for the Eyes","floor":7},{"not_picked":["Barrage","Leap","Turbo"],"picked":"SKIP","floor":11},{"not_picked":["Reinforced Body","Turbo"],"picked":"Creative AI","floor":12},{"not_picked":["Go for the Eyes","Streamline"],"picked":"Storm","floor":14},{"not_picked":["Echo Form","Biased Cognition"],"picked":"Buffer","floor":16},{"not_picked":["Beam Cell+1","Turbo"],"picked":"Self Repair+1","floor":18},{"not_picked":["Streamline","Sweeping Beam"],"picked":"Lockon","floor":19},{"not_picked":["Cold Snap","Streamline+1","Blizzard+1"],"picked":"SKIP","floor":22},{"not_picked":["Hyperbeam","Barrage+1","Steam Power+1"],"picked":"SKIP","floor":25},{"not_picked":["Hologram+1","Reinforced Body+1"],"picked":"Redo+1","floor":27},{"not_picked":["Go for the Eyes","Turbo","Gash"],"picked":"SKIP","floor":29},{"not_picked":["Gash","Reinforced Body"],"picked":"Machine Learning","floor":31},{"not_picked":["Buffer","Fission"],"picked":"Amplify","floor":33},{"not_picked":["Hologram+1","Reprogram","Turbo+1"],"picked":"SKIP","floor":35},{"not_picked":["Blizzard+1","Steam+1","Cold Snap"],"picked":"SKIP","floor":36},{"not_picked":["Blizzard+1","Turbo","Consume"],"picked":"SKIP","floor":41},{"not_picked":["Hello World","Compile Driver"],"picked":"Storm+1","floor":42},{"not_picked":["Hologram+1","Steam Power+1","Leap"],"picked":"SKIP","floor":45},{"not_picked":["Rebound+1","Barrage+1"],"picked":"Loop","floor":46},{"not_picked":["Coolheaded+1","Aggregate","Go for the Eyes"],"picked":"SKIP","floor":48}],"player_experience":274467,"relics_obtained":[{"floor":9,"key":"Bag of Marbles"},{"floor":12,"key":"Vajra"},{"floor":26,"key":"Bag of Preparation"},{"floor":31,"key":"Bronze Scales"},{"floor":39,"key":"Gambling Chip"},{"floor":41,"key":"Pantograph"},{"floor":43,"key":"Bottled Lightning"},{"floor":45,"key":"Symbiotic Virus"},{"floor":48,"key":"Happy Flower"}],"event_choices":[{"event_name":"The Cleric","player_choice":"Card Removal","floor":4,"damage_taken":0},{"event_name":"Liars Game","player_choice":"agreed","floor":5,"damage_taken":0},{"event_name":"The Library","player_choice":"Read","floor":20,"damage_taken":0},{"event_name":"Drug Dealer","player_choice":"Ignored","floor":21,"damage_taken":0},{"event_name":"Winding Halls","player_choice":"Embrace Madness","floor":38,"damage_taken":0},{"event_name":"Mysterious Sphere","player_choice":"Fight","floor":39,"damage_taken":0},{"event_name":"Golden Shrine","player_choice":"Pray","floor":44,"damage_taken":0}],"boss_relics":[{"not_picked":["Calling Bell","Fusion Hammer"],"picked":"Astrolabe"},{"not_picked":["Velvet Choker","Orrery"],"picked":"Runic Pyramid"}],"items_purged_floors":[13,24,47],"is_endless":false,"potions_floor_spawned":[1,3,12,16,19,27,33,41,42,46,48],"ascension_level":1}