{"gold_per_floor":[110,62,74,91,111,111,137,150,150,150,163,173,173,199,199,199],"floor_reached":16,"playtime":1418,"items_purged":[],"score":114,"play_id":"22fa7e2f-3956-476d-81bc-f8683593e5e8","local_time":"20190204105244","is_ascension_mode":false,"campfire_choices":[{"data":"Flying Knee","floor":6.0,"key":"SMITH"},{"floor":13,"key":"REST"},{"floor":15,"key":"REST"}],"neow_cost":"NONE","seed_source_timestamp":42926971708141,"circlet_count":0,"master_deck":["Defend_G","Defend_G","Defend_G","Defend_G","Defend_G","Strike_G","Strike_G","Strike_G","Strike_G","Strike_G","Survivor","Neutralize","Outmaneuver","Poisoned Stab","Leg Sweep","Flying Knee+1","Underhanded Strike","Underhanded Strike","Riddle With Holes","Bullet Time","Distraction","Caltrops"],"special_seed":0,"relics":["Ring of the Snake","Vajra","Singing Bowl","Pen Nib"],"potions_floor_usage":[],"damage_taken":[{"damage":4.0,"enemies":"Cultist","floor":1.0,"turns":5.0},{"damage":3.0,"enemies":"Jaw Worm","floor":3.0,"turns":4.0},{"damage":0.0,"enemies":"Small Slimes","floor":4.0,"turns":7.0},{"damage":9.0,"enemies":"Exordium Wildlife","floor":5.0,"turns":3.0},{"damage":9.0,"enemies":"3 Sentries","floor":7.0,"turns":11.0},{"damage":0.0,"enemies":"Looter","floor":8.0,"turns":5.0},{"damage":10,"enemies":"Exordium Thugs","floor":11,"turns":4},{"damage":7,"enemies":"Large Slime","floor":12,"turns":6},{"damage":4,"enemies":"Gremlin Nob","floor":14,"turns":3},{"damage":84,"enemies":"Slime Boss","floor":16,"turns":13}],"seed_played":"7236584427679361391","potions_obtained":[{"floor":5.0,"key":"Poison Potion"},{"floor":7.0,"key":"FearPotion"},{"floor":11,"key":"Regen Potion"}],"is_trial":false,"path_per_floor":["M","$","M","M","M","R","E","M","T","?","M","M","R","E","R","B"],"character_chosen":"THE_SILENT","items_purchased":["Poisoned Stab"],"campfire_rested":2,"item_purchase_floors":[2],"current_hp_per_floor":[73,73,70,70,61,61,52,52,52,52,42,35,58,54,77,0],"gold":199,"neow_bonus":"TEN_PERCENT_HP_BONUS","is_prod":false,"is_daily":false,"chose_seed":false,"campfire_upgraded":1,"win_rate":0.0,"timestamp":1549266764,"path_taken":["M","$","M","M","?","R","E","M","T","?","?","M","R","E","R","BOSS"],"build_version":"2019-01-23","purchased_purges":0,"victory":false,"max_hp_per_floor":[77,77,77,77,77,77,77,77,77,77,77,77,77,77,77,77],"card_choices":[{"not_picked":["Bane","Slice"],"picked":"Outmaneuver","floor":1.0},{"not_picked":["All Out Attack","Dagger Throw"],"picked":"Leg Sweep","floor":3.0},{"not_picked":["Outmaneuver","Blade Dance"],"picked":"Flying Knee","floor":4.0},{"not_picked":["All Out Attack","Endless Agony"],"picked":"Underhanded Strike","floor":5.0},{"not_picked":["Outmaneuver","Blade Dance"],"picked":"Underhanded Strike","floor":7.0},{"not_picked":["Sucker Punch","Deadly Poison"],"picked":"Riddle With Holes","floor":8.0},{"not_picked":["Caltrops","Masterful Stab"],"picked":"Bullet Time","floor":11},{"not_picked":["Calculated Gamble","Dagger Throw"],"picked":"Distraction","floor":12},{"not_picked":["Riddle With Holes","Distraction"],"picked":"Caltrops","floor":14}],"player_experience":163662,"relics_obtained":[{"floor":7.0,"key":"Vajra"},{"floor":9.0,"key":"Singing Bowl"},{"floor":14,"key":"Pen Nib"}],"event_choices":[{"damage_healed":0.0,"max_hp_gain":0.0,"max_hp_loss":0.0,"gold_gain":0.0,"event_name":"The Woman in Blue","player_choice":"Bought 0 Potions","floor":10.0,"gold_loss":0.0,"damage_taken":0.0}],"is_beta":false,"boss_relics":[],"items_purged_floors":[],"is_endless":false,"potions_floor_spawned":[5,7,11,14],"killed_by":"Slime Boss","ascension_level":0}