{"gold_per_floor":[111,186,205,216,216,248,248,248,248,248,281,281,296,148,148,243,243,243],"floor_reached":18,"playtime":887,"items_purged":[],"score":168,"play_id":"7edb56f5-3c11-4950-99e8-f606a2639b29","local_time":"20190216000139","is_ascension_mode":false,"campfire_choices":[{"floor":8,"key":"REST"},{"floor":10,"key":"REST"},{"floor":12,"key":"REST"},{"floor":15,"key":"REST"}],"neow_cost":"NONE","seed_source_timestamp":19614472406128,"circlet_count":0,"master_deck":["Strike_B","Strike_B","Strike_B","Defend_B","Defend_B","Defend_B","Defend_B","Zap","Dualcast","Amplify","Genetic Algorithm","Sunder","Capacitor","Loop","Lockon","Multi-Cast"],"relics":["Cracked Core","Pocketwatch","Calipers","Shovel","Lantern","Inserter"],"potions_floor_usage":[6,16],"damage_taken":[{"damage":1,"enemies":"2 Louse","floor":1,"turns":4},{"damage":0,"enemies":"Small Slimes","floor":3,"turns":3},{"damage":3,"enemies":"Jaw Worm","floor":4,"turns":4},{"damage":42,"enemies":"Lagavulin","floor":6,"turns":9},{"damage":39,"enemies":"3 Sentries","floor":11,"turns":7},{"damage":6,"enemies":"Large Slime","floor":13,"turns":6},{"damage":69,"enemies":"The Guardian","floor":16,"turns":13},{"damage":21,"enemies":"3 Byrds","floor":18,"turns":3}],"seed_played":"-6445910408734151851","potions_obtained":[{"floor":1,"key":"Poison Potion"},{"floor":13,"key":"SkillPotion"},{"floor":16,"key":"AttackPotion"}],"is_trial":false,"path_per_floor":["M","?","M","M","?","E","?","R","T","R","E","R","M","$","R","B",null,"M"],"character_chosen":"DEFECT","items_purchased":["Lantern"],"campfire_rested":4,"item_purchase_floors":[14],"current_hp_per_floor":[74,63,63,60,60,18,23,47,47,71,32,56,50,50,74,5,80,59],"gold":243,"neow_bonus":"TRANSFORM_CARD","is_prod":false,"is_daily":false,"chose_seed":false,"campfire_upgraded":0,"win_rate":0,"timestamp":1550293299,"path_taken":["M","?","M","M","?","E","?","R","T","R","E","R","M","$","R","BOSS","M"],"build_version":"2019-01-23","purchased_purges":0,"victory":false,"max_hp_per_floor":[75,75,75,75,75,75,80,80,80,80,80,80,80,80,80,80,80,80],"card_choices":[{"not_picked":["Beam Cell","Steam"],"picked":"Genetic Algorithm","floor":1},{"not_picked":["Undo","Sweeping Beam"],"picked":"Sunder","floor":3},{"not_picked":["Sweeping Beam","Ball Lightning"],"picked":"Capacitor","floor":4},{"not_picked":["Gash","Lockon"],"picked":"Loop","floor":6},{"not_picked":["Storm","Sunder"],"picked":"Lockon","floor":11},{"not_picked":["Consume","Leap","White Noise"],"picked":"SKIP","floor":13},{"not_picked":["Buffer","Meteor Strike"],"picked":"Multi-Cast","floor":16}],"player_experience":54179,"relics_obtained":[{"floor":6,"key":"Pocketwatch"},{"floor":9,"key":"Calipers"},{"floor":11,"key":"Shovel"}],"event_choices":[{"damage_healed":0,"gold_gain":75,"player_choice":"Gather Gold","damage_taken":11,"max_hp_gain":0,"max_hp_loss":0,"event_name":"World of Goop","floor":2,"gold_loss":0},{"damage_healed":0,"gold_gain":0,"player_choice":"Ignored","damage_taken":0,"max_hp_gain":0,"max_hp_loss":0,"event_name":"Golden Idol","floor":5,"gold_loss":0},{"damage_healed":0,"gold_gain":0,"player_choice":"Donut","damage_taken":0,"max_hp_gain":5,"max_hp_loss":0,"event_name":"Big Fish","floor":7,"gold_loss":0}],"is_beta":false,"boss_relics":[{"not_picked":["Velvet Choker","Fusion Hammer"],"picked":"Inserter"}],"items_purged_floors":[],"is_endless":false,"potions_floor_spawned":[1,13,16],"killed_by":"3 Byrds","ascension_level":0}