{"gold_per_floor":[109,109,127,28,46,46,77,104,104,118,138,157,157,187],"floor_reached":14,"playtime":421,"items_purged":[],"score":92,"play_id":"c026457f-5694-4ddc-bf83-72c97af1e735","local_time":"20190213080015","is_ascension_mode":false,"campfire_choices":[{"floor":6,"key":"RECALL"},{"floor":13,"key":"REST"}],"neow_cost":"NONE","seed_source_timestamp":36318573160088,"circlet_count":0,"master_deck":["Strike_B","Strike_B","Strike_B","Strike_B","Defend_B","Defend_B","Defend_B","Defend_B","Zap","Dualcast+1","Conserve Battery","Static Discharge","BootSequence","Genetic Algorithm","Storm","Glacier"],"relics":["Cracked Core","PreservedInsect","Bottled Lightning"],"potions_floor_usage":[],"damage_taken":[{"damage":0,"enemies":"Small Slimes","floor":1,"turns":2},{"damage":1,"enemies":"Cultist","floor":3,"turns":3},{"damage":2,"enemies":"Jaw Worm","floor":5,"turns":4},{"damage":36,"enemies":"Lagavulin","floor":7,"turns":7},{"damage":2,"enemies":"Blue Slaver","floor":10,"turns":3},{"damage":4,"enemies":"Looter","floor":11,"turns":4},{"damage":6,"enemies":"2 Fungi Beasts","floor":12,"turns":4},{"damage":48,"enemies":"Gremlin Nob","floor":14,"turns":4}],"seed_played":"-3347513339541008312","potions_obtained":[{"floor":1,"key":"Explosive Potion"},{"floor":10,"key":"Dexterity Potion"},{"floor":12,"key":"AttackPotion"}],"is_trial":false,"path_per_floor":["M","?","M","$","M","R","E","T","T","M","M","M","R","?"],"character_chosen":"DEFECT","items_purchased":["Conserve Battery","Static Discharge"],"campfire_rested":1,"item_purchase_floors":[4,4],"current_hp_per_floor":[75,75,74,74,72,72,36,36,36,34,30,24,46,0],"gold":187,"neow_bonus":"UPGRADE_CARD","is_prod":false,"is_daily":false,"chose_seed":false,"campfire_upgraded":0,"win_rate":0,"timestamp":1550034015,"path_taken":["M","?","M","?","M","R","E","?","T","M","M","M","R","?"],"build_version":"2019-01-23","purchased_purges":0,"victory":false,"max_hp_per_floor":[75,75,75,75,75,75,75,75,75,75,75,75,75,75],"card_choices":[{"not_picked":["Ball Lightning","Redo","Beam Cell"],"picked":"SKIP","floor":1},{"not_picked":["Hologram","Compile Driver","Recycle"],"picked":"SKIP","floor":3},{"not_picked":["Scrape","Hologram"],"picked":"BootSequence","floor":5},{"not_picked":["Fission","Redo","FTL"],"picked":"SKIP","floor":7},{"not_picked":["Chaos","Steam"],"picked":"Genetic Algorithm","floor":10},{"not_picked":["Recycle","Rebound"],"picked":"Storm","floor":11},{"not_picked":["Force Field","Beam Cell"],"picked":"Glacier","floor":12}],"player_experience":373729,"relics_obtained":[{"floor":7,"key":"PreservedInsect"},{"floor":9,"key":"Bottled Lightning"}],"event_choices":[{"damage_healed":0,"gold_gain":0,"player_choice":"Full Heal","damage_taken":0,"max_hp_gain":0,"max_hp_loss":0,"event_name":"Wheel of Change","floor":2,"gold_loss":0},{"damage_healed":0,"gold_gain":30,"player_choice":"Searched \u00273\u0027 times","damage_taken":0,"max_hp_gain":0,"max_hp_loss":0,"event_name":"Dead Adventurer","floor":14,"gold_loss":0}],"is_beta":false,"boss_relics":[],"items_purged_floors":[],"is_endless":false,"potions_floor_spawned":[1,10,12],"killed_by":"Gremlin Nob","ascension_level":0}