{"gold_per_floor":[118,118,134,149,149,149,180,199,222,40,40,58,58,74,74,176,176,165,215,228,248,18,18,48,73,85,28,28,45,59,74,74,171,171,187,0,0,12,12,12,46,46,94,42,61,26,26,26,26,26],"floor_reached":51,"playtime":4756,"items_purged":[],"score":672,"play_id":"7b64cf98-37f4-482c-b9aa-51a353edd355","local_time":"20190214023541","is_ascension_mode":false,"campfire_choices":[{"data":"Dualcast","floor":6,"key":"SMITH"},{"floor":11,"key":"REST"},{"floor":15,"key":"REST"},{"data":"Echo Form","floor":23,"key":"SMITH"},{"floor":28,"key":"REST"},{"floor":32,"key":"REST"},{"floor":40,"key":"REST"},{"floor":42,"key":"REST"},{"floor":49,"key":"REST"}],"neow_cost":"NONE","seed_source_timestamp":24653090918395,"circlet_count":0,"master_deck":["Strike_B","Strike_B","Strike_B","Defend_B","Defend_B","Defend_B","Zap","Dualcast+1","Genetic Algorithm+1","Iron Wave","Beam Cell","Go for the Eyes","Streamline","Chill+1","Hello World","FTL","Stack","Coolheaded","Conserve Battery","Gash","Echo Form+1","Fusion+1","Gash","Self Repair","Scrape","Chill","Glacier","White Noise","Sunder","Fusion+1","Glacier+1","Sweeping Beam+1","Fusion+1","Amplify","Force Field+1","Stack+1","Gash+1","Rebound+1","Streamline+1","Barrage","Sweeping Beam+1","White Noise","Sunder"],"relics":["Cracked Core","Omamori","Dream Catcher","Lizard Tail","Lee\u0027s Waffle","MawBank","Torii","Inserter","Red Mask","Strawberry","Blood Vial"],"potions_floor_usage":[18,18,20,21,30,50],"damage_taken":[{"damage":6,"enemies":"Jaw Worm","floor":1,"turns":3},{"damage":0,"enemies":"Cultist","floor":3,"turns":4},{"damage":3,"enemies":"2 Louse","floor":4,"turns":3},{"damage":21,"enemies":"Lagavulin","floor":7,"turns":7},{"damage":0,"enemies":"Looter","floor":8,"turns":2},{"damage":18,"enemies":"Exordium Thugs","floor":12,"turns":6},{"damage":0,"enemies":"3 Louse","floor":14,"turns":3},{"damage":46,"enemies":"Hexaghost","floor":16,"turns":13},{"damage":16,"enemies":"2 Thieves","floor":18,"turns":5},{"damage":15,"enemies":"Spheric Guardian","floor":20,"turns":5},{"damage":21,"enemies":"Shelled Parasite and Fungi","floor":21,"turns":8},{"damage":74,"enemies":"Gremlin Leader","floor":24,"turns":10},{"damage":39,"enemies":"Snake Plant","floor":25,"turns":6},{"damage":14,"enemies":"Centurion and Healer","floor":29,"turns":11},{"damage":13,"enemies":"3 Cultists","floor":30,"turns":6},{"damage":7,"enemies":"Shelled Parasite and Fungi","floor":31,"turns":7},{"damage":27,"enemies":"Collector","floor":33,"turns":19},{"damage":22,"enemies":"Orb Walker","floor":35,"turns":7},{"damage":10,"enemies":"3 Shapes","floor":38,"turns":8},{"damage":75,"enemies":"Giant Head","floor":41,"turns":15},{"damage":16,"enemies":"Jaw Worm Horde","floor":45,"turns":7},{"damage":84,"enemies":"Donu and Deca","floor":50,"turns":12}],"seed_played":"-977765140709701834","potions_obtained":[{"floor":1,"key":"FearPotion"},{"floor":4,"key":"Explosive Potion"},{"floor":16,"key":"FocusPotion"},{"floor":20,"key":"Explosive Potion"},{"floor":25,"key":"FocusPotion"},{"floor":35,"key":"SteroidPotion"},{"floor":38,"key":"SmokeBomb"}],"is_trial":false,"path_per_floor":["M","?","M","M","?","R","E","M","T","$","R","M","?","M","R","B",null,"M","?","M","M","$","R","E","M","T","$","R","M","M","M","R","B",null,"M","?","?","M","$","R","E","R","T","$","M","$","?","?","R","B",null],"character_chosen":"DEFECT","items_purchased":["Chill","Hello World","FTL","Lee\u0027s Waffle","Scrape","White Noise","Barrage","White Noise"],"campfire_rested":7,"item_purchase_floors":[10,10,10,22,22,27,44,46],"current_hp_per_floor":[69,69,69,66,66,66,45,45,45,45,67,49,49,49,71,25,75,59,59,44,23,82,82,22,32,32,32,56,49,43,36,60,40,82,60,60,60,64,64,82,28,54,54,54,47,47,69,69,89,12],"gold":26,"neow_bonus":"REMOVE_CARD","is_prod":false,"is_daily":false,"chose_seed":false,"campfire_upgraded":2,"win_rate":0.0,"timestamp":1550129741,"path_taken":["M","?","?","M","?","R","E","M","T","$","R","M","?","?","R","BOSS","M","?","M","?","$","R","E","M","T","?","R","M","M","M","R","BOSS","M","?","?","?","$","R","E","R","T","?","M","$","?","?","R","BOSS"],"build_version":"2019-01-23","purchased_purges":0,"victory":true,"max_hp_per_floor":[75,75,75,75,75,75,75,75,75,75,75,75,75,75,75,75,75,75,75,75,75,82,82,82,82,82,82,82,82,82,82,82,82,82,82,82,82,82,82,82,89,89,89,89,89,89,89,89,89,89],"card_choices":[{"not_picked":["Double Energy","Skim"],"picked":"Genetic Algorithm","floor":1},{"not_picked":["Compile Driver","Coolheaded"],"picked":"Defragment","floor":3},{"not_picked":["Ball Lightning","Sweeping Beam"],"picked":"Beam Cell","floor":4},{"not_picked":["Hologram","Lockon"],"picked":"Go for the Eyes","floor":7},{"not_picked":["Steam","Turbo"],"picked":"Streamline","floor":8},{"not_picked":["Gash","Ball Lightning"],"picked":"Stack","floor":11},{"not_picked":["Turbo","Consume"],"picked":"Coolheaded","floor":12},{"not_picked":["Hologram","Lockon"],"picked":"Conserve Battery","floor":14},{"not_picked":["Go for the Eyes","Compile Driver"],"picked":"Gash","floor":15},{"not_picked":["Reboot","Seek"],"picked":"Echo Form","floor":16},{"not_picked":["Leap","Sunder"],"picked":"Fusion+1","floor":18},{"not_picked":["Stack","Beam Cell"],"picked":"Gash","floor":20},{"not_picked":["Ball Lightning","Genetic Algorithm"],"picked":"Self Repair","floor":21},{"not_picked":["Cold Snap","Redo"],"picked":"Chill","floor":24},{"not_picked":["Heatsinks","Go for the Eyes"],"picked":"Glacier","floor":25},{"not_picked":["Ball Lightning","Self Repair"],"picked":"Sunder","floor":28},{"not_picked":["Self Repair+1","Reprogram"],"picked":"Fusion+1","floor":29},{"not_picked":["Hologram","Compile Driver"],"picked":"Glacier+1","floor":30},{"not_picked":["Compile Driver","Skim"],"picked":"Sweeping Beam+1","floor":31},{"not_picked":["Leap","Electrodynamics"],"picked":"Fusion+1","floor":32},{"not_picked":["Echo Form","Fission"],"picked":"Amplify","floor":33},{"not_picked":["Steam+1","Conserve Battery"],"picked":"Force Field+1","floor":35},{"not_picked":["Ball Lightning","Genetic Algorithm+1"],"picked":"Stack+1","floor":38},{"not_picked":["Hologram","Leap"],"picked":"Gash+1","floor":40},{"not_picked":["Force Field","Echo Form"],"picked":"Rebound+1","floor":41},{"not_picked":["Barrage","Steam"],"picked":"Streamline+1","floor":42},{"not_picked":["Steam","Genetic Algorithm+1"],"picked":"Sweeping Beam+1","floor":45},{"not_picked":["Rebound","Reinforced Body+1"],"picked":"Sunder","floor":49}],"player_experience":36347,"relics_obtained":[{"floor":7,"key":"Omamori"},{"floor":9,"key":"Dream Catcher"},{"floor":24,"key":"MawBank"},{"floor":26,"key":"Torii"},{"floor":41,"key":"Strawberry"},{"floor":43,"key":"Blood Vial"}],"event_choices":[{"cards_removed":["Strike_B"],"damage_healed":0,"gold_gain":0,"player_choice":"Took Card","damage_taken":0,"max_hp_gain":0,"max_hp_loss":0,"event_name":"NoteForYourself","floor":2,"gold_loss":0,"cards_obtained":["Iron Wave"]},{"damage_healed":0,"gold_gain":0,"player_choice":"Grow","damage_taken":0,"max_hp_gain":0,"max_hp_loss":0,"event_name":"Living Wall","floor":5,"gold_loss":0,"cards_upgraded":["Genetic Algorithm"]},{"damage_healed":0,"gold_gain":0,"player_choice":"Forge","damage_taken":0,"max_hp_gain":0,"max_hp_loss":0,"event_name":"Accursed Blacksmith","floor":13,"gold_loss":0,"cards_upgraded":["Chill"]},{"damage_healed":0,"gold_gain":100,"player_choice":"Bet on Murderer","damage_taken":0,"max_hp_gain":0,"max_hp_loss":0,"event_name":"The Joust","floor":19,"gold_loss":50},{"damage_healed":0,"gold_gain":0,"player_choice":"Paid","damage_taken":0,"relics_obtained":["Red Mask"],"max_hp_gain":0,"max_hp_loss":0,"event_name":"Tomb of Lord Red Mask","floor":36,"gold_loss":187},{"cards_removed":["Defragment"],"damage_healed":0,"gold_gain":0,"player_choice":"Removed Power","damage_taken":0,"max_hp_gain":0,"max_hp_loss":0,"event_name":"Falling","floor":37,"gold_loss":0},{"damage_healed":22,"gold_gain":0,"player_choice":"Writhe","damage_taken":0,"max_hp_gain":0,"max_hp_loss":0,"event_name":"Winding Halls","floor":47,"gold_loss":0,"cards_obtained":["Writhe"]},{"damage_healed":0,"gold_gain":0,"player_choice":"Ignored","damage_taken":0,"max_hp_gain":0,"max_hp_loss":0,"event_name":"Mysterious Sphere","floor":48,"gold_loss":0}],"is_beta":false,"boss_relics":[{"not_picked":["Cursed Key","Runic Pyramid"],"picked":"Lizard Tail"},{"not_picked":["Empty Cage","Velvet Choker"],"picked":"Inserter"}],"items_purged_floors":[],"is_endless":false,"potions_floor_spawned":[1,4,16,20,25,35,38],"ascension_level":0}