{"gold_per_floor":[115,190,5,180,198,232,252,252,252,271,306,336,347,358,358,462,462,474,57,75,86,100,134,134,134,134,148,148,173,183,98,98,201,201,221,221,238,48,48,48,73,73,73,101,114,0,0,19,19,19],"floor_reached":51,"playtime":4643,"items_purged":["Doubt"],"score":732,"play_id":"94b772c2-7bae-4871-a231-442066857aa8","local_time":"20180716040504","is_ascension_mode":false,"campfire_choices":[{"floor":8.0,"key":"REST"},{"floor":15.0,"key":"DIG"},{"floor":24.0,"key":"REST"},{"floor":28.0,"key":"REST"},{"floor":32.0,"key":"REST"},{"floor":40,"key":"DIG"},{"floor":42,"key":"REST"},{"floor":49,"key":"REST"}],"neow_cost":"NONE","seed_source_timestamp":718763377918405,"circlet_count":0,"master_deck":["Defend_G","Defend_G","Defend_G","Defend_G","Defend_G","Strike_G+1","Strike_G","Strike_G","Strike_G","Strike_G","Survivor","Neutralize+1","Blur","Flechettes","Dodge and Roll","Cloak And Dagger","Envenom","Leg Sweep","Flying Knee","Endless Agony","After Image","Cloak And Dagger+1","Endless Agony","Noxious Fumes","Bane","PiercingWail","Cloak And Dagger","Endless Agony","Flechettes+1","Blade Dance","Dodge and Roll+1","Caltrops"],"special_seed":17727,"relics":["Runic Pyramid","Pen Nib","Mercury Hourglass","Gremlin Horn","Shovel","Vajra","Mummified Hand","Black Star","Medical Kit","Blood Vial","Bag of Marbles","Letter Opener","Omamori","Strawberry","Peace Pipe","Busted Crown","Juzu Bracelet","Unceasing Top","Orichalcum","Whetstone","Thread and Needle","Kunai","Singing Bowl","Red Mask"],"potions_floor_usage":[50],"damage_taken":[{"damage":5.0,"enemies":"Small Slimes","floor":1.0,"turns":4.0},{"damage":1.0,"enemies":"Jaw Worm","floor":5.0,"turns":4.0},{"damage":24.0,"enemies":"Gremlin Nob","floor":6.0,"turns":5.0},{"damage":0.0,"enemies":"2 Louse","floor":7.0,"turns":2.0},{"damage":0.0,"enemies":"Large Slime","floor":10.0,"turns":5.0},{"damage":9.0,"enemies":"3 Sentries","floor":11.0,"turns":7.0},{"damage":3.0,"enemies":"2 Fungi Beasts","floor":13.0,"turns":3.0},{"damage":1.0,"enemies":"Gremlin Gang","floor":14.0,"turns":4.0},{"damage":2.0,"enemies":"Hexaghost","floor":16.0,"turns":7.0},{"damage":8.0,"enemies":"Shell Parasite","floor":18.0,"turns":6.0},{"damage":5.0,"enemies":"Chosen","floor":20.0,"turns":4.0},{"damage":9.0,"enemies":"Snecko","floor":21.0,"turns":5.0},{"damage":14.0,"enemies":"3 Cultists","floor":22.0,"turns":5.0},{"damage":8.0,"enemies":"Slavers","floor":23.0,"turns":5.0},{"damage":12.0,"enemies":"Centurion and Healer","floor":27.0,"turns":5.0},{"damage":22.0,"enemies":"Gremlin Leader","floor":29.0,"turns":7.0},{"damage":2.0,"enemies":"Snake Plant","floor":30.0,"turns":5.0},{"damage":46.0,"enemies":"Collector","floor":33.0,"turns":8.0},{"damage":0.0,"enemies":"Orb Walker","floor":35.0,"turns":3.0},{"damage":9,"enemies":"Flame Bruiser 1 Orb","floor":37,"turns":4},{"damage":42,"enemies":"2 Orb Walkers","floor":41,"turns":5},{"damage":13,"enemies":"Nemesis","floor":44,"turns":7},{"damage":7,"enemies":"4 Shapes","floor":45,"turns":3},{"damage":0,"enemies":"Flame Bruiser 2 Orb","floor":48,"turns":6},{"damage":68,"enemies":"Time Eater","floor":50,"turns":12}],"seed_played":"-3267651053854438972","potions_obtained":[{"floor":1.0,"key":"Swift Potion"},{"floor":10.0,"key":"GhostInAJar"},{"floor":11.0,"key":"FearPotion"},{"floor":16.0,"key":"GhostInAJar"},{"floor":29.0,"key":"SteroidPotion"},{"floor":33.0,"key":"Strength Potion"}],"is_trial":false,"path_per_floor":["M","?","$","?","M","E","M","R","T","M","E","?","M","M","R","B",null,"M","$","M","M","M","E","R","?","T","M","R","E","M","?","R","B",null,"M","?","M","$","?","R","E","R","T","E","M","?","$","M","R","B"],"character_chosen":"THE_SILENT","items_purchased":["Pen Nib","Flechettes","Endless Agony","Noxious Fumes","Medical Kit","Caltrops","Juzu Bracelet"],"campfire_rested":6,"item_purchase_floors":[3,3,19,19,19,38,38],"current_hp_per_floor":[65,54,54,54,53,29,29,50,50,50,41,41,38,37,37,35,70,62,62,57,48,34,26,47,47,47,37,58,45,45,45,68,24,77,77,77,68,68,87,87,45,71,71,62,59,59,59,63,90,24],"gold":19,"neow_bonus":"BOSS_RELIC","is_prod":false,"is_daily":false,"chose_seed":false,"campfire_upgraded":0,"win_rate":0,"timestamp":1531703104,"path_taken":["M","?","$","?","M","E","M","R","T","M","E","?","M","M","R","BOSS","M","$","?","M","M","E","R","?","T","M","R","E","M","?","R","BOSS","M","?","M","$","?","R","E","R","T","E","M","?","$","M","R","BOSS"],"build_version":"2018-07-12","purchased_purges":1,"victory":true,"max_hp_per_floor":[70,70,70,70,70,70,70,70,70,70,70,70,70,70,70,70,70,70,70,70,70,70,70,70,70,70,70,70,77,77,77,77,77,77,77,77,77,77,87,87,87,87,87,89,91,91,91,93,93,93],"card_choices":[{"not_picked":["Distraction","Dodge and Roll"],"picked":"Blur","floor":1.0},{"not_picked":["Quick Slash","Slice","Acrobatics"],"picked":"SKIP","floor":5.0},{"not_picked":["Sucker Punch","Prepared"],"picked":"Dodge and Roll","floor":6.0},{"not_picked":["Outmaneuver","Sucker Punch"],"picked":"Cloak And Dagger","floor":7.0},{"not_picked":["Poisoned Stab","Deadly Poison"],"picked":"Envenom","floor":10.0},{"not_picked":["Noxious Fumes","Tools of the Trade"],"picked":"Leg Sweep","floor":11.0},{"not_picked":["Deflect","Poisoned Stab"],"picked":"Flying Knee","floor":13.0},{"not_picked":["Masterful Stab","Heel Hook"],"picked":"Endless Agony","floor":14.0},{"not_picked":["Storm of Steel","Venomology"],"picked":"After Image","floor":16.0},{"not_picked":["Terror","Flying Knee"],"picked":"Cloak And Dagger+1","floor":18.0},{"not_picked":["Quick Slash","Acrobatics","Well Laid Plans"],"picked":"SKIP","floor":20.0},{"not_picked":["Heel Hook","Poisoned Stab"],"picked":"Bane","floor":21.0},{"not_picked":["Acrobatics","Noxious Fumes"],"picked":"PiercingWail","floor":22.0},{"not_picked":["Bouncing Flask","Bane"],"picked":"Cloak And Dagger","floor":23.0},{"not_picked":["Backflip+1","Underhanded Strike"],"picked":"Endless Agony","floor":27.0},{"not_picked":["Choke","Backflip"],"picked":"Flechettes+1","floor":29.0},{"not_picked":["Wraith Form v2","Skewer"],"picked":"Blade Dance","floor":30.0},{"not_picked":["Envenom","Glass Knife"],"picked":"Night Terror","floor":33.0},{"not_picked":["Deadly Poison"],"picked":"SKIP","floor":35.0},{"not_picked":[],"picked":"Dodge and Roll+1","floor":37},{"not_picked":["Choke"],"picked":"SKIP","floor":41},{"not_picked":["PiercingWail+1"],"picked":"Singing Bowl","floor":44},{"not_picked":["Underhanded Strike+1"],"picked":"Singing Bowl","floor":45},{"not_picked":["Bouncing Flask"],"picked":"Singing Bowl","floor":48}],"player_experience":73692,"relics_obtained":[{"floor":6.0,"key":"Mercury Hourglass"},{"floor":9.0,"key":"Gremlin Horn"},{"floor":11.0,"key":"Shovel"},{"floor":15.0,"key":"Mummified Hand"},{"floor":23.0,"key":"Blood Vial"},{"floor":23.0,"key":"Bag of Marbles"},{"floor":26.0,"key":"Letter Opener"},{"floor":29.0,"key":"Omamori"},{"floor":29.0,"key":"Strawberry"},{"floor":40,"key":"Unceasing Top"},{"floor":41,"key":"Orichalcum"},{"floor":41,"key":"Whetstone"},{"floor":43,"key":"Thread and Needle"},{"floor":44,"key":"Kunai"},{"floor":44,"key":"Singing Bowl"}],"event_choices":[{"event_name":"World of Goop","player_choice":"Gather Gold","floor":2.0,"damage_taken":0.0},{"event_name":"Liars Game","player_choice":"agreed","floor":4.0,"damage_taken":0.0},{"event_name":"Dead Adventurer","player_choice":"Searched \u00273\u0027 times","floor":12.0,"damage_taken":0.0},{"event_name":"Ghosts","player_choice":"Ignored","floor":25.0,"damage_taken":0.0},{"event_name":"Addict","player_choice":"Obtained Relic","floor":31.0,"damage_taken":0.0},{"event_name":"SensoryStone","player_choice":"Memory 1","floor":36.0,"damage_taken":0.0},{"event_name":"Bonfire Elementals","player_choice":"RARE","floor":39,"damage_taken":0},{"event_name":"Tomb of Lord Red Mask","player_choice":"Paid","floor":46,"damage_taken":0}],"boss_relics":[{"not_picked":["Orrery","Calling Bell"],"picked":"Black Star"},{"not_picked":["Velvet Choker","Sozu"],"picked":"Busted Crown"}],"items_purged_floors":[19],"is_endless":false,"potions_floor_spawned":[1,10,11,13,14,16,22,23,29,33,41,44,48],"ascension_level":0}