{"gold_per_floor":[111,134,148,167,167,167,18,49,49,49,49,49,49,49,49,152,152,163,178,188,205,33,33,61,77,159,159,170,196,196,111,111,111],"floor_reached":33,"playtime":1282,"items_purged":["Strike_R"],"score":431,"play_id":"9b3feebc-7efc-439c-ad7e-84dc97cdc43f","local_time":"20190201194348","is_ascension_mode":true,"campfire_choices":[{"data":"Metallicize","floor":6.0,"key":"SMITH"},{"data":"Inflame","floor":10.0,"key":"SMITH"},{"data":"Flex","floor":13.0,"key":"SMITH"},{"data":"Madness","floor":15.0,"key":"SMITH"},{"floor":23.0,"key":"REST"},{"floor":27.0,"key":"REST"},{"data":"Shrug It Off","floor":30,"key":"SMITH"},{"data":"Shrug It Off","floor":32,"key":"SMITH"}],"neow_cost":"TEN_PERCENT_HP_LOSS","seed_source_timestamp":0,"circlet_count":0,"master_deck":["Strike_R","Defend_R","Defend_R","Defend_R","Defend_R","Bash","Apotheosis+1","Madness+1","Warcry","Metallicize+1","Inflame+1","True Grit+1","Flex+1","Battle Trance","Bludgeon+1","Sword Boomerang+1","Demon Form+1","Clothesline+1","Shrug It Off+1","Shrug It Off+1","Iron Wave+1","Heavy Blade+1","Immolate+1"],"special_seed":0,"relics":["Burning Blood","Blood Vial","Juzu Bracelet","Bronze Scales","Molten Egg 2","Astrolabe","Regal Pillow","Toxic Egg 2","Potion Belt"],"potions_floor_usage":[29,29,29],"damage_taken":[{"damage":1.0,"enemies":"Cultist","floor":1.0,"turns":4.0},{"damage":7.0,"enemies":"Small Slimes","floor":3.0,"turns":4.0},{"damage":0.0,"enemies":"2 Louse","floor":4.0,"turns":4.0},{"damage":22.0,"enemies":"3 Sentries","floor":8.0,"turns":9.0},{"damage":34.0,"enemies":"Slime Boss","floor":16.0,"turns":11.0},{"damage":14.0,"enemies":"3 Byrds","floor":18.0,"turns":4.0},{"damage":13.0,"enemies":"Shell Parasite","floor":19.0,"turns":5.0},{"damage":22.0,"enemies":"Sentry and Sphere","floor":20.0,"turns":7.0},{"damage":0.0,"enemies":"Cultist and Chosen","floor":21.0,"turns":6.0},{"damage":51.0,"enemies":"Slavers","floor":24.0,"turns":8.0},{"damage":14.0,"enemies":"Centurion and Healer","floor":25.0,"turns":7.0},{"damage":6,"enemies":"Snake Plant","floor":28,"turns":4},{"damage":5,"enemies":"Gremlin Leader","floor":29,"turns":5},{"damage":64,"enemies":"Automaton","floor":33,"turns":6}],"seed_played":"3645378727676821666","potions_obtained":[{"floor":3.0,"key":"Weak Potion"},{"floor":4.0,"key":"PowerPotion"},{"floor":21.0,"key":"Fire Potion"},{"floor":25.0,"key":"Weak Potion"},{"floor":28,"key":"Block Potion"}],"is_trial":false,"path_per_floor":["M","T","M","M","?","R","$","E","T","R","?","?","R","$","R","B",null,"M","M","M","M","$","R","E","M","T","R","M","E","R","?","R","B"],"character_chosen":"IRONCLAD","items_purchased":["Inflame","True Grit","Flex","Shrug It Off","Iron Wave+1"],"campfire_rested":2,"item_purchase_floors":[7,7,7,22,22],"current_hp_per_floor":[72,72,71,72,72,72,72,56,56,56,56,53,53,53,53,27,61,55,50,36,44,44,65,22,16,16,52,54,57,57,57,57,0],"gold":111,"neow_bonus":"RANDOM_COLORLESS_2","is_prod":false,"is_daily":false,"chose_seed":false,"campfire_upgraded":6,"win_rate":0,"timestamp":1549061028,"path_taken":["M","?","M","M","?","R","$","E","T","R","?","?","R","$","R","BOSS","M","M","M","M","$","R","E","M","T","R","M","E","R","?","R","BOSS"],"build_version":"2018-11-15","purchased_purges":1,"victory":false,"max_hp_per_floor":[72,72,72,72,72,72,72,72,72,72,72,72,72,72,72,72,72,72,72,72,72,72,72,72,72,72,72,72,72,72,72,72,72],"card_choices":[{"not_picked":["Clash","Heavy Blade"],"picked":"Warcry","floor":1.0},{"not_picked":["Thunderclap","Whirlwind"],"picked":"Metallicize","floor":3.0},{"not_picked":["Wild Strike","Sentinel","Anger"],"picked":"SKIP","floor":4.0},{"not_picked":["Twin Strike","Warcry"],"picked":"Battle Trance","floor":8.0},{"not_picked":["Brutality","Immolate+1"],"picked":"Bludgeon+1","floor":16.0},{"not_picked":["Twin Strike+1","Wild Strike+1","Body Slam+1"],"picked":"SKIP","floor":18.0},{"not_picked":["Anger+1","Power Through"],"picked":"Shrug It Off","floor":19.0},{"not_picked":["Double Tap","Headbutt+1","Reckless Charge+1"],"picked":"SKIP","floor":20.0},{"not_picked":["Cleave+1","Sword Boomerang+1","Feel No Pain"],"picked":"SKIP","floor":21.0},{"not_picked":["Second Wind","Clothesline+1"],"picked":"Heavy Blade+1","floor":24.0},{"not_picked":["Pommel Strike+1","Headbutt+1","Cleave+1"],"picked":"SKIP","floor":25.0},{"not_picked":["True Grit","Pummel+1"],"picked":"Immolate+1","floor":28},{"not_picked":["Shockwave","Infernal Blade","Pummel+1"],"picked":"SKIP","floor":29}],"player_experience":58101,"relics_obtained":[{"floor":2.0,"key":"Blood Vial"},{"floor":8.0,"key":"Juzu Bracelet"},{"floor":9.0,"key":"Bronze Scales"},{"floor":24.0,"key":"Regal Pillow"},{"floor":29,"key":"Toxic Egg 2"}],"event_choices":[{"damage_healed":0.0,"max_hp_gain":0.0,"max_hp_loss":0.0,"gold_gain":0.0,"event_name":"Living Wall","player_choice":"Grow","floor":5.0,"gold_loss":0.0,"damage_taken":0.0,"cards_upgraded":["Apotheosis"]},{"damage_healed":0.0,"max_hp_gain":0.0,"max_hp_loss":0.0,"gold_gain":0.0,"event_name":"Upgrade Shrine","player_choice":"Upgraded","floor":11.0,"gold_loss":0.0,"damage_taken":0.0,"cards_upgraded":["True Grit"]},{"damage_healed":0.0,"max_hp_gain":0.0,"max_hp_loss":0.0,"gold_gain":0.0,"event_name":"Scrap Ooze","player_choice":"Success","floor":12.0,"gold_loss":0.0,"damage_taken":3.0,"relics_obtained":["Molten Egg 2"]},{"damage_healed":0,"gold_gain":0,"player_choice":"Obtained Relic","damage_taken":0,"relics_obtained":["Potion Belt"],"max_hp_gain":0,"max_hp_loss":0,"event_name":"Addict","floor":31,"gold_loss":85}],"is_beta":false,"boss_relics":[{"not_picked":["Empty Cage","Mark of Pain"],"picked":"Astrolabe"}],"items_purged_floors":[22],"is_endless":false,"potions_floor_spawned":[3,4,21,25,28],"killed_by":"Automaton","ascension_level":8}