{"gold_per_floor":[115,92,53,53,71,105,125,125,125,144,179,179,190,201,201,305,305,317,3,3,21,32,61,61,61,114,128,43,43,53,6,6,109,109,119,166,186,49,49,49,81,81,81,93,106,119,138,156,156,156],"floor_reached":51,"playtime":5476,"items_purged":[],"score":711,"play_id":"0c623260-d38b-4d98-a235-2841e10fa3a4","local_time":"20180716024232","is_ascension_mode":false,"campfire_choices":[{"floor":8.0,"key":"REST"},{"floor":15.0,"key":"DIG"},{"floor":24.0,"key":"REST"},{"floor":29.0,"key":"DIG"},{"floor":32.0,"key":"DIG"},{"floor":40.0,"key":"DIG"},{"floor":42.0,"key":"DIG"},{"floor":49.0,"key":"REST"}],"neow_cost":"NONE","seed_source_timestamp":718763377918405,"circlet_count":0,"master_deck":["Defend_G","Defend_G","Defend_G","Defend_G","Defend_G","Strike_G","Strike_G","Strike_G","Strike_G","Survivor+1","Neutralize","Blur","Flechettes","Quick Slash","Dodge and Roll","Cloak And Dagger","Poisoned Stab","Noxious Fumes","Deflect","Endless Agony","After Image","Backstab","All Out Attack","Bane+1","Dagger Spray","Cloak And Dagger+1","Backstab+1","Bane","PiercingWail","Cloak And Dagger","Endless Agony","Cloak And Dagger","After Image","Pain","Deadly Poison+1","Deflect+1","Die Die Die","After Image","Footwork+1","PiercingWail+1","Bane+1"],"special_seed":17727,"relics":["Ring of the Snake","Vajra","Mercury Hourglass","Gremlin Horn","Shovel","Blood Vial","Mummified Hand","Orrery","Sundial","Bag of Marbles","Omamori","Strawberry","Peace Pipe","Unceasing Top","Calling Bell","Orichalcum","Letter Opener","Thread and Needle","The Specimen","Whetstone","Kunai","War Paint","Lantern"],"potions_floor_usage":[50,50,50],"damage_taken":[{"damage":5.0,"enemies":"Small Slimes","floor":1.0,"turns":5.0},{"damage":0.0,"enemies":"Jaw Worm","floor":5.0,"turns":5.0},{"damage":21.0,"enemies":"Gremlin Nob","floor":6.0,"turns":6.0},{"damage":0.0,"enemies":"2 Louse","floor":7.0,"turns":1.0},{"damage":0.0,"enemies":"Large Slime","floor":10.0,"turns":3.0},{"damage":8.0,"enemies":"3 Sentries","floor":11.0,"turns":5.0},{"damage":0.0,"enemies":"2 Fungi Beasts","floor":13.0,"turns":3.0},{"damage":2.0,"enemies":"Gremlin Gang","floor":14.0,"turns":4.0},{"damage":15.0,"enemies":"Hexaghost","floor":16.0,"turns":9.0},{"damage":5.0,"enemies":"Shell Parasite","floor":18.0,"turns":5.0},{"damage":6.0,"enemies":"Chosen","floor":21.0,"turns":3.0},{"damage":19.0,"enemies":"Snecko","floor":22.0,"turns":7.0},{"damage":15.0,"enemies":"Slavers","floor":23.0,"turns":5.0},{"damage":0.0,"enemies":"3 Cultists","floor":27.0,"turns":3.0},{"damage":2.0,"enemies":"Centurion and Healer","floor":30.0,"turns":5.0},{"damage":55.0,"enemies":"Collector","floor":33.0,"turns":11.0},{"damage":0.0,"enemies":"Orb Walker","floor":35.0,"turns":2.0},{"damage":8.0,"floor":36.0,"turns":3.0},{"damage":6.0,"enemies":"Flame Bruiser 1 Orb","floor":37.0,"turns":4.0},{"damage":5.0,"enemies":"2 Orb Walkers","floor":41.0,"turns":5.0},{"damage":19.0,"enemies":"4 Shapes","floor":44.0,"turns":2.0},{"damage":0.0,"enemies":"Flame Bruiser 2 Orb","floor":45.0,"turns":4.0},{"damage":29.0,"enemies":"Spire Growth","floor":46.0,"turns":5.0},{"damage":0.0,"enemies":"3 Darklings","floor":47.0,"turns":3.0},{"damage":5.0,"enemies":"4 Shapes","floor":48.0,"turns":2.0},{"damage":34,"enemies":"Time Eater","floor":50,"turns":20}],"seed_played":"-3267651053854438972","potions_obtained":[{"floor":1.0,"key":"Swift Potion"},{"floor":10.0,"key":"GhostInAJar"},{"floor":11.0,"key":"FearPotion"},{"floor":16.0,"key":"GhostInAJar"},{"floor":27.0,"key":"Poison Potion"},{"floor":33.0,"key":"GamblersBrew"},{"floor":36.0,"key":"EssenceOfSteel"}],"is_trial":false,"path_per_floor":["M","?","$","?","M","E","M","R","T","M","E","?","M","M","R","B",null,"M","$","?","M","M","E","R","?","T","M","?","R","M","$","R","B",null,"M","?","M","$","?","R","E","R","T","M","M","M","M","M","R","B"],"character_chosen":"THE_SILENT","items_purchased":["Flechettes","Sundial","Cloak And Dagger","After Image"],"campfire_rested":3,"item_purchase_floors":[3,19,31,38],"current_hp_per_floor":[65,65,65,65,65,44,44,65,65,65,57,57,59,59,59,46,70,65,65,65,61,44,31,52,52,52,54,61,61,61,61,61,8,77,77,69,65,65,65,65,62,62,62,45,47,20,22,19,42,10],"gold":156,"neow_bonus":"RANDOM_COMMON_RELIC","is_prod":false,"is_daily":false,"chose_seed":false,"campfire_upgraded":0,"win_rate":0,"timestamp":1531698152,"path_taken":["M","?","$","?","M","E","M","R","T","M","E","?","M","M","R","BOSS","M","$","?","M","M","E","R","?","T","M","?","R","M","?","R","BOSS","M","?","M","$","?","R","E","R","T","M","?","M","M","M","R","BOSS"],"build_version":"2018-07-12","purchased_purges":0,"victory":true,"max_hp_per_floor":[70,70,70,70,70,70,70,70,70,70,70,70,70,70,70,70,70,70,70,70,70,70,70,70,70,70,70,77,77,77,77,77,77,77,77,77,77,77,77,77,77,77,77,77,77,77,77,77,77,77],"card_choices":[{"not_picked":["Distraction","Dodge and Roll"],"picked":"Blur","floor":1.0},{"not_picked":["Slice","Acrobatics"],"picked":"Quick Slash","floor":5.0},{"not_picked":["Sucker Punch","Prepared"],"picked":"Dodge and Roll","floor":6.0},{"not_picked":["Outmaneuver","Sucker Punch"],"picked":"Cloak And Dagger","floor":7.0},{"not_picked":["Envenom","Deadly Poison"],"picked":"Poisoned Stab","floor":10.0},{"not_picked":["Tools of the Trade","Leg Sweep"],"picked":"Noxious Fumes","floor":11.0},{"not_picked":["Poisoned Stab","Flying Knee"],"picked":"Deflect","floor":13.0},{"not_picked":["Masterful Stab","Heel Hook"],"picked":"Endless Agony","floor":14.0},{"not_picked":["Storm of Steel","Venomology"],"picked":"After Image","floor":16.0},{"not_picked":["Slice","Poisoned Stab"],"picked":"Backstab","floor":17.0},{"not_picked":["Outmaneuver","Tactician"],"picked":"All Out Attack","floor":17.0},{"not_picked":["Prepared","Calculated Gamble"],"picked":"Bane","floor":17.0},{"not_picked":["Well Laid Plans","Deadly Poison"],"picked":"Dagger Spray","floor":17.0},{"not_picked":["Terror","Flying Knee"],"picked":"Cloak And Dagger+1","floor":18.0},{"not_picked":["Quick Slash","Acrobatics","Well Laid Plans"],"picked":"SKIP","floor":21.0},{"not_picked":["Heel Hook","Poisoned Stab"],"picked":"Bane","floor":22.0},{"not_picked":["Acrobatics","Noxious Fumes"],"picked":"PiercingWail","floor":23.0},{"not_picked":["PiercingWail","Bane"],"picked":"Cloak And Dagger","floor":27.0},{"not_picked":["Backflip+1","Underhanded Strike"],"picked":"Endless Agony","floor":30.0},{"not_picked":["A Thousand Cuts","Adrenaline"],"picked":"After Image","floor":33.0},{"not_picked":["Prepared+1","Flechettes"],"picked":"Deadly Poison+1","floor":35.0},{"not_picked":["Well Laid Plans","Outmaneuver"],"picked":"Deflect","floor":36.0},{"not_picked":["Quick Slash+1","Predator+1"],"picked":"Die Die Die","floor":37.0},{"not_picked":["Underhanded Strike+1","Prepared"],"picked":"Footwork+1","floor":41.0},{"not_picked":["Dodge and Roll","Underhanded Strike+1","Prepared"],"picked":"SKIP","floor":44.0},{"not_picked":["Blur+1","Footwork"],"picked":"PiercingWail+1","floor":45.0},{"not_picked":["Poisoned Stab","Quick Slash","Choke+1"],"picked":"SKIP","floor":46.0},{"not_picked":["Expertise","Reflex+1"],"picked":"Bane+1","floor":47.0},{"not_picked":["Underhanded Strike+1","Riddle With Holes","Prepared+1"],"picked":"SKIP","floor":48.0}],"player_experience":68216,"relics_obtained":[{"floor":6.0,"key":"Mercury Hourglass"},{"floor":9.0,"key":"Gremlin Horn"},{"floor":11.0,"key":"Shovel"},{"floor":15.0,"key":"Mummified Hand"},{"floor":23.0,"key":"Bag of Marbles"},{"floor":26.0,"key":"Omamori"},{"floor":29.0,"key":"Peace Pipe"},{"floor":32.0,"key":"Unceasing Top"},{"floor":34.0,"key":"Orichalcum"},{"floor":34.0,"key":"Letter Opener"},{"floor":34.0,"key":"Thread and Needle"},{"floor":36.0,"key":"The Specimen"},{"floor":40.0,"key":"Whetstone"},{"floor":41.0,"key":"Kunai"},{"floor":42.0,"key":"War Paint"},{"floor":43.0,"key":"Lantern"}],"event_choices":[{"event_name":"World of Goop","player_choice":"Left","floor":2.0,"damage_taken":0.0},{"event_name":"Liars Game","player_choice":"disagreed","floor":4.0,"damage_taken":0.0},{"event_name":"Dead Adventurer","player_choice":"Searched \u00271\u0027 times","floor":12.0,"damage_taken":0.0},{"event_name":"Duplicator","player_choice":"One dupe","floor":20.0,"damage_taken":0.0},{"event_name":"Ghosts","player_choice":"Ignored","floor":25.0,"damage_taken":0.0},{"event_name":"Addict","player_choice":"Obtained Relic","floor":28.0,"damage_taken":0.0},{"event_name":"Mysterious Sphere","player_choice":"Fight","floor":36.0,"damage_taken":0.0},{"event_name":"Falling","player_choice":"Removed Attack","floor":39.0,"damage_taken":0.0}],"boss_relics":[{"not_picked":["Ring of the Serpent","Runic Pyramid"],"picked":"Orrery"},{"not_picked":["Black Star","Velvet Choker"],"picked":"Calling Bell"}],"items_purged_floors":[],"is_endless":false,"potions_floor_spawned":[1,10,11,13,14,16,23,27,33,36,37,41,47,48],"ascension_level":0}