{"gold_per_floor":[119,194,212,232,246,246,271,271,271,271,271,283,283,297,297,297],"floor_reached":16,"playtime":724,"items_purged":[],"score":148,"play_id":"25690cef-c668-4197-a323-e3d2a4437a05","local_time":"20190217150211","is_ascension_mode":true,"campfire_choices":[{"floor":6,"key":"REST"},{"data":"True Grit","floor":8,"key":"SMITH"},{"data":"Pommel Strike","floor":10,"key":"SMITH"},{"data":"True Grit","floor":13,"key":"SMITH"},{"floor":15,"key":"REST"}],"neow_cost":"PERCENT_DAMAGE","seed_source_timestamp":322475866798040,"circlet_count":0,"master_deck":["Strike_R","Strike_R","Strike_R","Strike_R","Strike_R","Defend_R","Defend_R","Defend_R","Defend_R","Bash","Reaper","Sentinel","True Grit+1","Pommel Strike+1","Offering","Flame Barrier","Bash","Enlightenment","True Grit+1","Shrug It Off"],"relics":["Burning Blood","Gremlin Horn","Singing Bowl"],"potions_floor_usage":[7,14],"damage_taken":[{"damage":23,"enemies":"Jaw Worm","floor":1,"turns":4},{"damage":9,"enemies":"2 Louse","floor":3,"turns":3},{"damage":9,"enemies":"Cultist","floor":4,"turns":4},{"damage":28,"enemies":"3 Louse","floor":5,"turns":5},{"damage":30,"enemies":"Gremlin Nob","floor":7,"turns":4},{"damage":9,"enemies":"Looter","floor":12,"turns":3},{"damage":24,"enemies":"Exordium Thugs","floor":14,"turns":5},{"damage":51,"enemies":"Slime Boss","floor":16,"turns":8}],"seed_played":"-3545622751913995150","potions_obtained":[{"floor":3,"key":"Poison Potion"},{"floor":12,"key":"Energy Potion"}],"is_trial":false,"path_per_floor":["M","?","M","M","M","R","E","R","T","R","?","M","R","M","R","B"],"character_chosen":"IRONCLAD","items_purchased":[],"campfire_rested":2,"item_purchase_floors":[],"current_hp_per_floor":[34,23,28,29,19,43,25,25,25,25,25,26,26,18,42,0],"gold":297,"neow_bonus":"THREE_RARE_CARDS","is_prod":false,"is_daily":false,"chose_seed":false,"campfire_upgraded":3,"win_rate":0,"timestamp":1550444531,"path_taken":["M","?","M","M","M","R","E","R","T","R","?","M","R","M","R","BOSS"],"build_version":"2019-01-23","purchased_purges":0,"victory":false,"max_hp_per_floor":[80,80,80,80,80,80,80,80,80,80,80,80,80,80,80,80],"card_choices":[{"not_picked":["Offering","Juggernaut"],"picked":"Reaper","floor":0},{"not_picked":["Anger","Perfected Strike"],"picked":"Sentinel","floor":1},{"not_picked":["Whirlwind","Evolve"],"picked":"True Grit","floor":3},{"not_picked":["Twin Strike","Thunderclap"],"picked":"Pommel Strike","floor":4},{"not_picked":["Spot Weakness","Pommel Strike"],"picked":"Offering","floor":5},{"not_picked":["Warcry","Perfected Strike"],"picked":"Flame Barrier","floor":7},{"not_picked":["Sword Boomerang","Carnage"],"picked":"True Grit","floor":12},{"not_picked":["Dual Wield","Wild Strike"],"picked":"Shrug It Off","floor":14}],"player_experience":323406,"relics_obtained":[{"floor":7,"key":"Gremlin Horn"},{"floor":9,"key":"Singing Bowl"}],"event_choices":[{"damage_healed":0,"gold_gain":75,"player_choice":"Gather Gold","damage_taken":11,"max_hp_gain":0,"max_hp_loss":0,"event_name":"World of Goop","floor":2,"gold_loss":0},{"damage_healed":0,"gold_gain":0,"player_choice":"2 cards matched","damage_taken":0,"max_hp_gain":0,"max_hp_loss":0,"event_name":"Match and Keep!","floor":11,"gold_loss":0,"cards_obtained":["Bash","Enlightenment"]}],"is_beta":false,"boss_relics":[],"items_purged_floors":[],"is_endless":false,"potions_floor_spawned":[3,12],"killed_by":"Slime Boss","ascension_level":9}