{"gold_per_floor":[114,36,36,51,126,126,141,156,156,156,156,175,23,42,42,167,167,186,205,130,130,6,6,6,25,50,50,50,62,93,105,117,254,266,297,232,251,270,289,289,308,308,308,327,327,327,327],"floor_reached":47,"playtime":1941,"items_purged":["Pain"],"score":567,"play_id":"8b2c8f30-320e-43c4-a1be-8074daccdf4b","local_time":"20190211174653","daily_mods":["Specialized","Vintage","Terminal"],"is_ascension_mode":false,"campfire_choices":[{"floor":6.0,"key":"REST"},{"floor":15.0,"key":"DIG"},{"floor":23.0,"key":"DIG"},{"floor":28.0,"key":"DIG"},{"floor":32.0,"key":"DIG"},{"floor":40.0,"key":"DIG"},{"floor":42.0,"key":"DIG"},{"floor":45,"key":"DIG"}],"neow_cost":"","seed_source_timestamp":0,"circlet_count":0,"master_deck":["Defend_G","Defend_G","Defend_G","Defend_G","Strike_G","Strike_G","Strike_G","Strike_G","Strike_G","Survivor","Neutralize","Crippling Poison","Crippling Poison","Crippling Poison","Crippling Poison","Crippling Poison","Accuracy","Caltrops","Tools of the Trade","Noxious Fumes","Underhanded Strike","Ghostly","Ghostly","Ghostly","Ghostly","Ghostly","Venomology","Well Laid Plans"],"special_seed":17938,"relics":["Ring of the Snake","Tingsha","Mummified Hand","Shuriken","Torii","Meat on the Bone","Golden Idol","WarpedTongs","WingedGreaves","Shovel","Snake Skull","White Beast Statue","Question Card","Letter Opener","Smiling Mask","Juzu Bracelet","Bag of Preparation","MawBank","Bottled Tornado","Orichalcum","Lizard Tail","Potion Belt","Happy Flower","Matryoshka","Blue Candle","The Courier","Molten Egg 2","Omamori","Pen Nib","Ginger","Oddly Smooth Stone","Mercury Hourglass"],"potions_floor_usage":[44],"damage_taken":[{"damage":1.0,"enemies":"Cultist","floor":1.0,"turns":4.0},{"damage":2.0,"enemies":"Jaw Worm","floor":4.0,"turns":5.0},{"damage":0.0,"enemies":"2 Louse","floor":7.0,"turns":3.0},{"damage":0.0,"enemies":"Large Slime","floor":8.0,"turns":7.0},{"damage":4.0,"enemies":"Gremlin Gang","floor":12.0,"turns":3.0},{"damage":0.0,"enemies":"2 Fungi Beasts","floor":14.0,"turns":4.0},{"damage":9.0,"enemies":"The Guardian","floor":16.0,"turns":10.0},{"damage":2.0,"enemies":"3 Byrds","floor":18.0,"turns":3.0},{"damage":2.0,"enemies":"2 Thieves","floor":19.0,"turns":4.0},{"damage":2.0,"enemies":"Centurion and Healer","floor":25.0,"turns":8.0},{"damage":1.0,"enemies":"3 Cultists","floor":30.0,"turns":5.0},{"damage":0.0,"enemies":"Collector","floor":33.0,"turns":9.0},{"damage":0.0,"enemies":"3 Darklings","floor":35.0,"turns":5.0},{"damage":0.0,"enemies":"Orb Walker","floor":37.0,"turns":4.0},{"damage":0.0,"enemies":"Sphere and 2 Shapes","floor":38.0,"turns":4.0},{"damage":7.0,"enemies":"Maw","floor":39.0,"turns":7.0},{"damage":0.0,"enemies":"4 Shapes","floor":41.0,"turns":4.0},{"damage":0,"enemies":"Jaw Worm Horde","floor":44,"turns":6},{"damage":13,"enemies":"Transient","floor":47,"turns":4}],"seed_played":"6339212738474030288","potions_obtained":[{"floor":3.0,"key":"Swift Potion"},{"floor":3.0,"key":"Fire Potion"},{"floor":3.0,"key":"FearPotion"},{"floor":18.0,"key":"AttackPotion"},{"floor":19.0,"key":"Poison Potion"},{"floor":33.0,"key":"SneckoOil"},{"floor":35.0,"key":"FearPotion"},{"floor":37.0,"key":"Dexterity Potion"},{"floor":38.0,"key":"EssenceOfSteel"},{"floor":39.0,"key":"Block Potion"}],"is_trial":false,"path_per_floor":["M","$","?","M","?","R","M","M","T","?","?","M","$","M","R","B",null,"M","M","?","?","$","R","?","M","T","?","R","$","M","?","R","B",null,"M","$","M","M","M","R","M","R","T","M","R","?","M"],"character_chosen":"THE_SILENT","items_purchased":["Accuracy","Caltrops","Noxious Fumes","Underhanded Strike","Well Laid Plans"],"campfire_rested":1,"item_purchase_floors":[2,13,22,22,36],"current_hp_per_floor":[68,67,66,64,53,63,62,61,60,45,45,41,41,41,41,32,52,50,48,48,48,47,46,22,20,20,19,18,17,16,15,14,13,12,11,10,9,8,7,6,5,4,3,2,1,1,0],"gold":327,"neow_bonus":"","is_prod":false,"is_daily":true,"chose_seed":false,"campfire_upgraded":0,"win_rate":0,"timestamp":1549896413,"path_taken":["M","?","?","?","?","R","M","M","T","?","?","?","$","M","R","BOSS","M","M","?","?","$","R","?","M","T","?","R","$","M","?","R","BOSS","M","$","M","M","M","R","M","R","T","M","R","?","M"],"build_version":"2019-01-23","purchased_purges":1,"victory":false,"max_hp_per_floor":[68,67,66,65,64,63,62,61,60,59,58,57,56,55,54,53,52,51,50,49,48,47,46,22,21,20,19,18,17,16,15,14,13,12,11,10,9,8,7,6,5,4,3,2,1,1,1],"card_choices":[{"not_picked":["Die Die Die","Wraith Form v2"],"picked":"Tools of the Trade","floor":16.0},{"not_picked":["After Image","Envenom","Doppelganger"],"picked":"Venomology","floor":33.0}],"player_experience":316858,"relics_obtained":[{"floor":1.0,"key":"Tingsha"},{"floor":4.0,"key":"Mummified Hand"},{"floor":7.0,"key":"Shuriken"},{"floor":8.0,"key":"Torii"},{"floor":9.0,"key":"Meat on the Bone"},{"floor":12.0,"key":"WingedGreaves"},{"floor":14.0,"key":"Shovel"},{"floor":15.0,"key":"Snake Skull"},{"floor":18.0,"key":"Question Card"},{"floor":19.0,"key":"Letter Opener"},{"floor":23.0,"key":"Smiling Mask"},{"floor":25.0,"key":"Juzu Bracelet"},{"floor":26.0,"key":"Bag of Preparation"},{"floor":28.0,"key":"MawBank"},{"floor":30.0,"key":"Bottled Tornado"},{"floor":32.0,"key":"Orichalcum"},{"floor":35.0,"key":"Potion Belt"},{"floor":37.0,"key":"Happy Flower"},{"floor":38.0,"key":"Matryoshka"},{"floor":39.0,"key":"Blue Candle"},{"floor":40.0,"key":"The Courier"},{"floor":41.0,"key":"Molten Egg 2"},{"floor":42.0,"key":"Omamori"},{"floor":43.0,"key":"Pen Nib"},{"floor":43.0,"key":"Ginger"},{"floor":44,"key":"Oddly Smooth Stone"},{"floor":45,"key":"Mercury Hourglass"}],"event_choices":[{"damage_healed":0.0,"max_hp_gain":0.0,"max_hp_loss":0.0,"gold_gain":0.0,"event_name":"Lab","player_choice":"Got Potions","floor":3.0,"gold_loss":0.0,"damage_taken":0.0},{"damage_healed":0.0,"max_hp_gain":0.0,"max_hp_loss":0.0,"gold_gain":75.0,"event_name":"World of Goop","player_choice":"Gather Gold","floor":5.0,"gold_loss":0.0,"damage_taken":11.0},{"damage_healed":0.0,"max_hp_gain":0.0,"max_hp_loss":0.0,"gold_gain":0.0,"event_name":"Golden Idol","player_choice":"Take Damage","floor":10.0,"gold_loss":0.0,"damage_taken":15.0,"relics_obtained":["Golden Idol"]},{"damage_healed":0.0,"max_hp_gain":0.0,"max_hp_loss":0.0,"gold_gain":0.0,"event_name":"Accursed Blacksmith","player_choice":"Rummage","floor":11.0,"gold_loss":0.0,"damage_taken":0.0,"relics_obtained":["WarpedTongs"],"cards_obtained":["Pain"]},{"cards_removed":["Defend_G"],"damage_healed":0.0,"max_hp_gain":0.0,"max_hp_loss":0.0,"gold_gain":0.0,"event_name":"Beggar","player_choice":"Gave Gold","floor":20.0,"gold_loss":75.0,"damage_taken":0.0},{"damage_healed":0.0,"max_hp_gain":0.0,"max_hp_loss":0.0,"gold_gain":0.0,"event_name":"Vampires","player_choice":"Ignored","floor":21.0,"gold_loss":0.0,"damage_taken":0.0},{"damage_healed":0.0,"max_hp_gain":0.0,"max_hp_loss":23.0,"gold_gain":0.0,"event_name":"Ghosts","player_choice":"Became a Ghost","floor":24.0,"gold_loss":0.0,"damage_taken":0.0,"cards_obtained":["Ghostly","Ghostly","Ghostly","Ghostly","Ghostly"]},{"damage_healed":0.0,"max_hp_gain":0.0,"max_hp_loss":0.0,"gold_gain":0.0,"event_name":"The Mausoleum","player_choice":"Ignored","floor":31.0,"gold_loss":0.0,"damage_taken":0.0},{"damage_healed":1,"gold_gain":0,"player_choice":"Heal","damage_taken":0,"max_hp_gain":0,"max_hp_loss":0,"event_name":"The Moai Head","floor":46,"gold_loss":0}],"is_beta":false,"boss_relics":[{"not_picked":["Runic Pyramid","Runic Dome"],"picked":"White Beast Statue"},{"not_picked":["Black Star","Snecko Eye"],"picked":"Lizard Tail"}],"items_purged_floors":[13],"is_endless":false,"potions_floor_spawned":[7,8,14,16,18,19,25,30,33,35,37,38,39,41,44],"killed_by":"Transient","ascension_level":0}