{"gold_per_floor":[117,133,144,69,69,69,85,85,85,85,85,85,85,104,104,178,178,188,15,28,44,61,61,76,76,76,76,87,87,97,129,129,204,204,215,315,326,381,397,397,411,424,502,502,502,517,222,240,240,240],"floor_reached":51,"playtime":1996,"items_purged":["Dagger Throw"],"score":1333,"play_id":"8eea55d3-c57d-4cb2-a926-5341c834ba75","local_time":"20190216004959","is_ascension_mode":true,"campfire_choices":[{"data":"Cloak And Dagger","floor":6.0,"key":"SMITH"},{"data":"Accuracy","floor":8.0,"key":"SMITH"},{"data":"Neutralize","floor":11.0,"key":"SMITH"},{"data":"Accuracy","floor":15.0,"key":"SMITH"},{"data":"Blade Dance","floor":23.0,"key":"SMITH"},{"data":"Deflect","floor":25.0,"key":"SMITH"},{"data":"Tactician","floor":29.0,"key":"SMITH"},{"data":"Cloak And Dagger","floor":32,"key":"SMITH"},{"data":"Malaise","floor":40,"key":"SMITH"},{"data":"Leg Sweep","floor":44,"key":"SMITH"},{"data":"Tools of the Trade","floor":49,"key":"SMITH"}],"neow_cost":"NONE","seed_source_timestamp":11323787087671,"circlet_count":0,"master_deck":["AscendersBane","Survivor+1","Neutralize+1","Dagger Throw","Deflect+1","Backflip","Blade Dance+1","Cloak And Dagger+1","Blade Dance+1","Accuracy+1","Accuracy+1","Tactician+1","Tools of the Trade+1","Backflip","Cloak And Dagger+1","Malaise+1","Terror+1","Leg Sweep+1"],"special_seed":0,"relics":["Pandora\u0027s Box","Paper Crane","Ice Cream","Busted Crown","Omamori","Kunai","MutagenicStrength","Blood Vial","WristBlade","Gambling Chip","StoneCalendar","Ornamental Fan","OrangePellets"],"potions_floor_usage":[50,50],"damage_taken":[{"damage":6.0,"enemies":"2 Louse","floor":1.0,"turns":2.0},{"damage":0.0,"enemies":"Small Slimes","floor":2.0,"turns":2.0},{"damage":3.0,"enemies":"Jaw Worm","floor":3.0,"turns":2.0},{"damage":0.0,"enemies":"Lots of Slimes","floor":7.0,"turns":3.0},{"damage":9.0,"enemies":"Gremlin Gang","floor":14.0,"turns":6.0},{"damage":0.0,"enemies":"Slime Boss","floor":16.0,"turns":4.0},{"damage":2.0,"enemies":"Shell Parasite","floor":18.0,"turns":3.0},{"damage":0.0,"enemies":"Spheric Guardian","floor":20.0,"turns":3.0},{"damage":1.0,"enemies":"Cultist and Chosen","floor":21.0,"turns":3.0},{"damage":0.0,"enemies":"Snecko","floor":22.0,"turns":3.0},{"damage":2.0,"enemies":"Snake Plant","floor":24.0,"turns":3.0},{"damage":0.0,"enemies":"3 Cultists","floor":28.0,"turns":3.0},{"damage":0.0,"enemies":"Cultist and Chosen","floor":30.0,"turns":3.0},{"damage":8,"enemies":"Book of Stabbing","floor":31,"turns":3},{"damage":1,"enemies":"Automaton","floor":33,"turns":6},{"damage":0,"enemies":"3 Shapes","floor":35,"turns":3},{"damage":4,"enemies":"Mind Bloom Boss Battle","floor":36,"turns":4},{"damage":0,"enemies":"3 Darklings","floor":37,"turns":3},{"damage":7,"enemies":"2 Orb Walkers","floor":38,"turns":3},{"damage":3,"enemies":"Writhing Mass","floor":39,"turns":4},{"damage":0,"enemies":"Transient","floor":41,"turns":5},{"damage":0,"enemies":"Jaw Worm Horde","floor":42,"turns":2},{"damage":0,"enemies":"Spire Growth","floor":46,"turns":3},{"damage":0,"enemies":"Transient","floor":48,"turns":5},{"damage":0,"enemies":"Time Eater","floor":50,"turns":6}],"seed_played":"7062408528572189805","potions_obtained":[{"floor":1.0,"key":"Regen Potion"},{"floor":14.0,"key":"PowerPotion"},{"floor":21.0,"key":"FearPotion"},{"floor":28.0,"key":"Explosive Potion"},{"floor":41,"key":"Dexterity Potion"},{"floor":42,"key":"Strength Potion"},{"floor":48,"key":"Strength Potion"}],"is_trial":false,"path_per_floor":["M","M","M","?","?","R","M","R","T","?","R","?","T","M","R","B",null,"M","$","M","M","M","R","M","R","T","?","M","R","M","E","R","B",null,"M","?","M","?","M","R","M","M","T","R","?","M","$","M","R","B",null],"character_chosen":"THE_SILENT","items_purchased":["Omamori","OrangePellets"],"campfire_rested":0,"item_purchase_floors":[19,47],"current_hp_per_floor":[53,53,50,50,43,43,43,43,43,48,48,27,27,33,33,33,62,60,60,60,59,59,59,57,57,57,57,57,57,57,49,49,50,66,68,66,68,63,62,62,64,66,66,66,66,68,68,70,70,71],"gold":240,"neow_bonus":"BOSS_RELIC","is_prod":false,"is_daily":false,"chose_seed":false,"campfire_upgraded":11,"win_rate":0,"timestamp":1550288999,"path_taken":["M","M","M","?","?","R","M","R","T","?","R","?","?","?","R","BOSS","M","$","?","M","M","R","?","R","T","?","M","R","M","E","R","BOSS","M","?","M","?","M","R","M","M","T","R","?","M","$","?","R","BOSS"],"build_version":"2018-11-15","purchased_purges":1,"victory":true,"max_hp_per_floor":[66,66,66,66,66,66,66,66,66,71,71,71,71,71,71,71,71,71,71,71,71,71,71,71,71,71,71,71,71,71,71,71,71,71,71,71,71,71,71,71,71,71,71,71,71,71,71,71,71,71],"card_choices":[{"not_picked":["Choke","Deadly Poison"],"picked":"Accuracy","floor":1.0},{"not_picked":["Dagger Throw","Expertise","Tactician"],"picked":"SKIP","floor":2.0},{"not_picked":["Dagger Throw","Expertise"],"picked":"Tactician","floor":2.0},{"not_picked":["Prepared","Flying Knee","Slice"],"picked":"SKIP","floor":3.0},{"not_picked":["Outmaneuver","Acrobatics","Predator"],"picked":"SKIP","floor":7.0},{"not_picked":["Masterful Stab","Acrobatics","Underhanded Strike"],"picked":"SKIP","floor":14.0},{"not_picked":["Wraith Form v2","Grand Finale"],"picked":"Tools of the Trade","floor":16.0},{"not_picked":["Slice+1"],"picked":"SKIP","floor":18.0},{"not_picked":[],"picked":"Backflip","floor":20.0},{"not_picked":["Cloak And Dagger"],"picked":"SKIP","floor":21.0},{"not_picked":["Flying Knee"],"picked":"SKIP","floor":22.0},{"not_picked":["Blade Dance"],"picked":"SKIP","floor":24.0},{"not_picked":["Deflect"],"picked":"SKIP","floor":28.0},{"not_picked":[],"picked":"Cloak And Dagger","floor":30.0},{"not_picked":["Calculated Gamble"],"picked":"SKIP","floor":31},{"not_picked":[],"picked":"Malaise","floor":33},{"not_picked":[],"picked":"Terror","floor":35},{"not_picked":[],"picked":"Leg Sweep","floor":36},{"not_picked":["Deflect"],"picked":"SKIP","floor":37},{"not_picked":["Prepared"],"picked":"SKIP","floor":39},{"not_picked":["Leg Sweep"],"picked":"SKIP","floor":41},{"not_picked":["PiercingWail+1"],"picked":"SKIP","floor":42},{"not_picked":["Dodge and Roll"],"picked":"SKIP","floor":46},{"not_picked":["Deadly Poison"],"picked":"SKIP","floor":48}],"player_experience":149329,"relics_obtained":[{"floor":9.0,"key":"Paper Crane"},{"floor":13.0,"key":"Ice Cream"},{"floor":26.0,"key":"Kunai"},{"floor":31,"key":"Blood Vial"},{"floor":36,"key":"Gambling Chip"},{"floor":38,"key":"StoneCalendar"},{"floor":43,"key":"Ornamental Fan"}],"event_choices":[{"cards_removed":["Dagger Throw"],"damage_healed":0.0,"max_hp_gain":0.0,"max_hp_loss":0.0,"gold_gain":0.0,"event_name":"The Cleric","player_choice":"Card Removal","floor":4.0,"gold_loss":75.0,"damage_taken":0.0},{"cards_removed":["Sucker Punch"],"damage_healed":0.0,"max_hp_gain":0.0,"max_hp_loss":0.0,"gold_gain":0.0,"event_name":"Golden Wing","player_choice":"Card Removal","floor":5.0,"gold_loss":0.0,"damage_taken":7.0},{"damage_healed":0.0,"max_hp_gain":5.0,"max_hp_loss":0.0,"gold_gain":0.0,"event_name":"Big Fish","player_choice":"Donut","floor":10.0,"gold_loss":0.0,"damage_taken":0.0},{"damage_healed":0.0,"max_hp_gain":0.0,"max_hp_loss":0.0,"gold_gain":0.0,"event_name":"Shining Light","player_choice":"Entered Light","floor":12.0,"gold_loss":0.0,"damage_taken":21.0,"cards_upgraded":["Survivor","Blade Dance"]},{"damage_healed":0.0,"max_hp_gain":0.0,"max_hp_loss":0.0,"gold_gain":0.0,"event_name":"Drug Dealer","player_choice":"Inject Mutagens","floor":27.0,"gold_loss":0.0,"damage_taken":0.0,"relics_obtained":["MutagenicStrength"]},{"damage_healed":0,"gold_gain":0,"player_choice":"Fight","damage_taken":0,"max_hp_gain":0,"max_hp_loss":0,"event_name":"MindBloom","floor":36,"gold_loss":0},{"damage_healed":0,"gold_gain":0,"player_choice":"Fight","damage_taken":0,"max_hp_gain":0,"max_hp_loss":0,"event_name":"Mysterious Sphere","floor":38,"gold_loss":0},{"damage_healed":0,"gold_gain":0,"player_choice":"Upgraded","damage_taken":0,"max_hp_gain":0,"max_hp_loss":0,"event_name":"Upgrade Shrine","floor":45,"gold_loss":0,"cards_upgraded":["Terror"]}],"is_beta":false,"boss_relics":[{"not_picked":["Lizard Tail","Philosopher\u0027s Stone"],"picked":"Busted Crown"},{"not_picked":["Empty Cage","Black Star"],"picked":"WristBlade"}],"items_purged_floors":[47],"is_endless":false,"potions_floor_spawned":[1,14,21,28,31,33,35,41,42,48],"ascension_level":16}