{"gold_per_floor":[109,125,125,144,144,144,168,199,199,199,227,227,240,252,252,353,403,416,416,430,430,450,484,412,412],"floor_reached":25,"playtime":2816,"items_purged":[],"score":230,"play_id":"bd8a653c-e322-4f5b-acf9-e4d2e438728b","local_time":"20190213191910","is_ascension_mode":false,"campfire_choices":[{"data":"Dualcast","floor":6,"key":"SMITH"},{"floor":10,"key":"REST"},{"floor":12,"key":"REST"},{"data":"Hello World","floor":15,"key":"SMITH"}],"neow_cost":"NONE","seed_source_timestamp":0,"circlet_count":0,"master_deck":["Strike_B","Strike_B","Strike_B","Strike_B","Defend_B","Defend_B","Defend_B","Defend_B","Zap","Dualcast+1","Cold Snap","Hologram","Ball Lightning","Loop","Compile Driver+1","Fusion","Go for the Eyes","Hello World+1","Fission","Gash","Redo+1","Storm","Gash","White Noise+1","Leap","Gash"],"special_seed":0,"relics":["Cracked Core","NeowsBlessing","Gremlin Horn","Odd Mushroom","Mercury Hourglass","Bottled Tornado","Pen Nib","Tiny House","Nilry\u0027s Codex","Spirit Poop","Matryoshka"],"potions_floor_usage":[11,16,16,22,22,23],"damage_taken":[{"damage":0.0,"enemies":"Cultist","floor":1.0,"turns":1.0},{"damage":0.0,"enemies":"2 Louse","floor":2.0,"turns":1.0},{"damage":0,"enemies":"Jaw Worm","floor":4,"turns":1},{"damage":19,"enemies":"The Mushroom Lair","floor":7,"turns":4},{"damage":20,"enemies":"Gremlin Nob","floor":8,"turns":4},{"damage":19,"enemies":"3 Sentries","floor":11,"turns":5},{"damage":17,"enemies":"Exordium Wildlife","floor":13,"turns":4},{"damage":6,"enemies":"3 Louse","floor":14,"turns":2},{"damage":43,"enemies":"Hexaghost","floor":16,"turns":10},{"damage":16,"enemies":"Spheric Guardian","floor":18,"turns":4},{"damage":10,"enemies":"Chosen","floor":20,"turns":4},{"damage":24,"enemies":"Snake Plant","floor":22,"turns":4},{"damage":9,"enemies":"Gremlin Leader","floor":23,"turns":6},{"damage":8,"enemies":"Snecko","floor":25,"turns":2}],"seed_played":"7338440229848669667","potions_obtained":[{"floor":4,"key":"Regen Potion"},{"floor":11,"key":"Swift Potion"},{"floor":13,"key":"SkillPotion"},{"floor":14,"key":"FearPotion"},{"floor":16,"key":"FocusPotion"},{"floor":17,"key":"Explosive Potion"},{"floor":23,"key":"GamblersBrew"}],"is_trial":false,"path_per_floor":["M","M","?","M","?","R","?","E","T","R","E","R","M","M","R","B",null,"M","?","M","?","M","E","$","M"],"character_chosen":"DEFECT","items_purchased":["Leap","Gash"],"campfire_rested":2,"item_purchase_floors":[24,24],"current_hp_per_floor":[75,75,75,75,75,75,56,36,36,58,51,73,56,50,50,7,80,64,48,38,38,14,5,5,0],"gold":412,"neow_bonus":"THREE_ENEMY_KILL","is_prod":false,"is_daily":false,"chose_seed":false,"campfire_upgraded":2,"win_rate":0.0,"timestamp":1550103550,"path_taken":["M","M","?","M","?","R","?","E","T","R","E","R","?","M","R","BOSS","M","?","M","?","M","E","$","M"],"build_version":"2019-01-23","purchased_purges":0,"victory":false,"max_hp_per_floor":[75,75,75,75,75,75,75,75,75,75,75,75,75,75,75,75,80,80,80,80,80,80,80,80,80],"card_choices":[{"not_picked":["Sweeping Beam","Fusion"],"picked":"Cold Snap","floor":1.0},{"not_picked":["Lockon","Coolheaded"],"picked":"Hologram","floor":2},{"not_picked":["Leap","Scrape"],"picked":"Ball Lightning","floor":4},{"not_picked":["Steam","Go for the Eyes"],"picked":"Loop","floor":7},{"not_picked":["Storm","Hologram"],"picked":"Compile Driver","floor":8},{"not_picked":["Aggregate","Ball Lightning"],"picked":"Fusion","floor":11},{"not_picked":["Ball Lightning","Steam"],"picked":"Go for the Eyes","floor":13},{"not_picked":["Skim","Steam Power"],"picked":"Hello World","floor":14},{"not_picked":["Buffer","Seek"],"picked":"Fission","floor":16},{"not_picked":["Conserve Battery","Auto Shields"],"picked":"Gash","floor":17},{"not_picked":["Cold Snap","Go for the Eyes"],"picked":"Redo+1","floor":18},{"not_picked":["Heatsinks","Stack"],"picked":"Storm","floor":20},{"not_picked":["Redo+1","Aggregate"],"picked":"Gash","floor":22},{"not_picked":["Reprogram","Cold Snap"],"picked":"White Noise+1","floor":23}],"player_experience":17432,"relics_obtained":[{"floor":7,"key":"Odd Mushroom"},{"floor":8,"key":"Mercury Hourglass"},{"floor":9,"key":"Bottled Tornado"},{"floor":11,"key":"Pen Nib"},{"floor":19,"key":"Nilry\u0027s Codex"},{"floor":23,"key":"Matryoshka"}],"event_choices":[{"damage_healed":0,"gold_gain":0,"player_choice":"Leave","damage_taken":0,"max_hp_gain":0,"max_hp_loss":0,"event_name":"The Cleric","floor":3,"gold_loss":0},{"damage_healed":0,"gold_gain":0,"player_choice":"Box","damage_taken":0,"relics_obtained":["Gremlin Horn"],"max_hp_gain":0,"max_hp_loss":0,"event_name":"Big Fish","floor":5,"gold_loss":0,"cards_obtained":["Regret"]},{"damage_healed":0,"gold_gain":0,"player_choice":"Fought Mushrooms","damage_taken":0,"max_hp_gain":0,"max_hp_loss":0,"event_name":"Mushrooms","floor":7,"gold_loss":0},{"damage_healed":0,"gold_gain":0,"player_choice":"Obtained Book","damage_taken":16,"max_hp_gain":0,"max_hp_loss":0,"event_name":"Cursed Tome","floor":19,"gold_loss":0},{"cards_removed":["Regret"],"damage_healed":0,"gold_gain":0,"player_choice":"Offered Curse","damage_taken":0,"relics_obtained":["Spirit Poop"],"max_hp_gain":0,"max_hp_loss":0,"event_name":"Bonfire Elementals","floor":21,"gold_loss":0}],"is_beta":false,"boss_relics":[{"not_picked":["Runic Dome","Busted Crown"],"picked":"Tiny House"}],"items_purged_floors":[],"is_endless":false,"potions_floor_spawned":[4,11,13,14,16,23],"killed_by":"Snecko","ascension_level":0}