{"gold_per_floor":[114,73,73,88,88,118,148,163,163,163,193,193,208,223,223,323,323,338,338,353,353,319,319,349,349,349,379,379,394,424,449,449,549,549,564,564,564,579,579,579],"floor_reached":40,"playtime":2149,"items_purged":[],"score":525,"play_id":"b8fe42c1-3724-4f20-bc02-4cc414465790","local_time":"20180720015709","daily_mods":["Shiny","Elite Swarm","Terminal"],"is_ascension_mode":false,"campfire_choices":[{"data":"Hyperbeam","floor":10.0,"key":"SMITH"},{"floor":15.0,"key":"REST"},{"floor":23.0,"key":"REST"},{"floor":25.0,"key":"REST"},{"floor":32.0,"key":"REST"}],"neow_cost":"","seed_source_timestamp":0,"circlet_count":0,"master_deck":["Multi-Cast","Hyperbeam+1","Thunder Strike","Biased Cognition","Electrodynamics","Buffer","Rainbow","Seek","Meteor Strike","Echo Form","All For One","Reboot","Amplify","Creative AI","Fission","Core Surge","Streamline","Storm","Doom and Gloom","BootSequence","Redo","BootSequence+1","Loop","Biased Cognition","Turbo","Melter+1","Self Repair+1"],"special_seed":17731,"relics":["Cracked Core","Boot","Ice Cream","Tiny Chest","Bottled Lightning","Bottled Tornado","Cursed Key","Ancient Tea Set","Incense Burner","Dead Branch","Ginger","Symbiotic Virus","Omamori","Fusion Hammer"],"potions_floor_usage":[40],"damage_taken":[{"damage":1.0,"enemies":"2 Louse","floor":1.0,"turns":2.0},{"damage":6.0,"enemies":"Jaw Worm","floor":4.0,"turns":2.0},{"damage":3.0,"enemies":"3 Sentries","floor":6.0,"turns":3.0},{"damage":0.0,"enemies":"Cultist","floor":8.0,"turns":2.0},{"damage":0.0,"enemies":"Gremlin Nob","floor":11.0,"turns":4.0},{"damage":0.0,"enemies":"2 Fungi Beasts","floor":13.0,"turns":1.0},{"damage":6.0,"enemies":"Large Slime","floor":14.0,"turns":3.0},{"damage":40.0,"enemies":"The Guardian","floor":16.0,"turns":7.0},{"damage":5.0,"enemies":"2 Thieves","floor":18.0,"turns":2.0},{"damage":13.0,"enemies":"Shell Parasite","floor":20.0,"turns":4.0},{"damage":17.0,"enemies":"Slavers","floor":24.0,"turns":3.0},{"damage":22.0,"enemies":"Gremlin Leader","floor":27.0,"turns":5.0},{"damage":10.0,"enemies":"Snecko","floor":29.0,"turns":4.0},{"damage":0.0,"enemies":"Slavers","floor":30.0,"turns":3.0},{"damage":11.0,"enemies":"Collector","floor":33.0,"turns":5.0},{"damage":30.0,"enemies":"Flame Bruiser 1 Orb","floor":35.0,"turns":5.0},{"damage":1.0,"enemies":"3 Shapes","floor":38.0,"turns":3.0},{"damage":25,"enemies":"Nemesis","floor":40,"turns":4}],"seed_played":"-3692985004623791933","potions_obtained":[{"floor":1.0,"key":"Regen Potion"},{"floor":8.0,"key":"Weak Potion"},{"floor":16.0,"key":"EssenceOfSteel"},{"floor":18.0,"key":"LiquidBronze"},{"floor":33.0,"key":"Block Potion"}],"is_trial":false,"path_per_floor":["M","$","?","M","?","E","?","M","T","R","E","$","M","M","R","B",null,"M","?","M","?","$","R","E","R","T","E","?","M","E","T","R","B",null,"M","?","?","M","?"],"character_chosen":"DEFECT","items_purchased":["Storm","Loop"],"campfire_rested":4,"item_purchase_floors":[2,22],"current_hp_per_floor":[73,72,71,65,62,59,59,59,59,59,59,59,59,53,59,19,57,52,46,33,33,33,48,31,46,46,24,24,26,26,26,38,27,40,10,20,20,19,19,0],"gold":579,"neow_bonus":"","is_prod":false,"is_daily":true,"chose_seed":false,"campfire_upgraded":1,"win_rate":0,"timestamp":1532041029,"path_taken":["M","$","?","?","?","E","?","M","T","R","E","?","?","M","R","BOSS","M","?","?","?","$","R","E","R","T","E","?","?","E","?","R","BOSS","M","?","?","?","?","E"],"build_version":"2018-07-12","purchased_purges":0,"victory":false,"max_hp_per_floor":[73,72,71,70,69,68,67,66,65,64,63,62,61,60,59,58,57,56,55,54,53,52,51,50,49,48,47,46,45,44,43,42,41,40,39,38,34,33,32,32],"card_choices":[{"not_picked":["Glacier","Auto Shields"],"picked":"Streamline","floor":1.0},{"not_picked":["Cold Snap","Coolheaded"],"picked":"Doom and Gloom","floor":4.0},{"not_picked":["Meteor Strike","Echo Form","Core Surge"],"picked":"SKIP","floor":6.0},{"not_picked":["Stack","Auto Shields"],"picked":"BootSequence","floor":8.0},{"not_picked":["Electrodynamics","Meteor Strike","Fission"],"picked":"SKIP","floor":11.0},{"not_picked":["Ball Lightning","Hologram","Stack"],"picked":"SKIP","floor":13.0},{"not_picked":["Conserve Battery","Force Field"],"picked":"Redo","floor":14.0},{"not_picked":["Leap","Sweeping Beam"],"picked":"BootSequence+1","floor":18.0},{"not_picked":["Glacier","Recycle","Gash"],"picked":"SKIP","floor":20.0},{"not_picked":["Biased Cognition","Electrodynamics","Creative AI"],"picked":"SKIP","floor":24.0},{"not_picked":["Seek","All For One","Creative AI"],"picked":"SKIP","floor":27.0},{"not_picked":["Leap","FTL"],"picked":"Turbo","floor":29.0},{"not_picked":["Thunder Strike","Meteor Strike","Seek"],"picked":"SKIP","floor":30.0},{"not_picked":["Conserve Battery","Streamline"],"picked":"Melter+1","floor":35.0},{"not_picked":["Beam Cell","Rebound+1"],"picked":"Self Repair+1","floor":38.0}],"player_experience":133549,"relics_obtained":[{"floor":6.0,"key":"Ice Cream"},{"floor":9.0,"key":"Bottled Lightning"},{"floor":11.0,"key":"Bottled Tornado"},{"floor":24.0,"key":"Incense Burner"},{"floor":26.0,"key":"Dead Branch"},{"floor":27.0,"key":"Ginger"},{"floor":30.0,"key":"Symbiotic Virus"},{"floor":31.0,"key":"Omamori"}],"event_choices":[{"event_name":"Shining Light","player_choice":"Ignored","floor":3.0,"damage_taken":0.0},{"event_name":"Scrap Ooze","player_choice":"success","floor":5.0,"damage_taken":3.0},{"event_name":"Dead Adventurer","player_choice":"Searched \u00271\u0027 times","floor":7.0,"damage_taken":0.0},{"event_name":"Knowing Skull","player_choice":"","floor":19.0,"damage_taken":0.0},{"event_name":"The Mausoleum","player_choice":"Yes","floor":21.0,"damage_taken":0.0},{"event_name":"Transmorgrifier","player_choice":"Transform","floor":28.0,"damage_taken":0.0},{"event_name":"Winding Halls","player_choice":"Writhe","floor":36.0,"damage_taken":0.0},{"event_name":"Fountain of Cleansing","player_choice":"Removed Curse","floor":37.0,"damage_taken":0.0},{"event_name":"Mysterious Sphere","player_choice":"Ignore","floor":39.0,"damage_taken":0.0}],"boss_relics":[{"not_picked":["Philosopher\u0027s Stone","Snecko Eye"],"picked":"Cursed Key"},{"not_picked":["Nuclear Battery","Black Star"],"picked":"Fusion Hammer"}],"items_purged_floors":[],"is_endless":false,"potions_floor_spawned":[1,8,16,18,20,24,33],"killed_by":"Nemesis","ascension_level":0}