{"gold_per_floor":[119,137,137,156,106,117,135,160,160,110,130,160,179,1,1,99,99,80,96,96,115,128,128,142,142],"floor_reached":25,"playtime":1146,"items_purged":[],"score":219,"play_id":"629be2b9-8da2-4b4c-ba50-dee1eb41aee2","local_time":"20190211164000","is_ascension_mode":false,"campfire_choices":[{"floor":15.0,"key":"REST"},{"floor":23,"key":"REST"}],"neow_cost":"NONE","seed_source_timestamp":73240600728383,"circlet_count":0,"master_deck":["Defend_G","Defend_G","Defend_G","Defend_G","Strike_G","Strike_G","Strike_G","Strike_G","Survivor","Neutralize","Crippling Poison","Cloak And Dagger","Choke","Flying Knee","Poisoned Stab","Poisoned Stab","Leg Sweep","Bouncing Flask","Poisoned Stab","Bullet Time","Cloak And Dagger+1","Bane","Writhe","Deadly Poison","Phantasmal Killer","Crippling Poison"],"special_seed":0,"relics":["Ring of the Snake","Strawberry","Du-Vu Doll","Blue Candle","Boot","Eternal Feather","Peace Pipe"],"potions_floor_usage":[25,25],"damage_taken":[{"damage":0.0,"enemies":"2 Louse","floor":1.0,"turns":4.0},{"damage":6.0,"enemies":"Cultist","floor":2.0,"turns":4.0},{"damage":2.0,"enemies":"Jaw Worm","floor":4.0,"turns":4.0},{"damage":10.0,"enemies":"3 Louse","floor":6.0,"turns":3.0},{"damage":1.0,"enemies":"Blue Slaver","floor":7.0,"turns":4.0},{"damage":16.0,"enemies":"3 Sentries","floor":8.0,"turns":9.0},{"damage":3.0,"enemies":"Looter","floor":11.0,"turns":3.0},{"damage":13.0,"enemies":"Gremlin Nob","floor":12.0,"turns":4.0},{"damage":15.0,"enemies":"Gremlin Gang","floor":13.0,"turns":4.0},{"damage":31.0,"enemies":"The Guardian","floor":16.0,"turns":10.0},{"damage":17.0,"enemies":"2 Thieves","floor":18.0,"turns":4.0},{"damage":3.0,"enemies":"Shell Parasite","floor":19.0,"turns":4.0},{"damage":8,"enemies":"Chosen and Byrds","floor":21,"turns":7},{"damage":40,"enemies":"Centurion and Healer","floor":22,"turns":6},{"damage":33,"enemies":"Snake Plant","floor":24,"turns":3},{"damage":32,"enemies":"Sentry and Sphere","floor":25,"turns":5}],"seed_played":"-8465828268313967457","potions_obtained":[{"floor":6.0,"key":"SkillPotion"},{"floor":11.0,"key":"GhostInAJar"},{"floor":12.0,"key":"Swift Potion"},{"floor":16.0,"key":"AttackPotion"},{"floor":24,"key":"Energy Potion"}],"is_trial":false,"path_per_floor":["M","M","?","M","?","M","M","E","T","$","M","E","M","$","R","B",null,"M","M","?","M","M","R","M","M"],"character_chosen":"THE_SILENT","items_purchased":["Poisoned Stab","Boot","Poisoned Stab"],"campfire_rested":2,"item_purchase_floors":[10,14,14],"current_hp_per_floor":[77,71,71,69,69,59,58,49,49,49,46,33,18,18,43,12,84,67,64,64,56,16,56,23,0],"gold":142,"neow_bonus":"TEN_PERCENT_HP_BONUS","is_prod":false,"is_daily":false,"chose_seed":false,"campfire_upgraded":0,"win_rate":0,"timestamp":1549892400,"path_taken":["M","M","?","?","?","M","M","E","T","$","M","E","M","$","R","BOSS","M","M","?","M","M","R","M","M"],"build_version":"2019-01-23","purchased_purges":0,"victory":false,"max_hp_per_floor":[77,77,77,77,77,77,77,84,84,84,84,84,84,84,84,84,84,84,84,84,84,84,84,84,84],"card_choices":[{"not_picked":["Underhanded Strike","Outmaneuver"],"picked":"Crippling Poison","floor":1.0},{"not_picked":["Deflect","Dagger Spray"],"picked":"Cloak And Dagger","floor":2.0},{"not_picked":["Leg Sweep","Sucker Punch"],"picked":"Choke","floor":4.0},{"not_picked":["Well Laid Plans","PiercingWail"],"picked":"Flying Knee","floor":6.0},{"not_picked":["Dagger Throw","Outmaneuver"],"picked":"Poisoned Stab","floor":7.0},{"not_picked":["Grand Finale","Dodge and Roll","Venomology"],"picked":"SKIP","floor":8.0},{"not_picked":["Masterful Stab","Dagger Throw","Cloak And Dagger"],"picked":"SKIP","floor":11.0},{"not_picked":["Endless Agony","Underhanded Strike"],"picked":"Leg Sweep","floor":12.0},{"not_picked":["Caltrops","Escape Plan"],"picked":"Bouncing Flask","floor":13.0},{"not_picked":["Phantasmal Killer","Storm of Steel"],"picked":"Bullet Time","floor":16.0},{"not_picked":["Outmaneuver","All Out Attack+1"],"picked":"Cloak And Dagger+1","floor":18.0},{"not_picked":["Terror","Expertise"],"picked":"Bane","floor":19.0},{"not_picked":["Choke","Blade Dance+1"],"picked":"Deadly Poison","floor":21},{"not_picked":["Poisoned Stab","Deflect"],"picked":"Phantasmal Killer","floor":22},{"not_picked":["Dodge and Roll","Distraction"],"picked":"Crippling Poison","floor":24}],"player_experience":314450,"relics_obtained":[{"floor":8.0,"key":"Strawberry"},{"floor":9.0,"key":"Du-Vu Doll"},{"floor":12.0,"key":"Blue Candle"}],"event_choices":[{"cards_removed":["Defend_G"],"damage_healed":0.0,"max_hp_gain":0.0,"max_hp_loss":0.0,"gold_gain":0.0,"event_name":"Bonfire Elementals","player_choice":"Offered Basic","floor":3.0,"gold_loss":0.0,"damage_taken":0.0},{"cards_removed":["Strike_G"],"damage_healed":0.0,"max_hp_gain":0.0,"max_hp_loss":0.0,"gold_gain":0.0,"event_name":"The Cleric","player_choice":"Card Removal","floor":5.0,"gold_loss":50.0,"damage_taken":0.0},{"damage_healed":0.0,"max_hp_gain":0.0,"max_hp_loss":0.0,"gold_gain":0.0,"event_name":"The Mausoleum","player_choice":"Opened","floor":20.0,"gold_loss":0.0,"damage_taken":0.0,"relics_obtained":["Peace Pipe"],"cards_obtained":["Writhe"]}],"is_beta":false,"boss_relics":[{"not_picked":["Runic Dome","Astrolabe"],"picked":"Eternal Feather"}],"items_purged_floors":[],"is_endless":false,"potions_floor_spawned":[6,11,12,13,16,24],"killed_by":"Sentry and Sphere","ascension_level":0}