{"gold_per_floor":[110,125],"floor_reached":2,"playtime":3317,"items_purged":[],"score":14,"play_id":"57c68039-e6cb-423c-bc3b-7dc65491ec60","local_time":"20180717205016","daily_mods":["Draft"],"is_ascension_mode":false,"campfire_choices":[],"neow_cost":"","seed_source_timestamp":871736120872937,"circlet_count":0,"master_deck":["Infernal Blade","Infernal Blade","Iron Wave","Flex","Inflame","Wild Strike","Thunderclap","Flame Barrier","Flex","Thunderclap","Spot Weakness","Body Slam","Flex","Infernal Blade","Shrug It Off","Flame Barrier"],"relics":["Burning Blood"],"potions_floor_usage":[],"damage_taken":[{"damage":0,"enemies":"2 Louse","floor":1,"turns":2},{"damage":6,"enemies":"Cultist","floor":2,"turns":3}],"seed_played":"4310037466745014425","potions_obtained":[{"floor":1,"key":"SpeedPotion"}],"is_trial":true,"path_per_floor":["M"],"character_chosen":"IRONCLAD","items_purchased":[],"campfire_rested":0,"item_purchase_floors":[],"current_hp_per_floor":[80,80],"gold":125,"neow_bonus":"","is_prod":false,"is_daily":false,"chose_seed":false,"campfire_upgraded":0,"win_rate":0,"timestamp":1531849816,"path_taken":["M","M"],"build_version":"2018-07-12","purchased_purges":0,"victory":false,"max_hp_per_floor":[80,80],"card_choices":[{"not_picked":["Perfected Strike","Wild Strike"],"picked":"Infernal Blade","floor":0},{"not_picked":["Havoc","Anger"],"picked":"Infernal Blade","floor":0},{"not_picked":["Warcry","Anger"],"picked":"Iron Wave","floor":0},{"not_picked":["Pommel Strike","Warcry"],"picked":"Flex","floor":0},{"not_picked":["Feel No Pain","Havoc"],"picked":"Inflame","floor":0},{"not_picked":["Perfected Strike","Shockwave"],"picked":"Wild Strike","floor":0},{"not_picked":["True Grit","Bloodletting"],"picked":"Thunderclap","floor":0},{"not_picked":["Rampage","Heavy Blade"],"picked":"Flame Barrier","floor":0},{"not_picked":["Wild Strike","Searing Blow"],"picked":"Flex","floor":0},{"not_picked":["Sword Boomerang","Perfected Strike"],"picked":"Thunderclap","floor":0},{"not_picked":["Shockwave","Anger"],"picked":"Spot Weakness","floor":0},{"not_picked":["Shockwave","Evolve"],"picked":"Body Slam","floor":0},{"not_picked":["Wild Strike","Armaments"],"picked":"Flex","floor":0},{"not_picked":["Perfected Strike","Clothesline"],"picked":"Infernal Blade","floor":0},{"not_picked":["Headbutt","Battle Trance"],"picked":"Shrug It Off","floor":0},{"not_picked":["Anger","Burning Pact"],"picked":"Flame Barrier","floor":1}],"player_experience":129364,"relics_obtained":[],"event_choices":[],"boss_relics":[],"items_purged_floors":[],"is_endless":false,"potions_floor_spawned":[1],"killed_by":"Cultist","ascension_level":1}