{"gold_per_floor":[115,131,131,131,6,33,33,50,50,50,50,69,19,46,46,145,145,160,178,0,13,13,13,47,47,47,76,93,127,137,155,155,255,255,274,77,77,177,0,33,88,103,103,117,131,131,162,181,181,181],"floor_reached":51,"playtime":8068,"items_purged":["Regret","Defend_G","Decay"],"score":1330,"play_id":"dbf983ea-f118-4e53-acc1-b416570bac4c","local_time":"20190217165350","is_ascension_mode":true,"campfire_choices":[{"floor":7,"key":"REST"},{"floor":10,"key":"REST"},{"data":"Cloak And Dagger","floor":15,"key":"SMITH"},{"floor":23,"key":"REST"},{"data":"Infinite Blades","floor":25,"key":"SMITH"},{"data":"Accuracy","floor":32,"key":"SMITH"},{"floor":46,"key":"REST"},{"floor":49,"key":"REST"}],"neow_cost":"NONE","seed_source_timestamp":0,"circlet_count":0,"master_deck":["AscendersBane","Defend_G","Defend_G","Defend_G","Defend_G","Strike_G","Strike_G","Strike_G","Strike_G","Survivor","Neutralize","Cloak And Dagger+1","Blade Dance","Endless Agony","Die Die Die","Accuracy+1","Infinite Blades+1","Shame","Accuracy","Caltrops","Well Laid Plans","Crippling Poison","Adrenaline","Backstab","Footwork","Terror","Footwork","Noxious Fumes","Blur","Parasite","Footwork","Parasite"],"special_seed":0,"relics":["Ring of the Snake","Darkstone Periapt","Orichalcum","Dead Branch","Ninja Scroll","Mummified Hand","Turnip","Cursed Key","Blue Candle","Prayer Wheel","Bottled Lightning","Happy Flower","Juzu Bracelet","Sozu","Nunchaku","Red Mask","Potion Belt","Torii","Ornamental Fan","Tough Bandages"],"potions_floor_usage":[16,27,30,33,33],"damage_taken":[{"damage":0.0,"enemies":"Small Slimes","floor":1.0,"turns":3.0},{"damage":11.0,"enemies":"Jaw Worm","floor":2.0,"turns":4.0},{"damage":37,"enemies":"Gremlin Nob","floor":6,"turns":6},{"damage":1,"enemies":"2 Louse","floor":8,"turns":3},{"damage":0,"enemies":"2 Fungi Beasts","floor":12,"turns":2},{"damage":1,"enemies":"Lagavulin","floor":14,"turns":3},{"damage":22,"enemies":"Hexaghost","floor":16,"turns":10},{"damage":2,"enemies":"2 Thieves","floor":18,"turns":3},{"damage":6,"enemies":"Spheric Guardian","floor":19,"turns":3},{"damage":19,"enemies":"Snake Plant","floor":21,"turns":4},{"damage":6,"enemies":"Slavers","floor":24,"turns":3},{"damage":7,"enemies":"Book of Stabbing","floor":27,"turns":3},{"damage":4,"enemies":"Cultist and Chosen","floor":28,"turns":3},{"damage":0,"enemies":"Gremlin Leader","floor":29,"turns":5},{"damage":15,"enemies":"Shelled Parasite and Fungi","floor":30,"turns":4},{"damage":1,"enemies":"Sentry and Sphere","floor":31,"turns":3},{"damage":12,"enemies":"Automaton","floor":33,"turns":7},{"damage":6,"enemies":"3 Darklings","floor":35,"turns":2},{"damage":14,"enemies":"Mind Bloom Boss Battle","floor":38,"turns":3},{"damage":10,"enemies":"Nemesis","floor":40,"turns":3},{"damage":15,"enemies":"2 Orb Walkers","floor":41,"turns":3},{"damage":0,"enemies":"Orb Walker","floor":42,"turns":1},{"damage":3,"enemies":"Maw","floor":44,"turns":5},{"damage":1,"enemies":"Spire Growth","floor":45,"turns":3},{"damage":2,"enemies":"Giant Head","floor":47,"turns":4},{"damage":3,"enemies":"Writhing Mass","floor":48,"turns":4},{"damage":59,"enemies":"Time Eater","floor":50,"turns":10}],"seed_played":"7662197124315416798","potions_obtained":[{"floor":6,"key":"GamblersBrew"},{"floor":12,"key":"Fire Potion"},{"floor":19,"key":"AttackPotion"},{"floor":24,"key":"Strength Potion"},{"floor":27,"key":"EssenceOfSteel"},{"floor":31,"key":"Dexterity Potion"}],"is_trial":false,"path_per_floor":["M","M","?","?","$","E","R","M","T","R","T","M","?","E","R","B",null,"M","M","$","M","?","R","E","R","T","E","M","E","M","M","R","B",null,"M","$","?","?","?","E","?","M","T","M","M","R","E","M","R","B",null],"character_chosen":"THE_SILENT","items_purchased":["PiercingWail","Accuracy","Footwork"],"campfire_rested":5,"item_purchase_floors":[5,20,36],"current_hp_per_floor":[63,52,34,40,40,3,25,24,24,46,46,46,46,45,45,23,63,61,55,55,36,42,66,60,60,66,59,55,55,40,39,39,27,73,67,67,67,53,53,43,28,28,34,31,30,58,56,59,89,30],"gold":181,"neow_bonus":"THREE_CARDS","is_prod":false,"is_daily":false,"chose_seed":false,"campfire_upgraded":3,"win_rate":0,"timestamp":1550444030,"path_taken":["M","M","?","?","$","E","R","M","T","R","?","M","?","E","R","BOSS","M","M","$","M","?","R","E","R","T","E","M","E","M","M","R","BOSS","M","$","?","?","?","E","?","M","T","M","M","R","E","M","R","BOSS"],"build_version":"2019-01-23","purchased_purges":3,"victory":true,"max_hp_per_floor":[70,70,70,76,76,76,76,76,76,76,76,76,76,76,76,76,76,76,76,76,76,82,82,82,82,88,88,88,88,88,88,88,88,88,88,88,88,88,88,88,88,88,94,94,94,94,94,100,100,100],"card_choices":[{"not_picked":["Acrobatics","Poisoned Stab"],"picked":"Cloak And Dagger","floor":0.0},{"not_picked":["Acrobatics","Cloak And Dagger"],"picked":"Blade Dance","floor":1.0},{"not_picked":["Reflex","Deadly Poison","Bane"],"picked":"SKIP","floor":2.0},{"not_picked":["Deflect","Tools of the Trade","Flying Knee"],"picked":"SKIP","floor":6},{"not_picked":["Dagger Throw","Quick Slash"],"picked":"Endless Agony","floor":8},{"not_picked":["Skewer","Blade Dance","Cloak And Dagger"],"picked":"SKIP","floor":12},{"not_picked":["Predator","Quick Slash","Backflip"],"picked":"SKIP","floor":14},{"not_picked":["Tools of the Trade","Wraith Form v2"],"picked":"Die Die Die","floor":16},{"not_picked":["PiercingWail+1","Flying Knee","Cloak And Dagger"],"picked":"SKIP","floor":18},{"not_picked":["Sucker Punch","Masterful Stab","All Out Attack"],"picked":"SKIP","floor":19},{"not_picked":["Dodge and Roll","Quick Slash"],"picked":"Infinite Blades","floor":21},{"not_picked":["Eviscerate","Flying Knee+1"],"picked":"Accuracy","floor":24},{"not_picked":["Dagger Spray","Phantasmal Killer","Quick Slash"],"picked":"SKIP","floor":27},{"not_picked":["Bane","Dodge and Roll"],"picked":"Caltrops","floor":28},{"not_picked":["Sucker Punch","Calculated Gamble","Outmaneuver"],"picked":"SKIP","floor":28},{"not_picked":["Caltrops","Dagger Spray","All Out Attack"],"picked":"SKIP","floor":29},{"not_picked":["Escape Plan","Dagger Spray+1","Night Terror"],"picked":"SKIP","floor":30},{"not_picked":["Cloak And Dagger","PiercingWail","Blade Dance"],"picked":"SKIP","floor":30},{"not_picked":["Dagger Throw","Dagger Spray"],"picked":"Well Laid Plans","floor":31},{"not_picked":["Dash","Masterful Stab"],"picked":"Crippling Poison","floor":31},{"not_picked":["Die Die Die","Night Terror"],"picked":"Adrenaline","floor":33},{"not_picked":["Heel Hook","Dagger Spray"],"picked":"Backstab","floor":35},{"not_picked":["All Out Attack+1","Catalyst","Slice+1"],"picked":"SKIP","floor":35},{"not_picked":["Flying Knee","Deadly Poison"],"picked":"Terror","floor":38},{"not_picked":["Skewer","Deflect+1","Underhanded Strike"],"picked":"SKIP","floor":40},{"not_picked":["Expertise","Die Die Die"],"picked":"Footwork","floor":41},{"not_picked":["Acrobatics","Crippling Poison"],"picked":"Noxious Fumes","floor":42},{"not_picked":["Blade Dance","Prepared"],"picked":"Blur","floor":42},{"not_picked":["Leg Sweep","Backflip+1","Crippling Poison"],"picked":"SKIP","floor":44},{"not_picked":["Poisoned Stab","Flying Knee+1","Endless Agony"],"picked":"SKIP","floor":44},{"not_picked":["Bane","Leg Sweep"],"picked":"Footwork","floor":45},{"not_picked":["Sucker Punch","Deadly Poison","Poisoned Stab"],"picked":"SKIP","floor":45},{"not_picked":["Slice+1","Wraith Form v2","Dagger Throw"],"picked":"SKIP","floor":47},{"not_picked":["Sucker Punch+1","Quick Slash","Infinite Blades"],"picked":"SKIP","floor":48},{"not_picked":["Flying Knee","Poisoned Stab","Tactician"],"picked":"SKIP","floor":48}],"player_experience":395736,"relics_obtained":[{"floor":6,"key":"Dead Branch"},{"floor":9,"key":"Ninja Scroll"},{"floor":11,"key":"Mummified Hand"},{"floor":14,"key":"Turnip"},{"floor":24,"key":"Prayer Wheel"},{"floor":26,"key":"Bottled Lightning"},{"floor":27,"key":"Happy Flower"},{"floor":29,"key":"Juzu Bracelet"},{"floor":38,"key":"Nunchaku"},{"floor":40,"key":"Potion Belt"},{"floor":41,"key":"Torii"},{"floor":43,"key":"Ornamental Fan"},{"floor":47,"key":"Tough Bandages"}],"event_choices":[{"damage_healed":0.0,"max_hp_gain":0.0,"max_hp_loss":0.0,"gold_gain":0.0,"event_name":"Scrap Ooze","player_choice":"Success","floor":3.0,"gold_loss":0.0,"damage_taken":18.0,"relics_obtained":["Darkstone Periapt"]},{"damage_healed":0.0,"max_hp_gain":0.0,"max_hp_loss":0.0,"gold_gain":0.0,"event_name":"Big Fish","player_choice":"Box","floor":4.0,"gold_loss":0.0,"damage_taken":0.0,"relics_obtained":["Orichalcum"],"cards_obtained":["Regret"]},{"cards_removed":["Strike_G"],"damage_healed":0,"gold_gain":0,"player_choice":"Card Removal","damage_taken":0,"max_hp_gain":0,"max_hp_loss":0,"event_name":"The Cleric","floor":13,"gold_loss":50},{"damage_healed":0,"gold_gain":0,"player_choice":"Stole Relic","damage_taken":0,"relics_obtained":["Blue Candle"],"max_hp_gain":0,"max_hp_loss":0,"event_name":"Addict","floor":22,"gold_loss":0,"cards_obtained":["Shame"]},{"cards_removed":["PiercingWail"],"damage_healed":0,"gold_gain":0,"player_choice":"Removed Skill","damage_taken":0,"max_hp_gain":0,"max_hp_loss":0,"event_name":"Falling","floor":37,"gold_loss":0},{"damage_healed":0,"gold_gain":0,"player_choice":"Fight","damage_taken":0,"max_hp_gain":0,"max_hp_loss":0,"event_name":"MindBloom","floor":38,"gold_loss":0},{"damage_healed":0,"gold_gain":0,"player_choice":"Paid","damage_taken":0,"relics_obtained":["Red Mask"],"max_hp_gain":0,"max_hp_loss":0,"event_name":"Tomb of Lord Red Mask","floor":39,"gold_loss":177},{"damage_healed":0,"gold_gain":0,"player_choice":"Fight","damage_taken":0,"max_hp_gain":0,"max_hp_loss":0,"event_name":"Mysterious Sphere","floor":41,"gold_loss":0}],"is_beta":false,"boss_relics":[{"not_picked":["Ectoplasm","HoveringKite"],"picked":"Cursed Key"},{"not_picked":["Pandora\u0027s Box","Eternal Feather"],"picked":"Sozu"}],"items_purged_floors":[5,20,36],"is_endless":false,"potions_floor_spawned":[6,12,19,24,27,31,35,40,41,47,48],"ascension_level":12}