{"gold_per_floor":[114,129,204,204,11,11,45,60,84,84,84,30,30,40,40,145,145,162,162],"floor_reached":19,"playtime":1411,"items_purged":[],"score":190,"play_id":"3ed646a7-9d01-42c6-8b46-061b27f4c648","local_time":"20180706082504","is_ascension_mode":true,"campfire_choices":[{"data":"Bash","floor":6.0,"key":"SMITH"},{"floor":10.0,"key":"REST"},{"floor":13.0,"key":"REST"},{"data":"Armaments","floor":15.0,"key":"SMITH"}],"neow_cost":"","seed_source_timestamp":0,"circlet_count":0,"master_deck":["Strike_R","Strike_R","Strike_R","Strike_R","Strike_R","Defend_R","Defend_R","Defend_R","Defend_R","Bash+1","Clothesline","Shrug It Off","Armaments+1","Metallicize","Evolve","Perfected Strike","Barricade","Sword Boomerang"],"special_seed":0,"relics":["Burning Blood","Membership Card","Boot","Strawberry","Dream Catcher","Black Star"],"potions_floor_usage":[19],"damage_taken":[{"damage":8.0,"enemies":"Jaw Worm","floor":1.0,"turns":4.0},{"damage":1.0,"enemies":"2 Louse","floor":2.0,"turns":2.0},{"damage":54.0,"enemies":"Lagavulin","floor":7.0,"turns":9.0},{"damage":2.0,"enemies":"Cultist","floor":8.0,"turns":4.0},{"damage":2.0,"enemies":"Exordium Thugs","floor":14.0,"turns":4.0},{"damage":28.0,"enemies":"Slime Boss","floor":16.0,"turns":12.0},{"damage":35,"enemies":"Spheric Guardian","floor":18,"turns":18},{"damage":64,"enemies":"3 Byrds","floor":19,"turns":7}],"seed_played":"4690423493331742730","potions_obtained":[{"floor":7.0,"key":"Fire Potion"},{"floor":14.0,"key":"Weak Potion"}],"is_trial":false,"path_per_floor":["M","M","?","?","$","R","E","M","T","R","?","$","R","M","R","B",null,"M"],"character_chosen":"IRONCLAD","items_purchased":["Membership Card","Metallicize"],"campfire_rested":2,"item_purchase_floors":[5,12],"current_hp_per_floor":[78,80,69,69,69,69,21,25,32,58,55,55,81,85,85,63,87,58,0],"gold":162,"neow_bonus":"","is_prod":false,"is_daily":false,"chose_seed":false,"campfire_upgraded":2,"win_rate":0,"timestamp":1530883504,"path_taken":["M","M","?","?","?","R","E","?","T","R","?","$","R","?","R","BOSS","M","M"],"build_version":"2018-07-05","purchased_purges":0,"victory":false,"max_hp_per_floor":[80,80,80,80,80,80,80,80,87,87,87,87,87,87,87,87,87,87,87],"card_choices":[{"not_picked":["Wild Strike","Seeing Red","Bloodletting"],"picked":"SKIP","floor":1.0},{"not_picked":["Clash","Combust"],"picked":"Clothesline","floor":2.0},{"not_picked":["Flex","Carnage"],"picked":"Shrug It Off","floor":7.0},{"not_picked":["Iron Wave","Pommel Strike"],"picked":"Armaments","floor":8.0},{"not_picked":["Thunderclap","Exhume"],"picked":"Evolve","floor":13.0},{"not_picked":["Armaments","Anger"],"picked":"Perfected Strike","floor":14.0},{"not_picked":["Fiend Fire","Bludgeon"],"picked":"Barricade","floor":16.0},{"not_picked":["Disarm","Heavy Blade"],"picked":"Sword Boomerang","floor":18}],"player_experience":253195,"relics_obtained":[{"floor":7.0,"key":"Boot"},{"floor":9.0,"key":"Strawberry"}],"event_choices":[{"event_name":"World of Goop","player_choice":"Gather Gold","floor":3.0,"damage_taken":0.0},{"event_name":"The Woman in Blue","player_choice":"Bought 0 Potions","floor":4.0,"damage_taken":0.0},{"event_name":"Scrap Ooze","player_choice":"success","floor":11.0,"damage_taken":3.0}],"boss_relics":[{"not_picked":["Fusion Hammer","Pandora\u0027s Box"],"picked":"Black Star"}],"items_purged_floors":[],"is_endless":false,"potions_floor_spawned":[7,14],"killed_by":"3 Byrds","ascension_level":3}