{"path_per_floor":["M","?","$","M","?","M","R","M","T","R","M","E","M","E","R","B",null,"M","?","$","M","M","E","M","E","T","?"],"character_chosen":"IRONCLAD","items_purchased":["Lantern"],"gold_per_floor":[114,114,39,53,3,23,23,36,36,36,53,86,105,140,140,235,235,255,255,12,29,41,70,82,110,160,160,160],"floor_reached":28,"campfire_rested":0,"playtime":3768,"item_purchase_floors":[20],"current_hp_per_floor":[80,55,55,59,59,64,64,70,70,70,76,77,76,53,53,37,80,79,64,64,46,45,29,32,13,13,4,0],"items_purged":["Defend_R","Bash"],"gold":160,"score":270,"play_id":"6a36e342-b5f4-4811-ba8d-548444bf7973","local_time":"20180528102329","is_prod":false,"is_daily":false,"chose_seed":false,"is_ascension_mode":false,"campfire_upgraded":1,"win_rate":0,"timestamp":1527521009,"campfire_choices":[{"data":"Armaments","floor":7,"key":"SMITH"},{"data":"1","floor":10,"key":"LIFT"},{"data":"2","floor":15,"key":"LIFT"}],"path_taken":["M","?","$","?","?","M","R","M","T","R","M","E","?","E","R","BOSS","M","?","$","M","?","E","M","E","T","?","M"],"build_version":"2018-05-24","seed_source_timestamp":472090001245234,"purchased_purges":2,"victory":false,"master_deck":["Strike_R","Strike_R","Strike_R","Strike_R","Strike_R","Defend_R","Defend_R","Barricade","Armaments+1","Seeing Red","Armaments","Rampage","Seeing Red","Bludgeon","Fiend Fire","Body Slam+1","Ghostly Armor","Entrench"],"max_hp_per_floor":[80,80,80,80,80,80,80,80,80,80,80,80,80,80,80,80,80,80,85,85,85,85,85,85,85,85,85,85],"relics":["Burning Blood","Thread and Needle","Girya","Happy Flower","Centennial Puzzle","Lantern","Self Forming Clay","Ornamental Fan","Bag of Marbles"],"card_choices":[{"not_picked":["Sword Boomerang","Thunderclap","Cleave"],"picked":"SKIP","floor":1},{"not_picked":["Thunderclap","Anger"],"picked":"Armaments","floor":4},{"not_picked":["Thunderclap","Cleave","Uppercut"],"picked":"SKIP","floor":6},{"not_picked":["Disarm","Juggernaut"],"picked":"Seeing Red","floor":8},{"not_picked":["Combust","Warcry"],"picked":"Armaments","floor":11},{"not_picked":["Flex","Headbutt"],"picked":"Rampage","floor":12},{"not_picked":["Evolve","Warcry"],"picked":"Seeing Red","floor":13},{"not_picked":["Pommel Strike","Shrug It Off"],"picked":"Bludgeon","floor":14},{"not_picked":["Juggernaut","Reaper"],"picked":"Fiend Fire","floor":16},{"not_picked":["Second Wind+1","Headbutt","Pommel Strike+1"],"picked":"SKIP","floor":18},{"not_picked":["Inflame","Heavy Blade"],"picked":"Body Slam+1","floor":21},{"not_picked":["Clash","Flex+1"],"picked":"Ghostly Armor","floor":22},{"not_picked":["Fire Breathing","Wild Strike+1","Carnage"],"picked":"SKIP","floor":23},{"not_picked":["Armaments+1","Pummel"],"picked":"Entrench","floor":24},{"not_picked":["Brutality","Anger","Corruption+1"],"picked":"SKIP","floor":25}],"player_experience":30214,"potions_floor_usage":[],"damage_taken":[{"damage":0,"enemies":"Small Slimes","floor":1,"turns":3},{"damage":2,"enemies":"2 Louse","floor":4,"turns":3},{"damage":1,"enemies":"Cultist","floor":6,"turns":3},{"damage":0,"enemies":"3 Louse","floor":8,"turns":4},{"damage":0,"enemies":"Exordium Wildlife","floor":11,"turns":5},{"damage":5,"enemies":"3 Sentries","floor":12,"turns":10},{"damage":7,"enemies":"Gremlin Gang","floor":13,"turns":6},{"damage":29,"enemies":"Gremlin Nob","floor":14,"turns":6},{"damage":22,"enemies":"Hexaghost","floor":16,"turns":9},{"damage":7,"enemies":"Spheric Guardian","floor":18,"turns":4},{"damage":24,"enemies":"3 Byrds","floor":21,"turns":6},{"damage":7,"enemies":"Centurion and Healer","floor":22,"turns":4},{"damage":22,"enemies":"Book of Stabbing","floor":23,"turns":5},{"damage":3,"enemies":"Snecko","floor":24,"turns":3},{"damage":25,"enemies":"Gremlin Leader","floor":25,"turns":11},{"damage":10,"enemies":"Cultist and Chosen","floor":28,"turns":3}],"relics_obtained":[{"floor":9,"key":"Girya"},{"floor":12,"key":"Happy Flower"},{"floor":14,"key":"Centennial Puzzle"},{"floor":23,"key":"Self Forming Clay"},{"floor":25,"key":"Ornamental Fan"},{"floor":26,"key":"Bag of Marbles"}],"event_choices":[{"event_name":"Scrap Ooze","player_choice":"success","floor":2,"damage_taken":25},{"event_name":"The Cleric","player_choice":"Card Removal","floor":5,"damage_taken":0},{"event_name":"Forgotten Altar","player_choice":"Shed Blood","floor":19,"damage_taken":0},{"event_name":"Cursed Tome","player_choice":"Stopped","floor":27,"damage_taken":0}],"boss_relics":[{"not_picked":["Ectoplasm","Runic Dome","Snecko Eye"]}],"items_purged_floors":[3,20],"potions_floor_spawned":[4,11,16,18,21,25],"seed_played":"-5151571577971129948","killed_by":"Cultist and Chosen","ascension_level":0,"potions_obtained":[{"floor":4,"key":"FearPotion"},{"floor":11,"key":"PowerPotion"},{"floor":16,"key":"EssenceOfSteel"},{"floor":18,"key":"LiquidBronze"},{"floor":25,"key":"SpeedPotion"}],"is_trial":false}