{"path_per_floor":["M","?","M","M","M","E","M","R","T","R","M","R","E","M","R","B",null,"M","?","M","$","M","R","M","?","T","R","M","R","M","E","R","B",null,"M","M","$","?","M","E","$","R","T","R","M","R","M","E","R","B"],"character_chosen":"IRONCLAD","items_purchased":["Happy Flower","Paper Frog","Perfected Strike","Secret Weapon"],"gold_per_floor":[118,118,131,151,169,198,216,216,293,293,306,306,331,346,346,444,444,458,458,475,18,31,31,45,45,126,126,141,141,152,183,183,280,280,295,309,209,209,222,256,38,38,38,38,57,57,71,103,103,103],"floor_reached":51,"campfire_rested":1,"playtime":5809,"item_purchase_floors":[21,21,41,41],"current_hp_per_floor":[80,64,64,70,63,41,47,47,47,47,37,37,31,38,38,39,92,96,80,72,72,82,82,78,78,78,78,66,66,68,66,66,26,124,90,75,75,138,134,80,80,80,80,80,56,56,45,40,99,78],"items_purged":["Defend_R","Defend_R"],"gold":103,"score":766,"play_id":"2997ac6a-67b0-44ba-b64c-4e2e2a13cc13","local_time":"20180527223115","is_prod":false,"is_daily":false,"chose_seed":false,"is_ascension_mode":false,"campfire_upgraded":11,"win_rate":0.0,"timestamp":1527478275,"campfire_choices":[{"data":"Perfected Strike","floor":8,"key":"SMITH"},{"data":"Metallicize","floor":10,"key":"SMITH"},{"data":"Feed","floor":12,"key":"SMITH"},{"data":"Battle Trance","floor":15,"key":"SMITH"},{"data":"Demon Form","floor":23,"key":"SMITH"},{"data":"Heavy Blade","floor":27,"key":"SMITH"},{"data":"Reaper","floor":29,"key":"SMITH"},{"data":"Perfected Strike","floor":32,"key":"SMITH"},{"data":"Limit Break","floor":42,"key":"SMITH"},{"data":"Anger","floor":44,"key":"SMITH"},{"data":"Seeing Red","floor":46,"key":"SMITH"},{"floor":49,"key":"REST"}],"path_taken":["M","?","M","M","M","E","M","R","T","R","M","R","E","M","R","BOSS","M","?","M","$","M","R","M","?","T","R","?","R","?","E","R","BOSS","M","?","$","?","M","E","$","R","T","R","M","R","M","E","R","BOSS"],"build_version":"2018-05-24","seed_source_timestamp":427277561314765,"purchased_purges":2,"victory":true,"master_deck":["Strike_R+1","Strike_R","Strike_R","Strike_R","Strike_R","Defend_R+1","Defend_R","Bash","Anger","Headbutt","Perfected Strike+1","Anger+1","Metallicize+1","Pommel Strike","Burning Pact","Battle Trance+1","Demon Form+1","Fire Breathing+1","Heavy Blade+1","Reaper+1","Heavy Blade+1","Perfected Strike+1","Limit Break+1","Dual Wield+1","Perfected Strike","Secret Weapon","Seeing Red+1"],"max_hp_per_floor":[80,80,80,80,80,80,80,80,80,80,80,80,84,88,88,92,92,96,96,100,100,104,104,108,108,108,108,112,112,116,120,120,124,124,124,128,128,138,138,148,148,148,148,148,148,148,148,148,148,148],"relics":["Burning Blood","Unceasing Top","Question Card","Thread and Needle","Runic Pyramid","Enchiridion","Happy Flower","Paper Frog","Toolbox","Regal Pillow","Mark of Pain","Pear","Self Forming Clay","Ginger"],"card_choices":[{"not_picked":["Sword Boomerang","Dropkick"],"picked":"Anger","floor":1},{"not_picked":["Cleave","Shrug It Off"],"picked":"Headbutt","floor":3},{"not_picked":["True Grit","Whirlwind"],"picked":"Perfected Strike","floor":4},{"not_picked":["Cleave","Rage"],"picked":"Anger","floor":5},{"not_picked":["Pummel","Bloodletting"],"picked":"Metallicize","floor":6},{"not_picked":["Infernal Blade","Clothesline"],"picked":"Pommel Strike","floor":7},{"not_picked":["Anger","Headbutt","Shockwave"],"picked":"Feed","floor":11},{"not_picked":["Shrug It Off","Body Slam","Clash"],"picked":"Burning Pact","floor":13},{"not_picked":["Inflame","Whirlwind","Body Slam"],"picked":"Battle Trance","floor":14},{"not_picked":["Juggernaut","Impervious","Dark Embrace"],"picked":"Demon Form","floor":16},{"not_picked":["Body Slam+1","Flex","True Grit"],"picked":"Fire Breathing+1","floor":18},{"not_picked":["Uppercut","Cleave","Sword Boomerang","Clothesline+1"],"picked":"SKIP","floor":20},{"not_picked":["Feel No Pain","Flex","Inflame","Intimidate"],"picked":"SKIP","floor":22},{"not_picked":["Sword Boomerang","Body Slam","Intimidate"],"picked":"Heavy Blade","floor":24},{"not_picked":["True Grit","Warcry","Cleave"],"picked":"Reaper","floor":28},{"not_picked":["True Grit","Ghostly Armor","Sword Boomerang"],"picked":"Heavy Blade+1","floor":30},{"not_picked":["Clash+1","Brutality","Hemokinesis"],"picked":"Perfected Strike","floor":31},{"not_picked":["Impervious","Berserk","Brutality"],"picked":"Limit Break","floor":33},{"not_picked":["True Grit+1","Shrug It Off","Body Slam+1"],"picked":"Dual Wield+1","floor":35},{"not_picked":["Whirlwind","Clash+1","Disarm","True Grit+1"],"picked":"SKIP","floor":36},{"not_picked":["Clash+1","Clothesline+1","Headbutt+1","Body Slam"],"picked":"SKIP","floor":39},{"not_picked":["True Grit+1","Flex","Ghostly Armor","Iron Wave+1"],"picked":"SKIP","floor":40},{"not_picked":["Sword Boomerang","Cleave","Combust+1"],"picked":"Seeing Red","floor":45},{"not_picked":["Rage+1","Sword Boomerang","True Grit","Combust"],"picked":"SKIP","floor":47},{"not_picked":["Rupture","Reckless Charge","Juggernaut","Battle Trance"],"picked":"SKIP","floor":48}],"player_experience":20007,"potions_floor_usage":[33,33],"damage_taken":[{"damage":0,"enemies":"Small Slimes","floor":1,"turns":3},{"damage":6,"enemies":"Jaw Worm","floor":3,"turns":2},{"damage":0,"enemies":"2 Louse","floor":4,"turns":2},{"damage":13,"enemies":"2 Fungi Beasts","floor":5,"turns":3},{"damage":28,"enemies":"Lagavulin","floor":6,"turns":5},{"damage":0,"enemies":"Large Slime","floor":7,"turns":4},{"damage":16,"enemies":"Lots of Slimes","floor":11,"turns":4},{"damage":16,"enemies":"3 Sentries","floor":13,"turns":8},{"damage":3,"enemies":"Gremlin Gang","floor":14,"turns":4},{"damage":9,"enemies":"Slime Boss","floor":16,"turns":9},{"damage":1,"enemies":"Chosen","floor":18,"turns":4},{"damage":18,"enemies":"3 Byrds","floor":20,"turns":5},{"damage":0,"enemies":"Snecko","floor":22,"turns":4},{"damage":14,"enemies":"Centurion and Healer","floor":24,"turns":5},{"damage":22,"enemies":"Snake Plant","floor":28,"turns":5},{"damage":8,"enemies":"Snecko","floor":30,"turns":3},{"damage":44,"enemies":"Gremlin Leader","floor":31,"turns":7},{"damage":80,"enemies":"Collector","floor":33,"turns":9},{"damage":40,"enemies":"3 Darklings","floor":35,"turns":5},{"damage":25,"enemies":"3 Shapes","floor":36,"turns":4},{"damage":10,"enemies":"Maw","floor":39,"turns":6},{"damage":71,"enemies":"Nemesis","floor":40,"turns":6},{"damage":30,"enemies":"3 Darklings","floor":45,"turns":6},{"damage":17,"enemies":"4 Shapes","floor":47,"turns":3},{"damage":41,"enemies":"2 Orb Walkers","floor":48,"turns":4},{"damage":149,"enemies":"Donu and Deca","floor":50,"turns":8}],"relics_obtained":[{"floor":6,"key":"Unceasing Top"},{"floor":9,"key":"Question Card"},{"floor":13,"key":"Thread and Needle"},{"floor":19,"key":"Enchiridion"},{"floor":26,"key":"Toolbox"},{"floor":31,"key":"Regal Pillow"},{"floor":40,"key":"Pear"},{"floor":43,"key":"Self Forming Clay"},{"floor":48,"key":"Ginger"}],"event_choices":[{"event_name":"Shining Light","player_choice":"Entered Light","floor":2,"damage_taken":0},{"event_name":"Cursed Tome","player_choice":"Obtained Book","floor":19,"damage_taken":0},{"event_name":"Beggar","player_choice":"Ignored","floor":25,"damage_taken":0},{"event_name":"Bonfire Elementals","player_choice":"RARE","floor":38,"damage_taken":0}],"boss_relics":[{"not_picked":["Orrery","Velvet Choker"],"picked":"Runic Pyramid"},{"not_picked":["Calling Bell","Runic Cube"],"picked":"Mark of Pain"}],"items_purged_floors":[21,37],"potions_floor_spawned":[4,6,11,13,14,20,30,33,45,47,48],"seed_played":"512071917723324387","ascension_level":0,"potions_obtained":[{"floor":4,"key":"EssenceOfSteel"},{"floor":6,"key":"PowerPotion"},{"floor":11,"key":"GamblersBrew"},{"floor":14,"key":"BloodPotion"},{"floor":33,"key":"GamblersBrew"},{"floor":45,"key":"Fire Potion"},{"floor":47,"key":"Ancient Potion"},{"floor":48,"key":"Energy Potion"}],"is_trial":false}