{"gold_per_floor":[119,135,212,212,222,256,256,256,256,222,115,125,125,95,95,197,197,197],"floor_reached":18,"playtime":991,"items_purged":[],"score":160,"play_id":"7c64b166-2239-499f-83ab-74d17d559faf","local_time":"20181129235951","is_ascension_mode":false,"campfire_choices":[{"floor":7.0,"key":"REST"},{"floor":15.0,"key":"REST"}],"neow_cost":"NONE","seed_source_timestamp":0,"circlet_count":0,"master_deck":["Strike_R","Strike_R","Strike_R","Strike_R","Strike_R","Defend_R","Defend_R","Defend_R","Defend_R","Bash","Wild Strike+1","Clothesline","Metallicize+1","Barricade","Anger","Body Slam","Feel No Pain","Disarm","Havoc","Infernal Blade","Juggernaut"],"special_seed":0,"relics":["Burning Blood","Smiling Mask","GremlinMask","Prayer Wheel","Kunai","Runic Dome"],"potions_floor_usage":[],"damage_taken":[{"damage":5.0,"enemies":"Jaw Worm","floor":1.0,"turns":5.0},{"damage":1.0,"enemies":"Cultist","floor":2.0,"turns":3.0},{"damage":7.0,"enemies":"2 Louse","floor":5.0,"turns":2.0},{"damage":32.0,"enemies":"Lagavulin","floor":6.0,"turns":8.0},{"damage":26.0,"enemies":"Exordium Thugs","floor":10.0,"turns":7.0},{"damage":18.0,"enemies":"Blue Slaver","floor":12.0,"turns":5.0},{"damage":2.0,"enemies":"Looter","floor":14.0,"turns":4.0},{"damage":25.0,"enemies":"Slime Boss","floor":16.0,"turns":17.0},{"damage":0,"enemies":"3 Byrds","floor":18,"turns":1}],"seed_played":"3657387368500380105","potions_obtained":[{"floor":2.0,"key":"Energy Potion"},{"floor":6.0,"key":"SmokeBomb"},{"floor":12.0,"key":"Energy Potion"}],"is_trial":false,"path_per_floor":["M","M","?","?","M","E","R","?","T","M","$","M","?","M","R","B",null,"M"],"character_chosen":"IRONCLAD","items_purchased":["Feel No Pain","Disarm"],"campfire_rested":2,"item_purchase_floors":[11,11],"current_hp_per_floor":[80,80,80,80,79,53,77,61,61,41,41,29,29,33,57,38,80,80],"gold":197,"neow_bonus":"RANDOM_COMMON_RELIC","is_prod":false,"is_daily":false,"chose_seed":false,"campfire_upgraded":0,"win_rate":0.0,"timestamp":1543525191,"path_taken":["M","M","?","?","?","E","R","?","T","M","?","M","?","M","R","BOSS","M"],"build_version":"2018-11-15","purchased_purges":0,"victory":false,"max_hp_per_floor":[80,80,80,80,80,80,80,80,80,80,80,80,80,80,80,80,80,80],"card_choices":[{"not_picked":["Cleave","Dropkick"],"picked":"Wild Strike","floor":1.0},{"not_picked":["Anger","Sentinel"],"picked":"Clothesline","floor":2.0},{"not_picked":["Thunderclap","Pommel Strike"],"picked":"Metallicize","floor":5.0},{"not_picked":["Sever Soul","Body Slam"],"picked":"Barricade","floor":6.0},{"not_picked":["True Grit","Iron Wave"],"picked":"Anger","floor":10.0},{"not_picked":["Clash","Clothesline"],"picked":"Body Slam","floor":10.0},{"not_picked":["Wild Strike","Clothesline"],"picked":"Havoc","floor":12.0},{"not_picked":["Whirlwind","Clothesline","Hemokinesis"],"picked":"SKIP","floor":12.0},{"not_picked":["Perfected Strike","Barricade"],"picked":"Infernal Blade","floor":14.0},{"not_picked":["Headbutt","Shockwave","Pummel"],"picked":"SKIP","floor":14.0},{"not_picked":["Bludgeon","Offering"],"picked":"Juggernaut","floor":16.0}],"player_experience":147196,"relics_obtained":[{"floor":6.0,"key":"Prayer Wheel"},{"floor":9.0,"key":"Kunai"}],"event_choices":[{"damage_healed":0.0,"max_hp_gain":0.0,"max_hp_loss":0.0,"gold_gain":77.0,"event_name":"Golden Wing","player_choice":"Gained Gold","floor":3.0,"gold_loss":0.0,"damage_taken":0.0},{"damage_healed":0.0,"max_hp_gain":0.0,"max_hp_loss":0.0,"gold_gain":0.0,"event_name":"FaceTrader","player_choice":"Trade","floor":4.0,"gold_loss":0.0,"damage_taken":0.0,"relics_obtained":["GremlinMask"]},{"damage_healed":0.0,"max_hp_gain":0.0,"max_hp_loss":0.0,"gold_gain":0.0,"event_name":"Shining Light","player_choice":"Entered Light","floor":8.0,"gold_loss":0.0,"damage_taken":16.0,"cards_upgraded":["Wild Strike","Metallicize"]},{"damage_healed":0.0,"max_hp_gain":0.0,"max_hp_loss":0.0,"gold_gain":0.0,"event_name":"The Woman in Blue","player_choice":"Bought 0 Potions","floor":13.0,"gold_loss":0.0,"damage_taken":0.0}],"is_beta":false,"boss_relics":[{"not_picked":["White Beast Statue","Empty Cage"],"picked":"Runic Dome"}],"items_purged_floors":[],"is_endless":false,"potions_floor_spawned":[2,6,12],"killed_by":"3 Byrds","ascension_level":0}