{"gold_per_floor":[112,158,171,96,51,51,76,76,76,94,94,19,36,51,51,151,151,151,151,151,151,151],"floor_reached":22,"playtime":678,"items_purged":["Strike_R"],"score":211,"play_id":"102d04a1-c577-42a5-8972-b44042799bea","local_time":"20190211190931","is_ascension_mode":false,"campfire_choices":[{"data":"Flex","floor":6,"key":"SMITH"},{"data":"Bash","floor":8,"key":"SMITH"},{"floor":15,"key":"REST"}],"neow_cost":"CURSE","seed_source_timestamp":82748948571373,"circlet_count":0,"master_deck":["Strike_R","Strike_R","Strike_R","Strike_R","Defend_R","Defend_R","Defend_R","Defend_R","Bash+1","Pain","Flex+1","Pain","Spot Weakness","Spot Weakness","Limit Break","Rage"],"relics":["Burning Blood","Art of War","Orichalcum","Blue Candle","WarpedTongs","Ectoplasm"],"potions_floor_usage":[],"damage_taken":[{"damage":7,"enemies":"Cultist","floor":1,"turns":3},{"damage":9,"enemies":"Jaw Worm","floor":3,"turns":3},{"damage":44,"enemies":"Gremlin Nob","floor":7,"turns":5},{"damage":9,"enemies":"2 Louse","floor":10,"turns":3},{"damage":7,"enemies":"Exordium Thugs","floor":13,"turns":4},{"damage":13,"enemies":"3 Louse","floor":14,"turns":4},{"damage":64,"enemies":"Slime Boss","floor":16,"turns":13},{"damage":23,"enemies":"Shell Parasite","floor":18,"turns":4},{"damage":28,"enemies":"Chosen","floor":20,"turns":7},{"damage":47,"enemies":"3 Cultists","floor":21,"turns":6},{"damage":18,"enemies":"Cultist and Chosen","floor":22,"turns":4}],"seed_played":"126006074218487343","potions_obtained":[{"floor":10,"key":"SpeedPotion"},{"floor":14,"key":"SpeedPotion"},{"floor":16,"key":"Regen Potion"}],"is_trial":false,"path_per_floor":["M","T","M","$","$","R","E","R","T","M","?","$","M","M","R","B",null,"M","$","M","M","M"],"character_chosen":"IRONCLAD","items_purchased":["Flex","Spot Weakness"],"campfire_rested":1,"item_purchase_floors":[5,12],"current_hp_per_floor":[95,95,92,92,92,92,54,54,54,51,51,51,50,43,71,13,96,79,79,57,16,0],"gold":151,"neow_bonus":"TWENTY_PERCENT_HP_BONUS","is_prod":false,"is_daily":false,"chose_seed":false,"campfire_upgraded":2,"win_rate":0,"timestamp":1549901371,"path_taken":["M","?","M","?","$","R","E","R","T","M","?","$","M","?","R","BOSS","M","$","M","M","M"],"build_version":"2019-01-23","purchased_purges":1,"victory":false,"max_hp_per_floor":[96,96,96,96,96,96,96,96,96,96,96,96,96,96,96,96,96,96,96,96,96,96],"card_choices":[{"not_picked":["Perfected Strike","Clothesline","Entrench"],"picked":"SKIP","floor":1},{"not_picked":["Iron Wave","Headbutt","Wild Strike"],"picked":"SKIP","floor":3},{"not_picked":["Anger","Clash","Wild Strike"],"picked":"SKIP","floor":7},{"not_picked":["Clothesline","Burning Pact","True Grit"],"picked":"SKIP","floor":10},{"not_picked":["Blood for Blood","True Grit","Iron Wave"],"picked":"SKIP","floor":13},{"not_picked":["Bludgeon","Dropkick"],"picked":"Spot Weakness","floor":14},{"not_picked":["Reaper","Double Tap"],"picked":"Limit Break","floor":16},{"not_picked":["Battle Trance","Armaments","Perfected Strike"],"picked":"SKIP","floor":18},{"not_picked":["Shrug It Off","Perfected Strike"],"picked":"Rage","floor":20},{"not_picked":["Wild Strike","Dropkick","Thunderclap"],"picked":"SKIP","floor":21}],"player_experience":321511,"relics_obtained":[{"floor":2,"key":"Art of War"},{"floor":7,"key":"Orichalcum"},{"floor":9,"key":"Blue Candle"}],"event_choices":[{"damage_healed":0,"gold_gain":0,"player_choice":"Rummage","damage_taken":0,"relics_obtained":["WarpedTongs"],"max_hp_gain":0,"max_hp_loss":0,"event_name":"Accursed Blacksmith","floor":11,"gold_loss":0,"cards_obtained":["Pain"]}],"is_beta":false,"boss_relics":[{"not_picked":["Runic Pyramid","Lizard Tail"],"picked":"Ectoplasm"}],"items_purged_floors":[4],"is_endless":false,"potions_floor_spawned":[10,14,16,21],"killed_by":"Cultist and Chosen","ascension_level":0}