{"gold_per_floor":[114,39,39,50,62,62,62,62,62,81,108,108,142,158,158,254,254,270,270,270,270,369,369,385,385],"floor_reached":25,"playtime":1325,"items_purged":["Strike_R"],"score":261,"play_id":"bf1cf3d8-fad7-46a0-992a-afcd44a8c2c4","local_time":"20180717232211","is_ascension_mode":true,"campfire_choices":[{"data":"Spot Weakness","floor":6,"key":"SMITH"},{"data":"Sword Boomerang","floor":8,"key":"SMITH"},{"data":"Spot Weakness","floor":12,"key":"SMITH"},{"data":"Bash","floor":15,"key":"SMITH"},{"data":"Limit Break","floor":23,"key":"SMITH"}],"neow_cost":"NONE","seed_source_timestamp":532219964194426,"circlet_count":0,"master_deck":["Strike_R+1","Strike_R","Strike_R","Defend_R","Defend_R","Defend_R","Defend_R+1","Bash+1","Spot Weakness+1","Sword Boomerang+1","Thunderclap","Spot Weakness+1","Double Tap","Limit Break+1","Sword Boomerang+1","Sword Boomerang+1"],"relics":["Burning Blood","Regal Pillow","Self Forming Clay","Blood Vial","Molten Egg 2","Runic Cube","Kunai"],"potions_floor_usage":[10,11,14,25,25],"damage_taken":[{"damage":6,"enemies":"Cultist","floor":1,"turns":3},{"damage":8,"enemies":"2 Louse","floor":4,"turns":3},{"damage":4,"enemies":"Small Slimes","floor":5,"turns":3},{"damage":6,"enemies":"2 Fungi Beasts","floor":10,"turns":2},{"damage":23,"enemies":"Gremlin Nob","floor":11,"turns":4},{"damage":11,"enemies":"Lagavulin","floor":13,"turns":5},{"damage":2,"enemies":"Gremlin Gang","floor":14,"turns":3},{"damage":30,"enemies":"Slime Boss","floor":16,"turns":7},{"damage":28,"enemies":"3 Byrds","floor":18,"turns":4},{"damage":13,"enemies":"Chosen","floor":24,"turns":4},{"damage":61,"enemies":"Slavers","floor":25,"turns":4}],"seed_played":"-3681340749664404145","potions_obtained":[{"floor":1,"key":"BloodPotion"},{"floor":4,"key":"Explosive Potion"},{"floor":13,"key":"Energy Potion"},{"floor":14,"key":"Explosive Potion"},{"floor":24,"key":"BloodPotion"}],"is_trial":false,"path_per_floor":["M","$","?","M","M","R","?","R","T","M","E","R","E","M","R","B",null,"M","?","?","T","?","R","M"],"character_chosen":"IRONCLAD","items_purchased":[],"campfire_rested":0,"item_purchase_floors":[],"current_hp_per_floor":[80,80,73,71,73,73,57,57,57,65,48,48,45,51,51,29,67,47,47,47,47,47,47,42,0],"gold":385,"neow_bonus":"RANDOM_COMMON_RELIC","is_prod":false,"is_daily":false,"chose_seed":false,"campfire_upgraded":5,"win_rate":0,"timestamp":1531887731,"path_taken":["M","$","?","M","M","R","?","R","T","?","E","R","E","M","R","BOSS","M","?","?","?","?","R","M","E"],"build_version":"2018-07-12","purchased_purges":1,"victory":false,"max_hp_per_floor":[80,80,80,80,80,80,80,80,80,80,80,80,80,80,80,80,80,80,80,80,80,80,80,80,80],"card_choices":[{"not_picked":["Infernal Blade","Flex"],"picked":"Spot Weakness","floor":1},{"not_picked":["Seeing Red","Body Slam"],"picked":"Sword Boomerang","floor":4},{"not_picked":["Fire Breathing","Clothesline"],"picked":"Thunderclap","floor":5},{"not_picked":["Sever Soul","Iron Wave"],"picked":"Spot Weakness","floor":10},{"not_picked":["Sentinel","Burning Pact","Heavy Blade"],"picked":"SKIP","floor":11},{"not_picked":["Anger","Ghostly Armor","Rampage"],"picked":"SKIP","floor":13},{"not_picked":["Sword Boomerang+1","True Grit"],"picked":"Double Tap","floor":14},{"not_picked":["Dark Embrace","Berserk"],"picked":"Limit Break","floor":16},{"not_picked":["Spot Weakness+1","Uppercut+1","True Grit"],"picked":"SKIP","floor":18},{"not_picked":["Clash+1","Flex"],"picked":"Sword Boomerang+1","floor":24}],"player_experience":297529,"relics_obtained":[{"floor":9,"key":"Self Forming Clay"},{"floor":11,"key":"Blood Vial"},{"floor":13,"key":"Molten Egg 2"},{"floor":21,"key":"Kunai"}],"event_choices":[{"event_name":"Golden Wing","player_choice":"Card Removal","floor":3,"damage_taken":0},{"event_name":"Shining Light","player_choice":"Entered Light","floor":7,"damage_taken":0},{"event_name":"Duplicator","player_choice":"One dupe","floor":19,"damage_taken":0},{"event_name":"The Mausoleum","player_choice":"No","floor":20,"damage_taken":0},{"event_name":"Nest","player_choice":"Stole From Cult","floor":22,"damage_taken":0}],"boss_relics":[{"not_picked":["Velvet Choker","Pandora\u0027s Box"],"picked":"Runic Cube"}],"items_purged_floors":[2],"is_endless":false,"potions_floor_spawned":[1,4,13,14,24],"killed_by":"Slavers","ascension_level":5}