{"gold_per_floor":[119,119,194,194,194,220,220,232,286,286,39,70,91,102,102,176,176,187,218,228,228,228],"floor_reached":22,"playtime":1077,"items_purged":[],"score":323,"play_id":"e61f6b4b-356b-4336-a55a-ab951e3f6623","local_time":"20190217165534","is_ascension_mode":true,"campfire_choices":[{"data":"Armaments","floor":7,"key":"SMITH"},{"floor":10,"key":"REST"},{"data":"Spot Weakness","floor":15,"key":"SMITH"}],"neow_cost":"NONE","seed_source_timestamp":231800722974953,"circlet_count":0,"master_deck":["AscendersBane","Strike_R","Strike_R","Defend_R","Defend_R","Defend_R","Defend_R","Bash","Forethought","Armaments+1","Wild Strike","Thunderclap","Clothesline","Impervious","Spot Weakness+1","Sword Boomerang","Demon Form+1","Flame Barrier","Thunderclap+1","Thunderclap","Wild Strike","Dual Wield"],"relics":["Burning Blood","Champion Belt","Frozen Egg 2","Dream Catcher","Meat on the Bone","Smiling Mask","Odd Mushroom","Eternal Feather","Red Mask"],"potions_floor_usage":[12,16,16,20],"damage_taken":[{"damage":9,"enemies":"Jaw Worm","floor":1,"turns":3},{"damage":43,"enemies":"Lagavulin","floor":6,"turns":9},{"damage":8,"enemies":"Small Slimes","floor":8,"turns":3},{"damage":15,"enemies":"3 Sentries","floor":12,"turns":9},{"damage":10,"enemies":"The Mushroom Lair","floor":13,"turns":4},{"damage":4,"enemies":"2 Louse","floor":14,"turns":2},{"damage":41,"enemies":"Hexaghost","floor":16,"turns":10},{"damage":8,"enemies":"3 Byrds","floor":18,"turns":7},{"damage":48,"enemies":"Masked Bandits","floor":19,"turns":5},{"damage":33,"enemies":"Spheric Guardian","floor":20,"turns":6},{"damage":36,"enemies":"Shelled Parasite and Fungi","floor":22,"turns":4}],"seed_played":"-2361346708533485898","potions_obtained":[{"floor":6,"key":"Swift Potion"},{"floor":8,"key":"PowerPotion"},{"floor":14,"key":"Regen Potion"},{"floor":19,"key":"Regen Potion"}],"is_trial":false,"path_per_floor":["M","?","?","?","?","E","R","M","T","R","$","E","?","M","R","B",null,"M","?","M","?","M"],"character_chosen":"IRONCLAD","items_purchased":["Meat on the Bone"],"campfire_rested":1,"item_purchase_floors":[11],"current_hp_per_floor":[65,53,42,42,67,30,30,28,28,50,50,53,49,51,51,43,67,65,35,35,35,0],"gold":228,"neow_bonus":"RANDOM_COLORLESS","is_prod":false,"is_daily":false,"chose_seed":false,"campfire_upgraded":2,"win_rate":0,"timestamp":1550444134,"path_taken":["M","?","?","?","?","E","R","?","T","R","$","E","?","M","R","BOSS","M","?","M","?","M"],"build_version":"2019-01-23","purchased_purges":0,"victory":false,"max_hp_per_floor":[75,75,75,75,75,75,75,75,75,75,75,75,75,75,75,75,75,75,75,75,75,75],"card_choices":[{"not_picked":["Intimidate","Body Slam"],"picked":"Armaments","floor":1},{"not_picked":["Havoc","Perfected Strike"],"picked":"Thunderclap","floor":6},{"not_picked":["Wild Strike","Sword Boomerang"],"picked":"Clothesline","floor":8},{"not_picked":["Shrug It Off","Wild Strike"],"picked":"Impervious","floor":10},{"not_picked":["Heavy Blade","True Grit"],"picked":"Spot Weakness","floor":12},{"not_picked":["Body Slam","Flex"],"picked":"Sword Boomerang","floor":14},{"not_picked":["Immolate","Reaper"],"picked":"Demon Form+1","floor":16},{"not_picked":["Cleave","Dual Wield"],"picked":"Flame Barrier","floor":18},{"not_picked":["Shockwave","Flame Barrier"],"picked":"Thunderclap+1","floor":19},{"not_picked":["Wild Strike","Heavy Blade"],"picked":"Thunderclap","floor":20}],"player_experience":582679,"relics_obtained":[{"floor":6,"key":"Frozen Egg 2"},{"floor":9,"key":"Dream Catcher"},{"floor":12,"key":"Smiling Mask"},{"floor":13,"key":"Odd Mushroom"},{"floor":19,"key":"Red Mask"}],"event_choices":[{"damage_healed":0,"gold_gain":0,"player_choice":"Success","damage_taken":12,"relics_obtained":["Champion Belt"],"max_hp_gain":0,"max_hp_loss":0,"event_name":"Scrap Ooze","floor":2,"gold_loss":0},{"damage_healed":0,"gold_gain":75,"player_choice":"Gather Gold","damage_taken":11,"max_hp_gain":0,"max_hp_loss":0,"event_name":"World of Goop","floor":3,"gold_loss":0},{"damage_healed":0,"gold_gain":0,"cards_transformed":["Strike_R"],"player_choice":"Change","damage_taken":0,"max_hp_gain":0,"max_hp_loss":0,"event_name":"Living Wall","floor":4,"gold_loss":0,"cards_obtained":["Wild Strike"]},{"damage_healed":25,"gold_gain":0,"player_choice":"Banana","damage_taken":0,"max_hp_gain":0,"max_hp_loss":0,"event_name":"Big Fish","floor":5,"gold_loss":0},{"damage_healed":0,"gold_gain":0,"player_choice":"Fought Mushrooms","damage_taken":0,"max_hp_gain":0,"max_hp_loss":0,"event_name":"Mushrooms","floor":13,"gold_loss":0},{"damage_healed":0,"gold_gain":0,"player_choice":"Fought Bandits","damage_taken":0,"max_hp_gain":0,"max_hp_loss":0,"event_name":"Masked Bandits","floor":19,"gold_loss":0},{"damage_healed":0,"gold_gain":0,"cards_transformed":["Strike_R","Strike_R"],"player_choice":"Became Test Subject","damage_taken":0,"max_hp_gain":0,"max_hp_loss":0,"event_name":"Drug Dealer","floor":21,"gold_loss":0,"cards_obtained":["Wild Strike","Dual Wield"]}],"is_beta":false,"boss_relics":[{"not_picked":["Pandora\u0027s Box","Sozu"],"picked":"Eternal Feather"}],"items_purged_floors":[],"is_endless":false,"potions_floor_spawned":[6,8,14,19],"killed_by":"Shelled Parasite and Fungi","ascension_level":14}