{"gold_per_floor":[116,134,134,150,166,166,183,217,217,217,242,254,254,254,254,359,359,374,391,43,43,61,61,96,96,150,150,150,181,181,199,199,304,304,322,1,25,25,45,45,56,56,56,76,89,137,149,161,173,185],"floor_reached":50,"playtime":4927,"items_purged":[],"score":798,"play_id":"8ace3933-ef25-4833-a0c1-1a79d3d26ad1","local_time":"20190204131644","is_ascension_mode":true,"campfire_choices":[{"floor":6,"key":"REST"},{"floor":10,"key":"REST"},{"data":"Cloak And Dagger","floor":13,"key":"SMITH"},{"data":"Footwork","floor":15,"key":"SMITH"},{"floor":23,"key":"REST"},{"data":"Noxious Fumes","floor":27,"key":"SMITH"},{"floor":32,"key":"REST"},{"data":"Wraith Form v2","floor":40,"key":"SMITH"},{"data":"Catalyst","floor":42,"key":"SMITH"},{"floor":47,"key":"REST"},{"floor":49,"key":"REST"}],"neow_cost":"PERCENT_DAMAGE","seed_source_timestamp":310421498868000,"circlet_count":0,"master_deck":["AscendersBane","Defend_G","Defend_G","Defend_G","Strike_G","Survivor","Neutralize+1","Dagger Throw","Cloak And Dagger+1","Footwork+1","Dagger Spray","Infinite Blades","Deflect","Adrenaline","Leg Sweep","Escape Plan","Noxious Fumes+1","Crippling Poison","Corpse Explosion","RitualDagger","Blur+1","Wraith Form v2+1","Catalyst+1","Backstab","Well Laid Plans+1"],"relics":["Ring of the Snake","Dead Branch","Meat on the Bone","Question Card","NlothsMask","Empty Cage","Tingsha","Bag of Preparation","Omamori","White Beast Statue","Singing Bowl","Dream Catcher","Mercury Hourglass","MawBank"],"potions_floor_usage":[7,11,16,29,44,50,50],"damage_taken":[{"damage":0,"enemies":"Cultist","floor":1,"turns":5},{"damage":1,"enemies":"2 Louse","floor":2,"turns":3},{"damage":0,"enemies":"Jaw Worm","floor":4,"turns":4},{"damage":0,"enemies":"Looter","floor":5,"turns":4},{"damage":4,"enemies":"Lots of Slimes","floor":7,"turns":2},{"damage":27,"enemies":"Lagavulin","floor":8,"turns":10},{"damage":14,"enemies":"3 Sentries","floor":11,"turns":7},{"damage":0,"enemies":"Exordium Thugs","floor":12,"turns":4},{"damage":8,"enemies":"Slime Boss","floor":16,"turns":7},{"damage":10,"enemies":"Spheric Guardian","floor":18,"turns":6},{"damage":7,"enemies":"Chosen","floor":19,"turns":6},{"damage":9,"enemies":"Centurion and Healer","floor":22,"turns":6},{"damage":18,"enemies":"Slavers","floor":24,"turns":3},{"damage":22,"enemies":"Book of Stabbing","floor":29,"turns":7},{"damage":0,"enemies":"3 Cultists","floor":31,"turns":3},{"damage":51,"enemies":"Automaton","floor":33,"turns":12},{"damage":4,"enemies":"3 Shapes","floor":35,"turns":2},{"damage":15,"enemies":"3 Darklings","floor":39,"turns":5},{"damage":0,"enemies":"4 Shapes","floor":41,"turns":5},{"damage":22,"enemies":"Maw","floor":44,"turns":7},{"damage":3,"enemies":"Jaw Worm Horde","floor":45,"turns":3},{"damage":93,"enemies":"Awakened One","floor":50,"turns":16}],"seed_played":"-3721590434985999011","potions_obtained":[{"floor":4,"key":"Explosive Potion"},{"floor":8,"key":"Block Potion"},{"floor":11,"key":"GamblersBrew"},{"floor":12,"key":"AttackPotion"},{"floor":16,"key":"Dexterity Potion"},{"floor":22,"key":"SteroidPotion"},{"floor":33,"key":"Dexterity Potion"},{"floor":44,"key":"LiquidBronze"},{"floor":45,"key":"Dexterity Potion"}],"is_trial":false,"path_per_floor":["M","M","?","M","M","R","M","E","T","R","E","M","R","?","R","B",null,"M","M","$","?","M","R","E","?","T","R","?","E","?","M","R","B",null,"M","$","T","$","M","R","M","R","T","M","M","T","R","?","R","B"],"character_chosen":"THE_SILENT","items_purchased":["Tingsha","Noxious Fumes","Singing Bowl","Catalyst"],"campfire_rested":6,"item_purchase_floors":[20,20,36,36],"current_hp_per_floor":[45,44,44,44,44,65,61,34,34,55,41,41,41,41,41,45,64,54,47,47,40,43,64,46,40,40,40,40,30,30,42,63,24,59,55,55,55,55,42,42,44,44,44,34,45,45,69,69,78,0],"gold":185,"neow_bonus":"REMOVE_TWO","is_prod":false,"is_daily":false,"chose_seed":false,"campfire_upgraded":5,"win_rate":0,"timestamp":1549311404,"path_taken":["M","?","?","M","M","R","M","E","T","R","E","M","R","?","R","BOSS","M","M","$","?","?","R","E","?","T","R","?","E","?","M","R","BOSS","M","$","?","?","?","R","M","R","T","?","M","?","R","?","R","BOSS"],"build_version":"2019-01-23","purchased_purges":0,"victory":false,"max_hp_per_floor":[70,70,70,70,70,70,70,70,70,70,70,70,70,70,70,70,70,70,70,70,70,70,70,70,70,70,70,70,70,70,70,70,70,70,70,70,70,70,72,72,74,74,74,74,76,76,78,78,78,78],"card_choices":[{"not_picked":["Caltrops","Sucker Punch"],"picked":"Dagger Throw","floor":1},{"not_picked":["Deflect","Bane"],"picked":"Cloak And Dagger","floor":2},{"not_picked":["Cloak And Dagger","Endless Agony","Backflip"],"picked":"SKIP","floor":4},{"not_picked":["PiercingWail","Finisher"],"picked":"Footwork","floor":5},{"not_picked":["Heel Hook","Expertise","Sucker Punch"],"picked":"SKIP","floor":7},{"not_picked":["Footwork","Prepared"],"picked":"Dagger Spray","floor":8},{"not_picked":["All Out Attack","Dagger Spray"],"picked":"Infinite Blades","floor":11},{"not_picked":["Blur","Acrobatics","Flying Knee"],"picked":"Deflect","floor":12},{"not_picked":["Glass Knife","Doppelganger","Phantasmal Killer"],"picked":"Adrenaline","floor":16},{"not_picked":["Dagger Throw+1","Cloak And Dagger","Heel Hook"],"picked":"Leg Sweep","floor":18},{"not_picked":["Outmaneuver","Sucker Punch+1","Underhanded Strike"],"picked":"Escape Plan","floor":19},{"not_picked":["Dagger Spray","All Out Attack+1","Terror+1"],"picked":"Crippling Poison","floor":22},{"not_picked":["PiercingWail","Eviscerate","Deadly Poison"],"picked":"Corpse Explosion","floor":24},{"not_picked":["Deflect","Poisoned Stab","Blade Dance"],"picked":"Blur+1","floor":29},{"not_picked":["Flying Knee+1","Underhanded Strike+1","Bane","Flechettes"],"picked":"SKIP","floor":31},{"not_picked":["Adrenaline","Grand Finale","Corpse Explosion"],"picked":"Wraith Form v2","floor":33},{"not_picked":["Cloak And Dagger+1","Skewer+1","Quick Slash","Accuracy"],"picked":"SKIP","floor":35},{"not_picked":["Quick Slash+1","Endless Agony+1","Blade Dance+1","Expertise+1"],"picked":"Singing Bowl","floor":39},{"not_picked":["Eviscerate+1","Acrobatics","PiercingWail","Outmaneuver+1"],"picked":"Singing Bowl","floor":41},{"not_picked":["Flying Knee","Deadly Poison","Quick Slash+1"],"picked":"Backstab","floor":44},{"not_picked":["Slice","Outmaneuver+1","Underhanded Strike+1","Distraction"],"picked":"Singing Bowl","floor":45},{"not_picked":["PiercingWail","Endless Agony","Leg Sweep","Heel Hook+1"],"picked":"Singing Bowl","floor":47},{"not_picked":["Cloak And Dagger","Slice+1","Poisoned Stab+1"],"picked":"Well Laid Plans+1","floor":49}],"player_experience":885022,"relics_obtained":[{"floor":8,"key":"Dead Branch"},{"floor":9,"key":"Meat on the Bone"},{"floor":11,"key":"Question Card"},{"floor":24,"key":"Bag of Preparation"},{"floor":29,"key":"Omamori"},{"floor":37,"key":"Dream Catcher"},{"floor":43,"key":"Mercury Hourglass"},{"floor":46,"key":"MawBank"}],"event_choices":[{"damage_healed":0,"gold_gain":0,"player_choice":"Grow","damage_taken":0,"max_hp_gain":0,"max_hp_loss":0,"event_name":"Living Wall","floor":3,"gold_loss":0,"cards_upgraded":["Neutralize"]},{"damage_healed":0,"gold_gain":0,"player_choice":"Trade","damage_taken":0,"relics_obtained":["NlothsMask"],"max_hp_gain":0,"max_hp_loss":0,"event_name":"FaceTrader","floor":14,"gold_loss":0},{"damage_healed":0,"gold_gain":0,"player_choice":"","damage_taken":7,"max_hp_gain":0,"max_hp_loss":0,"event_name":"Knowing Skull","floor":21,"potions_obtained":[],"gold_loss":0,"cards_obtained":[]},{"damage_healed":0,"gold_gain":0,"player_choice":"Joined the Cult","damage_taken":6,"max_hp_gain":0,"max_hp_loss":0,"event_name":"Nest","floor":25,"gold_loss":0,"cards_obtained":["RitualDagger"]},{"damage_healed":0,"gold_gain":0,"player_choice":"Ignored","damage_taken":0,"max_hp_gain":0,"max_hp_loss":0,"event_name":"Cursed Tome","floor":28,"gold_loss":0},{"cards_removed":["Strike_G"],"damage_healed":0,"gold_gain":0,"player_choice":"Offered Basic","damage_taken":0,"max_hp_gain":0,"max_hp_loss":0,"event_name":"Bonfire Elementals","floor":30,"gold_loss":0},{"cards_removed":["Strike_G"],"damage_healed":0,"gold_gain":0,"player_choice":"Purged","damage_taken":0,"max_hp_gain":0,"max_hp_loss":0,"event_name":"Purifier","floor":48,"gold_loss":0}],"is_beta":false,"boss_relics":[{"not_picked":["Coffee Dripper","Eternal Feather"],"picked":"Empty Cage"},{"not_picked":["Black Star","Orrery"],"picked":"White Beast Statue"}],"items_purged_floors":[],"is_endless":false,"potions_floor_spawned":[4,8,11,12,16,22,24,33,35,39,41,44,45],"killed_by":"Awakened One","ascension_level":11}