{"gold_per_floor":[119,219,229,229,229,229,245,96,149,169,169,244,262,290,290,392,392,380,75,75,87,107,107,118,43,43,61,61,61,61,111,111,111],"floor_reached":33,"playtime":653,"items_purged":["Strike_R","Strike_R"],"score":235,"play_id":"e796b0d7-9d1b-47cb-bd83-4d45cd972eb5","local_time":"20190208233901","is_ascension_mode":false,"campfire_choices":[{"data":"Bash","floor":6.0,"key":"SMITH"},{"data":"Dropkick","floor":11.0,"key":"SMITH"},{"data":"Defend_R","floor":15,"key":"SMITH"},{"data":"Strike_R","floor":23,"key":"SMITH"},{"floor":28,"key":"REST"},{"floor":32,"key":"RECALL"}],"neow_cost":"NONE","seed_source_timestamp":16584595165082,"circlet_count":0,"master_deck":["Strike_R+1","Defend_R+1","Bash+1","Dropkick+1"],"special_seed":0,"relics":["Burning Blood","Lantern","Odd Mushroom","Lizard Tail","Lee\u0027s Waffle","Pantograph"],"potions_floor_usage":[13,16,16],"damage_taken":[{"damage":6.0,"enemies":"Jaw Worm","floor":1.0,"turns":3.0},{"damage":6.0,"enemies":"Cultist","floor":3.0,"turns":3.0},{"damage":3.0,"enemies":"Small Slimes","floor":7.0,"turns":3.0},{"damage":8.0,"enemies":"3 Louse","floor":10.0,"turns":4.0},{"damage":0,"enemies":"Large Slime","floor":13,"turns":1},{"damage":17,"enemies":"The Mushroom Lair","floor":14,"turns":4},{"damage":51,"enemies":"The Guardian","floor":16,"turns":10},{"damage":17,"enemies":"2 Thieves","floor":18,"turns":4},{"damage":2,"enemies":"Chosen","floor":21,"turns":3},{"damage":29,"enemies":"Shelled Parasite and Fungi","floor":22,"turns":6},{"damage":16,"enemies":"Chosen and Byrds","floor":24,"turns":5},{"damage":13,"enemies":"Snake Plant","floor":27,"turns":3},{"damage":0,"enemies":"Champ","floor":33,"turns":1}],"seed_played":"-3918612142656444397","potions_obtained":[{"floor":1.0,"key":"SteroidPotion"},{"floor":7.0,"key":"GamblersBrew"},{"floor":10.0,"key":"Energy Potion"},{"floor":21,"key":"SpeedPotion"},{"floor":22,"key":"Explosive Potion"}],"is_trial":false,"path_per_floor":["M","?","M","?","?","R","M","$","T","M","R","?","M","?","R","B",null,"M","$","?","M","M","R","M","?","T","M","R","?","$","?","R","B"],"character_chosen":"IRONCLAD","items_purchased":["Dropkick","Lee\u0027s Waffle"],"campfire_rested":1,"item_purchase_floors":[8,19],"current_hp_per_floor":[80,80,80,73,73,73,76,76,76,74,74,63,69,58,58,13,80,69,87,87,87,64,64,54,54,54,47,73,73,73,73,73,87],"gold":111,"neow_bonus":"REMOVE_CARD","is_prod":false,"is_daily":false,"chose_seed":false,"campfire_upgraded":4,"win_rate":0,"timestamp":1549679941,"path_taken":["M","?","?","?","?","R","M","$","T","M","R","?","M","?","R","BOSS","M","$","?","?","M","R","M","?","T","M","R","?","$","?","R","BOSS"],"build_version":"2018-11-15","purchased_purges":2,"victory":false,"max_hp_per_floor":[80,80,80,80,80,80,80,80,80,80,80,80,80,80,80,80,80,80,87,87,87,87,87,87,87,87,87,87,87,87,87,87,87],"card_choices":[{"not_picked":["Burning Pact","Second Wind","Battle Trance"],"picked":"SKIP","floor":1.0},{"not_picked":["Clash","Metallicize","Shrug It Off"],"picked":"SKIP","floor":3.0},{"not_picked":["Heavy Blade","Power Through","Shrug It Off"],"picked":"SKIP","floor":7.0},{"not_picked":["Heavy Blade","Rampage","Pommel Strike"],"picked":"SKIP","floor":10.0},{"not_picked":["Sever Soul","Iron Wave","Disarm"],"picked":"SKIP","floor":13},{"not_picked":["Headbutt+1","Blood for Blood+1","Ghostly Armor+1"],"picked":"SKIP","floor":18},{"not_picked":["Armaments+1","Intimidate","Battle Trance"],"picked":"SKIP","floor":21},{"not_picked":["Body Slam","Disarm","Pommel Strike+1"],"picked":"SKIP","floor":22},{"not_picked":["Sword Boomerang","Metallicize+1","Bloodletting"],"picked":"SKIP","floor":24},{"not_picked":["Sentinel","Clash","Brutality"],"picked":"SKIP","floor":27}],"player_experience":118217,"relics_obtained":[{"floor":9.0,"key":"Lantern"},{"floor":14,"key":"Odd Mushroom"},{"floor":26,"key":"Pantograph"}],"event_choices":[{"damage_healed":0.0,"max_hp_gain":0.0,"max_hp_loss":0.0,"gold_gain":100.0,"event_name":"Golden Shrine","player_choice":"Pray","floor":2.0,"gold_loss":0.0,"damage_taken":0.0},{"cards_removed":["Strike_R"],"damage_healed":0.0,"max_hp_gain":0.0,"max_hp_loss":0.0,"gold_gain":0.0,"event_name":"Golden Wing","player_choice":"Card Removal","floor":4.0,"gold_loss":0.0,"damage_taken":7.0},{"cards_removed":["Defend_R"],"damage_healed":0.0,"max_hp_gain":0.0,"max_hp_loss":0.0,"gold_gain":0.0,"event_name":"Living Wall","player_choice":"Forget","floor":5.0,"gold_loss":0.0,"damage_taken":0.0},{"damage_healed":0.0,"max_hp_gain":0.0,"max_hp_loss":0.0,"gold_gain":75.0,"event_name":"World of Goop","player_choice":"Gather Gold","floor":12.0,"gold_loss":0.0,"damage_taken":11.0},{"damage_healed":0,"gold_gain":0,"player_choice":"Fought Mushrooms","damage_taken":0,"max_hp_gain":0,"max_hp_loss":0,"event_name":"Mushrooms","floor":14,"gold_loss":0},{"cards_removed":["Strike_R"],"damage_healed":0,"gold_gain":0,"player_choice":"Purged","damage_taken":0,"max_hp_gain":0,"max_hp_loss":0,"event_name":"Purifier","floor":20,"gold_loss":0},{"cards_removed":["Defend_R"],"damage_healed":0,"gold_gain":0,"player_choice":"Gave Gold","damage_taken":0,"max_hp_gain":0,"max_hp_loss":0,"event_name":"Beggar","floor":25,"gold_loss":75},{"damage_healed":0,"gold_gain":100,"player_choice":"Bet on Murderer","damage_taken":0,"max_hp_gain":0,"max_hp_loss":0,"event_name":"The Joust","floor":31,"gold_loss":50}],"is_beta":false,"boss_relics":[{"not_picked":["Eternal Feather","Ectoplasm"],"picked":"Lizard Tail"}],"items_purged_floors":[8,19],"is_endless":false,"potions_floor_spawned":[1,7,10,21,22],"killed_by":"Champ","ascension_level":0}