{"gold_per_floor":[117,130,147,158,5,35,35,35,35,45,57,71,71,81,81,184,184,197,296,296,306,47,82,100,100,149,149,109,122,142,155,155,250,250,262,262,272,236,236,236,236,249,326,341,360,360,130,141,141,141],"floor_reached":50,"playtime":3565,"items_purged":[],"score":520,"play_id":"25dae032-f387-4e50-9772-815c09a7166c","local_time":"20190217024306","is_ascension_mode":false,"campfire_choices":[{"floor":7,"key":"REST"},{"data":"Armaments","floor":13,"key":"SMITH"},{"data":"Body Slam","floor":15,"key":"SMITH"},{"data":"Offering","floor":25,"key":"SMITH"},{"floor":27,"key":"REST"},{"floor":32,"key":"REST"},{"floor":40,"key":"RECALL"},{"floor":49,"key":"REST"}],"neow_cost":"PERCENT_DAMAGE","seed_source_timestamp":52446603210806,"circlet_count":0,"master_deck":["Strike_R","Strike_R","Strike_R+1","Defend_R","Defend_R","Defend_R+1","Defend_R","Bash","Heavy Blade","Warcry","Headbutt","Exhume","Infernal Blade","Dropkick","Clothesline","Armaments+1","Thunderclap","Offering+1","Shrug It Off","Inflame","Seeing Red","Headbutt+1","Armaments+1","Thunderclap+1","Dual Wield+1","Seeing Red+1","Battle Trance+1","Spot Weakness+1","Impervious+1","Disarm+1","Warcry+1","Disarm+1","Heavy Blade","Headbutt+1","Inflame","Shrug It Off+1"],"relics":["Burning Blood","Mango","Bag of Preparation","Meat on the Bone","Mercury Hourglass","Orrery","Nilry\u0027s Codex","Toxic Egg 2","Champion Belt","Whetstone","Fusion Hammer","Strawberry"],"potions_floor_usage":[16,16,31,33,33,50],"damage_taken":[{"damage":5,"enemies":"Small Slimes","floor":1,"turns":4},{"damage":1,"enemies":"Jaw Worm","floor":2,"turns":5},{"damage":0,"enemies":"2 Louse","floor":3,"turns":2},{"damage":16,"enemies":"Lots of Slimes","floor":4,"turns":5},{"damage":64,"enemies":"3 Sentries","floor":6,"turns":14},{"damage":2,"enemies":"3 Louse","floor":10,"turns":2},{"damage":22,"enemies":"Exordium Thugs","floor":11,"turns":4},{"damage":2,"enemies":"2 Fungi Beasts","floor":12,"turns":3},{"damage":0,"enemies":"Lots of Slimes","floor":14,"turns":2},{"damage":41,"enemies":"The Guardian","floor":16,"turns":8},{"damage":15,"enemies":"3 Byrds","floor":18,"turns":4},{"damage":6,"enemies":"Chosen","floor":21,"turns":4},{"damage":22,"enemies":"Slavers","floor":23,"turns":4},{"damage":28,"enemies":"Snecko","floor":24,"turns":6},{"damage":18,"enemies":"Snake Plant","floor":29,"turns":4},{"damage":19,"enemies":"3 Cultists","floor":30,"turns":5},{"damage":16,"enemies":"Sentry and Sphere","floor":31,"turns":4},{"damage":94,"enemies":"Collector","floor":33,"turns":10},{"damage":6,"enemies":"Orb Walker","floor":35,"turns":2},{"damage":4,"enemies":"3 Darklings","floor":37,"turns":4},{"damage":29,"enemies":"Jaw Worm Horde","floor":42,"turns":5},{"damage":33,"enemies":"4 Shapes","floor":44,"turns":3},{"damage":18,"enemies":"Writhing Mass","floor":45,"turns":4},{"damage":16,"enemies":"Jaw Worm Horde","floor":48,"turns":4},{"damage":96,"enemies":"Donu and Deca","floor":50,"turns":7}],"seed_played":"8361154545840423049","potions_obtained":[{"floor":3,"key":"SteroidPotion"},{"floor":12,"key":"Strength Potion"},{"floor":16,"key":"Ancient Potion"},{"floor":21,"key":"BloodPotion"},{"floor":23,"key":"Weak Potion"},{"floor":31,"key":"Ancient Potion"},{"floor":37,"key":"LiquidBronze"},{"floor":42,"key":"Strength Potion"}],"is_trial":false,"path_per_floor":["M","M","M","M","$","E","R","?","T","M","M","M","R","M","R","B",null,"M","?","?","M","$","E","M","R","T","R","?","M","M","M","R","B",null,"M","?","M","$","?","R","$","M","T","M","M","?","$","M","R","B"],"character_chosen":"IRONCLAD","items_purchased":["Bag of Preparation","Toxic Egg 2","Disarm+1","Strawberry","Inflame"],"campfire_rested":4,"item_purchase_floors":[5,22,38,47,47],"current_hp_per_floor":[71,76,82,72,72,14,42,42,42,58,54,58,58,64,64,41,94,85,85,69,69,69,65,55,55,55,83,83,71,58,60,88,21,94,94,94,94,94,94,94,94,71,71,56,56,56,63,65,95,0],"gold":141,"neow_bonus":"ONE_RARE_RELIC","is_prod":false,"is_daily":false,"chose_seed":false,"campfire_upgraded":3,"win_rate":0,"timestamp":1550389386,"path_taken":["M","M","M","M","$","E","R","?","T","M","M","M","R","M","R","BOSS","M","?","?","M","$","E","M","R","T","R","?","M","?","M","R","BOSS","M","?","M","?","?","R","$","M","T","?","M","?","$","M","R","BOSS"],"build_version":"2019-01-23","purchased_purges":0,"victory":false,"max_hp_per_floor":[94,94,94,94,94,94,94,94,94,94,94,94,94,94,94,94,94,94,94,94,94,94,94,94,94,94,94,94,94,94,94,94,94,94,94,94,94,94,94,94,94,94,94,94,94,94,101,101,101,101],"card_choices":[{"not_picked":["Evolve","Searing Blow"],"picked":"Heavy Blade","floor":1},{"not_picked":["Twin Strike","Clothesline"],"picked":"Warcry","floor":2},{"not_picked":["Clothesline","Warcry"],"picked":"Body Slam","floor":3},{"not_picked":["Pommel Strike","Rupture"],"picked":"Headbutt","floor":4},{"not_picked":["Pommel Strike","Power Through"],"picked":"Exhume","floor":6},{"not_picked":["Body Slam","Flex"],"picked":"Dropkick","floor":10},{"not_picked":["Heavy Blade","Havoc"],"picked":"Clothesline","floor":11},{"not_picked":["Shrug It Off","Twin Strike"],"picked":"Armaments","floor":12},{"not_picked":["Sword Boomerang","Flex"],"picked":"Thunderclap","floor":14},{"not_picked":["Fiend Fire","Immolate"],"picked":"Offering","floor":16},{"not_picked":["Second Wind","Warcry"],"picked":"Shrug It Off","floor":17},{"not_picked":["Carnage","Iron Wave"],"picked":"Inflame","floor":17},{"not_picked":["Corruption","Pommel Strike"],"picked":"Seeing Red","floor":17},{"not_picked":["Sentinel","Heavy Blade"],"picked":"Headbutt","floor":18},{"not_picked":["Twin Strike","True Grit"],"picked":"Armaments+1","floor":21},{"not_picked":["Double Tap+1","Reckless Charge+1"],"picked":"Thunderclap","floor":23},{"not_picked":["Warcry+1","Body Slam"],"picked":"Dual Wield+1","floor":24},{"not_picked":["Flex+1","Uppercut"],"picked":"Seeing Red+1","floor":29},{"not_picked":["Power Through+1","Flex+1"],"picked":"Battle Trance+1","floor":30},{"not_picked":["Rampage+1","Blood for Blood"],"picked":"Spot Weakness+1","floor":31},{"not_picked":["Berserk","Barricade"],"picked":"Impervious+1","floor":33},{"not_picked":["Seeing Red+1","Pommel Strike"],"picked":"Disarm+1","floor":35},{"not_picked":["Cleave+1","Dropkick"],"picked":"Warcry+1","floor":37},{"not_picked":["Evolve","Wild Strike+1","Thunderclap"],"picked":"SKIP","floor":42},{"not_picked":["Anger","Clothesline"],"picked":"Heavy Blade","floor":44},{"not_picked":["Flex+1","Reckless Charge+1"],"picked":"Headbutt+1","floor":45},{"not_picked":["Berserk","Headbutt"],"picked":"Shrug It Off+1","floor":48}],"player_experience":93190,"relics_obtained":[{"floor":6,"key":"Meat on the Bone"},{"floor":9,"key":"Mercury Hourglass"},{"floor":20,"key":"Nilry\u0027s Codex"},{"floor":23,"key":"Champion Belt"},{"floor":26,"key":"Whetstone"}],"event_choices":[{"damage_healed":0,"gold_gain":0,"cards_transformed":["Strike_R"],"player_choice":"Change","damage_taken":0,"max_hp_gain":0,"max_hp_loss":0,"event_name":"Living Wall","floor":8,"gold_loss":0,"cards_obtained":["Infernal Blade"]},{"damage_healed":0,"gold_gain":99,"player_choice":"Stole From Cult","damage_taken":0,"max_hp_gain":0,"max_hp_loss":0,"event_name":"Nest","floor":19,"gold_loss":0},{"damage_healed":0,"gold_gain":0,"player_choice":"Obtained Book","damage_taken":16,"max_hp_gain":0,"max_hp_loss":0,"event_name":"Cursed Tome","floor":20,"gold_loss":0},{"damage_healed":0,"gold_gain":0,"player_choice":"Upgraded Two","damage_taken":0,"max_hp_gain":0,"max_hp_loss":0,"event_name":"Designer","floor":28,"gold_loss":40,"cards_upgraded":["Defend_R","Thunderclap"]},{"damage_healed":0,"gold_gain":0,"player_choice":"Ignored","damage_taken":0,"max_hp_gain":0,"max_hp_loss":0,"event_name":"NoteForYourself","floor":36,"gold_loss":0},{"cards_removed":["Strike_R"],"damage_healed":0,"gold_gain":0,"player_choice":"Offered Basic","damage_taken":0,"max_hp_gain":0,"max_hp_loss":0,"event_name":"Bonfire Elementals","floor":39,"gold_loss":0},{"cards_removed":["Body Slam"],"damage_healed":0,"gold_gain":0,"player_choice":"Removed Attack","damage_taken":0,"max_hp_gain":0,"max_hp_loss":0,"event_name":"Falling","floor":46,"gold_loss":0}],"is_beta":false,"boss_relics":[{"not_picked":["Runic Pyramid","Eternal Feather"],"picked":"Orrery"},{"not_picked":["Lizard Tail","Tiny House"],"picked":"Fusion Hammer"}],"items_purged_floors":[],"is_endless":false,"potions_floor_spawned":[3,12,16,21,23,30,31,37,42],"killed_by":"Donu and Deca","ascension_level":0}