{"gold_per_floor":[218,25,25,50,50,50,83,107,107,141,141,154,154,195,195,195],"floor_reached":16,"playtime":394,"items_purged":[],"score":142,"play_id":"1f08d92e-34de-4a39-bec9-a7df0ccb2099","local_time":"20190117034542","is_ascension_mode":true,"campfire_choices":[{"data":"Armaments","floor":6.0,"key":"SMITH"},{"data":"Disarm","floor":11.0,"key":"SMITH"},{"data":"Flame Barrier","floor":13.0,"key":"SMITH"},{"data":"Thunderclap","floor":15.0,"key":"SMITH"}],"neow_cost":"NONE","seed_source_timestamp":0,"circlet_count":0,"master_deck":["Strike_R","Strike_R","Strike_R","Strike_R","Strike_R","Defend_R","Defend_R","Defend_R","Bash","Twin Strike","Swift Strike","Flame Barrier+1","Armaments+1","Thunderclap+1","Disarm+1","Pommel Strike","Battle Trance"],"special_seed":0,"relics":["Burning Blood","Golden Idol","Sundial","Bottled Flame","Ancient Tea Set","Thread and Needle"],"potions_floor_usage":[],"damage_taken":[{"damage":3.0,"enemies":"Small Slimes","floor":1.0,"turns":4.0},{"damage":2.0,"enemies":"Jaw Worm","floor":4.0,"turns":3.0},{"damage":16.0,"enemies":"Lagavulin","floor":7.0,"turns":7.0},{"damage":0.0,"enemies":"2 Louse","floor":8.0,"turns":3.0},{"damage":35.0,"enemies":"Gremlin Nob","floor":10.0,"turns":5.0},{"damage":1.0,"enemies":"Blue Slaver","floor":12.0,"turns":3.0},{"damage":27.0,"enemies":"3 Sentries","floor":14.0,"turns":5.0},{"damage":0,"enemies":"Hexaghost","floor":16,"turns":1}],"seed_played":"2625464940214746217","potions_obtained":[{"floor":8.0,"key":"Block Potion"},{"floor":14.0,"key":"Explosive Potion"}],"is_trial":false,"path_per_floor":["M","$","?","M","?","R","E","M","T","E","R","M","R","E","R","B"],"character_chosen":"IRONCLAD","items_purchased":["Swift Strike","Flame Barrier","Armaments"],"campfire_rested":0,"item_purchase_floors":[2,2,2],"current_hp_per_floor":[80,80,60,64,57,57,47,53,53,24,24,29,29,8,8,8],"gold":195,"neow_bonus":"HUNDRED_GOLD","is_prod":false,"is_daily":false,"chose_seed":false,"campfire_upgraded":4,"win_rate":0,"timestamp":1547707542,"path_taken":["M","$","?","M","?","R","E","M","T","E","R","M","R","E","R","BOSS"],"build_version":"2018-11-15","purchased_purges":0,"victory":false,"max_hp_per_floor":[80,80,80,80,80,80,80,80,80,80,80,80,80,80,80,80],"card_choices":[{"not_picked":["Iron Wave","Power Through"],"picked":"Twin Strike","floor":1.0},{"not_picked":["Hemokinesis","Sever Soul"],"picked":"Thunderclap","floor":4.0},{"not_picked":["Blood for Blood","Clash","Sentinel"],"picked":"SKIP","floor":7.0},{"not_picked":["Armaments","Hemokinesis","Rupture"],"picked":"SKIP","floor":8.0},{"not_picked":["Heavy Blade","Infernal Blade"],"picked":"Disarm","floor":10.0},{"not_picked":["Wild Strike","Rupture"],"picked":"Pommel Strike","floor":12.0},{"not_picked":["Cleave","Impervious"],"picked":"Battle Trance","floor":14.0}],"player_experience":23025,"relics_obtained":[{"floor":7.0,"key":"Sundial"},{"floor":9.0,"key":"Bottled Flame"},{"floor":10.0,"key":"Ancient Tea Set"},{"floor":14.0,"key":"Thread and Needle"}],"event_choices":[{"damage_healed":0.0,"max_hp_gain":0.0,"max_hp_loss":0.0,"gold_gain":0.0,"event_name":"Golden Idol","player_choice":"Take Damage","floor":3.0,"gold_loss":0.0,"damage_taken":20.0,"relics_obtained":["Golden Idol"]},{"cards_removed":["Defend_R"],"damage_healed":0.0,"max_hp_gain":0.0,"max_hp_loss":0.0,"gold_gain":0.0,"event_name":"Golden Wing","player_choice":"Card Removal","floor":5.0,"gold_loss":0.0,"damage_taken":7.0}],"is_beta":false,"boss_relics":[],"items_purged_floors":[],"is_endless":false,"potions_floor_spawned":[8,14],"killed_by":"Hexaghost","ascension_level":4}