{"path_per_floor":["M","M","M","M","M","E","?","?","T","R","M","R","$","E","R","B",null,"M","M","M"],"character_chosen":"IRONCLAD","items_purchased":["Frozen Egg 2"],"gold_per_floor":[119,132,143,158,173,205,280,280,362,362,374,374,47,81,81,177,177,167,187,197,197],"floor_reached":21,"campfire_rested":2,"playtime":2147,"item_purchase_floors":[13],"current_hp_per_floor":[80,79,74,69,58,34,23,7,7,31,32,32,32,17,41,19,80,76,77,40,0],"items_purged":["Strike_R"],"gold":197,"score":193,"play_id":"aba52de9-8ee6-486e-86fd-468c93c3bcc6","local_time":"20180528200355","is_prod":false,"is_daily":false,"chose_seed":false,"is_ascension_mode":false,"campfire_upgraded":1,"win_rate":0,"timestamp":1527555835,"campfire_choices":[{"floor":10,"key":"REST"},{"data":"Fiend Fire","floor":12,"key":"SMITH"},{"floor":15,"key":"REST"}],"path_taken":["M","M","?","M","M","E","?","?","T","R","M","R","$","E","R","BOSS","M","M","M","M"],"build_version":"2018-05-24","seed_source_timestamp":508542552003950,"purchased_purges":1,"victory":false,"master_deck":["Strike_R","Strike_R","Strike_R+1","Strike_R+1","Defend_R","Defend_R","Defend_R","Defend_R","Bash","Pommel Strike","Burning Pact","Fiend Fire+1","Pommel Strike","Rampage+1","Clash+1","Barricade+1","Body Slam+1","Iron Wave+1","Shrug It Off","Headbutt+1","Battle Trance","Headbutt+1"],"max_hp_per_floor":[80,80,80,80,80,80,80,80,80,80,80,80,80,80,80,80,80,80,80,80,80],"relics":["Burning Blood","Darkstone Periapt","Molten Egg 2","Frozen Egg 2","Prayer Wheel","Black Star"],"card_choices":[{"not_picked":["Entrench","Clothesline"],"picked":"Pommel Strike","floor":1},{"not_picked":["Flex","Warcry"],"picked":"Burning Pact","floor":2},{"not_picked":["Clothesline","Wild Strike","Rage"],"picked":"SKIP","floor":3},{"not_picked":["Wild Strike","Clothesline"],"picked":"Fiend Fire","floor":4},{"not_picked":["Body Slam","Reckless Charge"],"picked":"Pommel Strike","floor":5},{"not_picked":["Anger","Sword Boomerang","Disarm"],"picked":"SKIP","floor":6},{"not_picked":["Second Wind","Twin Strike+1"],"picked":"Rampage+1","floor":11},{"not_picked":["Clothesline+1","Anger+1"],"picked":"Clash+1","floor":14},{"not_picked":["Bludgeon+1","Brutality+1"],"picked":"Barricade+1","floor":16},{"not_picked":["Thunderclap+1","True Grit"],"picked":"Body Slam+1","floor":18},{"not_picked":["Perfected Strike+1","Power Through"],"picked":"Iron Wave+1","floor":18},{"not_picked":["Power Through","Dropkick+1"],"picked":"Shrug It Off","floor":19},{"not_picked":["Anger+1","Whirlwind+1"],"picked":"Headbutt+1","floor":19},{"not_picked":["Sword Boomerang+1","Second Wind"],"picked":"Battle Trance","floor":20},{"not_picked":["Iron Wave+1","Burning Pact"],"picked":"Headbutt+1","floor":20}],"player_experience":45178,"potions_floor_usage":[16,18,21],"damage_taken":[{"damage":6,"enemies":"Cultist","floor":1,"turns":3},{"damage":7,"enemies":"2 Louse","floor":2,"turns":3},{"damage":11,"enemies":"Jaw Worm","floor":3,"turns":4},{"damage":11,"enemies":"2 Fungi Beasts","floor":4,"turns":4},{"damage":17,"enemies":"3 Louse","floor":5,"turns":4},{"damage":30,"enemies":"Gremlin Nob","floor":6,"turns":4},{"damage":5,"enemies":"Large Slime","floor":11,"turns":4},{"damage":21,"enemies":"Lagavulin","floor":14,"turns":5},{"damage":28,"enemies":"Slime Boss","floor":16,"turns":10},{"damage":10,"enemies":"2 Thieves","floor":18,"turns":4},{"damage":5,"enemies":"Chosen","floor":19,"turns":4},{"damage":43,"enemies":"Snake Plant","floor":20,"turns":6},{"damage":42,"enemies":"Centurion and Healer","floor":21,"turns":4}],"relics_obtained":[{"floor":6,"key":"Darkstone Periapt"},{"floor":9,"key":"Molten Egg 2"},{"floor":14,"key":"Prayer Wheel"}],"event_choices":[{"event_name":"World of Goop","player_choice":"Gather Gold","floor":7,"damage_taken":0},{"event_name":"Shining Light","player_choice":"Entered Light","floor":8,"damage_taken":0}],"boss_relics":[{"not_picked":["Sozu","Ectoplasm"],"picked":"Black Star"}],"items_purged_floors":[13],"potions_floor_spawned":[1,6,11,14,16,20],"seed_played":"5642867610610014667","killed_by":"Centurion and Healer","ascension_level":0,"potions_obtained":[{"floor":1,"key":"Dexterity Potion"},{"floor":6,"key":"Energy Potion"},{"floor":11,"key":"Weak Potion"},{"floor":16,"key":"SkillPotion"},{"floor":20,"key":"FearPotion"}],"is_trial":false}