{"gold_per_floor":[218,233,233,247,172,206,206,220,250,250,250,274,274,293,293,388,388,406,417,433,433,182,213,213,229,255,255,255,284,284,159,159,263,263,282,582,582,596,373,373,146,146,172,0,17,85,85,119,119,119],"floor_reached":50,"playtime":3111,"items_purged":["Strike_R","Strike_R","Strike_R","Pommel Strike"],"score":774,"play_id":"645292dc-6f27-445d-bb34-e476b17c318e","local_time":"20180711200442","is_ascension_mode":true,"campfire_choices":[{"data":"Flex","floor":7,"key":"SMITH"},{"data":"Battle Trance","floor":11,"key":"SMITH"},{"data":"Sword Boomerang","floor":15,"key":"SMITH"},{"data":"Armaments","floor":24,"key":"SMITH"},{"data":"Demon Form","floor":27,"key":"SMITH"},{"data":"Fiend Fire","floor":30,"key":"SMITH"},{"data":"Bash","floor":32,"key":"SMITH"},{"data":"Feel No Pain","floor":40,"key":"SMITH"},{"data":"Limit Break","floor":42,"key":"SMITH"},{"data":"Sword Boomerang","floor":47,"key":"SMITH"},{"data":"Pummel","floor":49,"key":"SMITH"}],"neow_cost":"NONE","seed_source_timestamp":170880728287,"circlet_count":0,"master_deck":["Bash+1","Thunderclap","Sword Boomerang+1","Reaper","Flex+1","Fiend Fire+1","Battle Trance+1","Demon Form+1","Armaments+1","Ghostly","Ghostly+1","Ghostly+1","Ghostly","Ghostly","Limit Break+1","Sword Boomerang+1","Ghostly Armor","Reckless Charge","Headbutt","Feel No Pain+1","Pummel+1"],"relics":["Burning Blood","Omamori","Tiny Chest","Pear","Ancient Tea Set","Shuriken","Mark of Pain","Happy Flower","Bottled Lightning","War Paint","Blue Candle","Pandora\u0027s Box","Bronze Scales","Strawberry","Red Mask","Bottled Tornado","Bag of Marbles"],"potions_floor_usage":[16,16,19,20,33,33,33,50,50],"damage_taken":[{"damage":9,"enemies":"Jaw Worm","floor":1,"turns":4},{"damage":6,"enemies":"Cultist","floor":2,"turns":3},{"damage":7,"enemies":"2 Louse","floor":4,"turns":3},{"damage":41,"enemies":"Gremlin Nob","floor":6,"turns":5},{"damage":17,"enemies":"Large Slime","floor":8,"turns":7},{"damage":11,"enemies":"3 Louse","floor":14,"turns":3},{"damage":0,"enemies":"Slime Boss","floor":16,"turns":5},{"damage":24,"enemies":"3 Byrds","floor":18,"turns":4},{"damage":23,"enemies":"2 Thieves","floor":19,"turns":3},{"damage":25,"enemies":"Slaver and Parasite","floor":20,"turns":4},{"damage":2,"enemies":"Gremlin Leader","floor":23,"turns":6},{"damage":3,"enemies":"Snake Plant","floor":25,"turns":5},{"damage":1,"enemies":"Slavers","floor":29,"turns":5},{"damage":5,"enemies":"Automaton","floor":33,"turns":7},{"damage":3,"enemies":"Orb Walker","floor":35,"turns":6},{"damage":16,"enemies":"3 Shapes","floor":38,"turns":4},{"damage":3,"enemies":"Sphere and 2 Shapes","floor":45,"turns":4},{"damage":0,"enemies":"2 Orb Walkers","floor":48,"turns":4},{"damage":52,"enemies":"Donu and Deca","floor":50,"turns":6}],"seed_played":"-4359531093879704203","potions_obtained":[{"floor":6,"key":"Strength Potion"},{"floor":14,"key":"Strength Potion"},{"floor":16,"key":"Poison Potion"},{"floor":19,"key":"Fire Potion"},{"floor":20,"key":"Strength Potion"},{"floor":23,"key":"GamblersBrew"},{"floor":25,"key":"Block Potion"},{"floor":38,"key":"EssenceOfSteel"},{"floor":45,"key":"PowerPotion"}],"is_trial":false,"path_per_floor":["M","M","?","M","$","E","R","M","T","T","R","T","?","M","R","B",null,"M","M","M","?","$","E","R","M","T","R","?","E","R","$","R","B",null,"M","?","?","M","$","R","$","R","T","?","M","T","R","E","R"],"character_chosen":"IRONCLAD","items_purchased":["Happy Flower","Feel No Pain","Pummel","Bronze Scales"],"campfire_rested":0,"item_purchase_floors":[22,39,41,41],"current_hp_per_floor":[77,77,77,76,76,47,47,39,39,49,49,49,49,60,60,66,84,81,82,63,45,45,45,45,45,45,45,45,45,45,45,45,45,45,45,45,45,35,35,35,35,35,42,42,45,45,45,51,51,0],"gold":119,"neow_bonus":"HUNDRED_GOLD","is_prod":false,"is_daily":false,"chose_seed":false,"campfire_upgraded":11,"win_rate":0,"timestamp":1531357482,"path_taken":["M","M","?","?","?","E","R","M","T","?","R","?","?","M","R","BOSS","M","M","M","?","$","E","R","M","T","R","?","E","R","?","R","BOSS","M","?","?","M","$","R","$","R","T","?","M","?","R","E","R","BOSS"],"build_version":"2018-07-05","purchased_purges":4,"victory":false,"max_hp_per_floor":[80,80,80,80,80,80,80,80,80,90,90,90,90,90,90,90,90,90,90,90,45,45,45,45,45,45,45,45,45,45,45,45,45,45,45,45,45,45,45,45,45,45,52,52,52,52,52,52,52,52],"card_choices":[{"not_picked":["Flex","Twin Strike"],"picked":"Thunderclap","floor":1},{"not_picked":["Cleave","Hemokinesis"],"picked":"Sword Boomerang","floor":2},{"not_picked":["Rampage","Sever Soul"],"picked":"Flex","floor":4},{"not_picked":["Twin Strike","Pummel"],"picked":"Fiend Fire","floor":6},{"not_picked":["Heavy Blade","Spot Weakness"],"picked":"Battle Trance","floor":8},{"not_picked":["Carnage","Fire Breathing","Warcry"],"picked":"SKIP","floor":14},{"not_picked":["Dark Embrace","Barricade"],"picked":"Demon Form","floor":16},{"not_picked":["Cleave","Anger","Hemokinesis"],"picked":"SKIP","floor":18},{"not_picked":["Body Slam+1","Sword Boomerang+1"],"picked":"Armaments","floor":19},{"not_picked":["Rampage","Clash","Impervious"],"picked":"SKIP","floor":20},{"not_picked":["Warcry","Infernal Blade","Iron Wave+1"],"picked":"SKIP","floor":23},{"not_picked":["Iron Wave","Armaments","Perfected Strike"],"picked":"SKIP","floor":25},{"not_picked":["Thunderclap","Iron Wave","Havoc"],"picked":"SKIP","floor":29},{"not_picked":["Feed","Bludgeon"],"picked":"Limit Break","floor":33},{"not_picked":["Twin Strike+1","Sentinel"],"picked":"Headbutt","floor":35},{"not_picked":["Iron Wave","Clash+1","Pommel Strike"],"picked":"SKIP","floor":38},{"not_picked":["True Grit","Havoc","Entrench"],"picked":"SKIP","floor":45},{"not_picked":["Twin Strike","Body Slam","Flex"],"picked":"SKIP","floor":48}],"player_experience":280224,"relics_obtained":[{"floor":6,"key":"Omamori"},{"floor":9,"key":"Tiny Chest"},{"floor":10,"key":"Pear"},{"floor":12,"key":"Ancient Tea Set"},{"floor":23,"key":"Bottled Lightning"},{"floor":26,"key":"War Paint"},{"floor":29,"key":"Blue Candle"},{"floor":43,"key":"Strawberry"},{"floor":46,"key":"Bottled Tornado"},{"floor":48,"key":"Bag of Marbles"}],"event_choices":[{"event_name":"Living Wall","player_choice":"Change","floor":3,"damage_taken":0},{"event_name":"Big Fish","player_choice":"Box","floor":13,"damage_taken":0},{"event_name":"Ghosts","player_choice":"Became a Ghost","floor":21,"damage_taken":0},{"event_name":"Purifier","player_choice":"One Purge","floor":28,"damage_taken":0},{"event_name":"Wheel of Change","player_choice":"Gold","floor":36,"damage_taken":0},{"event_name":"SecretPortal","player_choice":"Rejected Portal.","floor":37,"damage_taken":0},{"event_name":"Tomb of Lord Red Mask","player_choice":"Paid","floor":44,"damage_taken":0}],"boss_relics":[{"not_picked":["Eternal Feather","Sozu"],"picked":"Mark of Pain"},{"not_picked":["Orrery","Black Blood"],"picked":"Pandora\u0027s Box"}],"items_purged_floors":[5,22,31,39],"is_endless":false,"potions_floor_spawned":[6,14,16,19,20,23,25,38,45],"killed_by":"Donu and Deca","ascension_level":5}