{"gold_per_floor":[114,83,83,83,98,98,128,143,143,143,143,158,158,173,173,273,273,288,303,318,318,318,318,325,325,375,111,126,141,156,186,186,186],"floor_reached":33,"playtime":1268,"items_purged":[],"score":267,"play_id":"823e3795-123e-428e-a469-c7dbdc7dfbe9","local_time":"20180730100144","daily_mods":["Diverse","Lethality","Terminal"],"is_ascension_mode":false,"campfire_choices":[{"data":"Cloak And Dagger","floor":6.0,"key":"SMITH"},{"data":"Combust","floor":11.0,"key":"SMITH"},{"data":"Flex","floor":13.0,"key":"SMITH"},{"data":"Bash","floor":15.0,"key":"SMITH"},{"floor":23.0,"key":"REST"},{"data":"Hyperbeam","floor":32.0,"key":"SMITH"}],"neow_cost":"","seed_source_timestamp":0,"circlet_count":0,"master_deck":["Strike_R+1","Strike_R+1","Strike_R+1","Strike_R+1","Strike_R+1","Defend_R+1","Defend_R+1","Defend_R+1","Defend_R+1","Bash+1","Cloak And Dagger+1","Shrug It Off","Combust+1","Flex+1","Reaper","Conserve Battery","Beam Cell","Hyperbeam+1","White Noise","Self Repair","Offering+1","Infernal Blade+1"],"special_seed":17742,"relics":["Burning Blood","Singing Bowl","Self Forming Clay","Letter Opener","The Courier","Velvet Choker","Mercury Hourglass","Red Mask","Omamori","Toxic Egg 2","Regal Pillow"],"potions_floor_usage":[33],"damage_taken":[{"damage":0.0,"enemies":"Cultist","floor":1.0,"turns":2.0},{"damage":0.0,"enemies":"Jaw Worm","floor":5.0,"turns":3.0},{"damage":18.0,"enemies":"Lagavulin","floor":7.0,"turns":4.0},{"damage":0.0,"enemies":"2 Louse","floor":8.0,"turns":2.0},{"damage":2.0,"enemies":"Blue Slaver","floor":12.0,"turns":3.0},{"damage":1.0,"enemies":"2 Fungi Beasts","floor":14.0,"turns":3.0},{"damage":63.0,"enemies":"The Guardian","floor":16.0,"turns":8.0},{"damage":17.0,"enemies":"3 Byrds","floor":18.0,"turns":3.0},{"damage":13.0,"enemies":"2 Thieves","floor":19.0,"turns":3.0},{"damage":34.0,"enemies":"Cultist and Chosen","floor":20.0,"turns":6.0},{"damage":11.0,"floor":24.0,"turns":2.0},{"damage":26.0,"enemies":"Snake Plant","floor":28.0,"turns":3.0},{"damage":27.0,"enemies":"Chosen and Byrds","floor":29.0,"turns":5.0},{"damage":5.0,"enemies":"Cultist and Chosen","floor":30.0,"turns":5.0},{"damage":24.0,"enemies":"Gremlin Leader","floor":31.0,"turns":4.0},{"damage":71,"enemies":"Automaton","floor":33,"turns":8}],"seed_played":"3676121671515635212","potions_obtained":[{"floor":5.0,"key":"Ancient Potion"},{"floor":8.0,"key":"Energy Potion"},{"floor":12.0,"key":"SpeedPotion"},{"floor":18.0,"key":"SteroidPotion"},{"floor":19.0,"key":"LiquidBronze"},{"floor":24.0,"key":"Fruit Juice"},{"floor":28.0,"key":"FearPotion"}],"is_trial":false,"path_per_floor":["M","?","?","T","M","R","E","M","T","?","R","M","R","M","R","B",null,"M","M","M","?","T","R","?","?","T","$","M","M","M","E","R"],"character_chosen":"IRONCLAD","items_purchased":["Toxic Egg 2","Self Repair"],"campfire_rested":1,"item_purchase_floors":[27,27],"current_hp_per_floor":[78,77,74,74,74,73,61,67,67,53,53,59,59,66,66,9,66,62,66,38,38,38,56,51,51,56,56,43,41,61,52,52,0],"gold":186,"neow_bonus":"","is_prod":false,"is_daily":true,"chose_seed":false,"campfire_upgraded":5,"win_rate":0,"timestamp":1532934104,"path_taken":["M","?","?","?","M","R","E","M","T","?","R","M","R","?","R","BOSS","M","?","M","?","?","R","?","?","T","$","M","M","?","E","R","BOSS"],"build_version":"2018-07-26","purchased_purges":0,"victory":false,"max_hp_per_floor":[78,77,76,75,74,73,72,71,70,69,68,69,68,69,68,67,66,65,66,65,64,63,62,61,60,64,63,62,63,62,63,62,62],"card_choices":[{"not_picked":["True Grit","Havoc"],"picked":"Cloak And Dagger","floor":1.0},{"not_picked":["Hologram","Body Slam"],"picked":"Shrug It Off","floor":5.0},{"not_picked":["Steam","Auto Shields"],"picked":"Combust","floor":7.0},{"not_picked":["Machine Learning","Rebound"],"picked":"Flex","floor":8.0},{"not_picked":["Redo","Sucker Punch","Backflip"],"picked":"Singing Bowl","floor":12.0},{"not_picked":["Poisoned Stab","Perfected Strike","Outmaneuver"],"picked":"Singing Bowl","floor":14.0},{"not_picked":["Core Surge","Multi-Cast"],"picked":"Reaper","floor":16.0},{"not_picked":["Wild Strike","Clash+1"],"picked":"Conserve Battery","floor":18.0},{"not_picked":["Compile Driver","Cold Snap","Dodge and Roll"],"picked":"Singing Bowl","floor":19.0},{"not_picked":["Escape Plan","Sweeping Beam"],"picked":"Beam Cell","floor":20.0},{"not_picked":["Prepared","Slice"],"picked":"White Noise","floor":24.0},{"not_picked":["Prepared+1","Hologram+1"],"picked":"Offering+1","floor":28.0},{"not_picked":["Sunder","Static Discharge+1","Iron Wave"],"picked":"Singing Bowl","floor":29.0},{"not_picked":["Disarm+1","Rebound"],"picked":"Infernal Blade+1","floor":30.0},{"not_picked":["Reinforced Body+1","Scrape","True Grit+1"],"picked":"Singing Bowl","floor":31.0}],"player_experience":152106,"relics_obtained":[{"floor":4.0,"key":"Self Forming Clay"},{"floor":7.0,"key":"Letter Opener"},{"floor":9.0,"key":"The Courier"},{"floor":22.0,"key":"Mercury Hourglass"},{"floor":24.0,"key":"Red Mask"},{"floor":26.0,"key":"Omamori"},{"floor":31.0,"key":"Regal Pillow"}],"event_choices":[{"event_name":"World of Goop","player_choice":"Left","floor":2.0,"damage_taken":0.0},{"event_name":"Scrap Ooze","player_choice":"success","floor":3.0,"damage_taken":3.0},{"event_name":"Shining Light","player_choice":"Entered Light","floor":10.0,"damage_taken":0.0},{"event_name":"The Library","player_choice":"Read","floor":21.0,"damage_taken":0.0},{"event_name":"Masked Bandits","player_choice":"Fought over 318 gold","floor":24.0,"damage_taken":0.0},{"event_name":"Back to Basics","player_choice":"Simplicity","floor":25.0,"damage_taken":0.0}],"is_beta":false,"boss_relics":[{"not_picked":["Orrery","Runic Cube"],"picked":"Velvet Choker"}],"items_purged_floors":[],"is_endless":false,"potions_floor_spawned":[5,8,12,18,19,24,28,31],"killed_by":"Automaton","ascension_level":0}