{"gold_per_floor":[111,131,34,34,48,73,73,105,131,131,158,168,168,188,188,288,288,308,308,308,318,318,318,348,348,416,436,361,381,411,127,127,225,225,236,236,236,236,111,111,125,198,198,198,498,498,498,518,518,518,518,518,41,366,366],"floor_reached":55,"playtime":2388,"items_purged":["Dualcast","Defend_B","Strike_B"],"score":1263,"play_id":"86b663b6-de35-4ae3-994b-d4739aaa92e7","local_time":"20190206000436","is_ascension_mode":true,"campfire_choices":[{"data":"Leap","floor":7.0,"key":"SMITH"},{"data":"Hologram","floor":10.0,"key":"SMITH"},{"data":"Steam","floor":13.0,"key":"SMITH"},{"data":"Defend_B","floor":15.0,"key":"SMITH"},{"data":"White Noise","floor":23.0,"key":"SMITH"},{"data":"Recycle","floor":25.0,"key":"SMITH"},{"data":"Scrape","floor":32.0,"key":"SMITH"},{"data":"Creative AI","floor":40.0,"key":"SMITH"},{"data":"Chill","floor":44.0,"key":"SMITH"},{"floor":46.0,"key":"RECALL"},{"floor":49.0,"key":"REST"},{"floor":52.0,"key":"REST"}],"neow_cost":"PERCENT_DAMAGE","seed_source_timestamp":302708799086800,"circlet_count":0,"master_deck":["AscendersBane","Defend_B+1","Zap+1","Cold Snap","Steam+1","Ball Lightning","Leap+1","Hologram+1","Ball Lightning","Recycle+1","White Noise+1","Go for the Eyes+1","Consume+1","Chill+1","Scrape+1","Creative AI+1","Sweeping Beam","Creative AI"],"special_seed":0,"relics":["Cracked Core","Potion Belt","DataDisk","Orichalcum","Letter Opener","Runic Pyramid","Calipers","FossilizedHelix","Meat on the Bone","Ornamental Fan","Kunai","Juzu Bracelet","Nuclear Battery","Mummified Hand","Medical Kit","Bag of Preparation","Old Coin"],"potions_floor_usage":[55,55,55,55],"damage_taken":[{"damage":7.0,"enemies":"Jaw Worm","floor":1.0,"turns":3.0},{"damage":4.0,"enemies":"Cultist","floor":2.0,"turns":3.0},{"damage":0.0,"enemies":"Small Slimes","floor":5.0,"turns":2.0},{"damage":8.0,"enemies":"Lagavulin","floor":6.0,"turns":6.0},{"damage":24.0,"enemies":"3 Sentries","floor":8.0,"turns":13.0},{"damage":8.0,"enemies":"Gremlin Nob","floor":11.0,"turns":4.0},{"damage":0.0,"enemies":"3 Louse","floor":12.0,"turns":3.0},{"damage":0.0,"enemies":"2 Fungi Beasts","floor":14.0,"turns":2.0},{"damage":0.0,"enemies":"Slime Boss","floor":16.0,"turns":6.0},{"damage":0.0,"enemies":"3 Byrds","floor":18.0,"turns":4.0},{"damage":12.0,"enemies":"2 Thieves","floor":21.0,"turns":4.0},{"damage":18.0,"enemies":"Gremlin Leader","floor":24.0,"turns":5.0},{"damage":0.0,"enemies":"3 Cultists","floor":27.0,"turns":5.0},{"damage":0.0,"enemies":"Sentry and Sphere","floor":29.0,"turns":5.0},{"damage":9.0,"enemies":"Book of Stabbing","floor":30.0,"turns":5.0},{"damage":0.0,"enemies":"Automaton","floor":33.0,"turns":11.0},{"damage":2.0,"enemies":"Orb Walker","floor":35.0,"turns":3.0},{"damage":9.0,"enemies":"3 Darklings","floor":41.0,"turns":5.0},{"damage":0.0,"enemies":"Jaw Worm Horde","floor":48.0,"turns":4.0},{"damage":31.0,"enemies":"Donu and Deca","floor":50.0,"turns":7.0},{"damage":52.0,"enemies":"Shield and Spear","floor":54.0,"turns":8.0},{"damage":37,"enemies":"The Heart","floor":55,"turns":5}],"seed_played":"7100530019010235237","potions_obtained":[{"floor":2.0,"key":"Regen Potion"},{"floor":6.0,"key":"Poison Potion"},{"floor":11.0,"key":"Poison Potion"},{"floor":12.0,"key":"AttackPotion"},{"floor":30.0,"key":"Ancient Potion"},{"floor":38.0,"key":"Block Potion"},{"floor":38.0,"key":"Fire Potion"},{"floor":38.0,"key":"FearPotion"},{"floor":41.0,"key":"PowerPotion"},{"floor":48.0,"key":"Block Potion"}],"is_trial":false,"path_per_floor":["M","M","$","?","M","E","R","E","T","R","E","M","R","M","R","B",null,"M","?","T","M","?","R","E","R","T","M","?","M","E","$","R","B",null,"M","?","?","?","$","R","M","T","T","R","?","R","?","M","R","B",null,"R","$","E","B"],"character_chosen":"DEFECT","items_purchased":["Ball Lightning","Scrape","Juzu Bracelet","Medical Kit","Bag of Preparation","LiquidBronze","Sweeping Beam"],"campfire_rested":2,"item_purchase_floors":[3,31,31,53,53,53,53],"current_hp_per_floor":[43,39,39,39,39,31,31,22,22,22,14,14,14,14,14,14,60,60,60,60,48,48,48,30,30,30,42,42,42,45,45,45,45,68,66,66,66,66,66,66,57,57,57,57,57,57,57,57,75,44,67,75,75,35,0],"gold":366,"neow_bonus":"REMOVE_TWO","is_prod":false,"is_daily":false,"chose_seed":false,"campfire_upgraded":9,"win_rate":0,"timestamp":1549422276,"path_taken":["M","M","$","?","?","E","R","E","T","R","E","?","R","M","R","BOSS","M","?","?","M","?","R","E","R","T","M","?","M","E","$","R","BOSS","M","?","?","?","$","R","M","?","T","R","?","R","?","M","R","BOSS","R","$","E","BOSS"],"build_version":"2018-11-15","purchased_purges":3,"victory":false,"max_hp_per_floor":[75,75,75,75,75,75,75,75,75,75,75,75,75,75,75,75,75,75,75,75,75,75,75,75,75,75,75,75,75,75,75,75,75,75,75,75,75,75,75,75,75,75,75,75,75,75,75,75,75,75,75,75,75,75,75],"card_choices":[{"not_picked":["Beam Cell","Reinforced Body"],"picked":"Cold Snap","floor":1.0},{"not_picked":["Compile Driver","Conserve Battery"],"picked":"Steam","floor":2.0},{"not_picked":["Cold Snap","Beam Cell","Redo"],"picked":"SKIP","floor":5.0},{"not_picked":["Redo","Coolheaded"],"picked":"Leap","floor":6.0},{"not_picked":["Barrage","Thunder Strike"],"picked":"Hologram","floor":8.0},{"not_picked":["Barrage","Hologram","Sunder"],"picked":"SKIP","floor":11.0},{"not_picked":["Steam","Gash"],"picked":"Ball Lightning","floor":12.0},{"not_picked":["Aggregate","Sunder","Tempest"],"picked":"SKIP","floor":14.0},{"not_picked":["Streamline","Rebound"],"picked":"Recycle","floor":18.0},{"not_picked":["Recycle","Rebound"],"picked":"Go for the Eyes+1","floor":21.0},{"not_picked":["Beam Cell","BootSequence"],"picked":"Consume+1","floor":24.0},{"not_picked":["Sweeping Beam+1","Go for the Eyes+1"],"picked":"Chill","floor":27.0},{"not_picked":["Stack","Streamline+1","Coolheaded"],"picked":"SKIP","floor":29.0},{"not_picked":["Redo","Static Discharge","Ball Lightning"],"picked":"SKIP","floor":30.0},{"not_picked":["Multi-Cast","Hyperbeam"],"picked":"Creative AI","floor":33.0},{"not_picked":["Streamline+1","Ball Lightning+1","Go for the Eyes"],"picked":"SKIP","floor":35.0},{"not_picked":["Sunder+1","Conserve Battery+1","Steam"],"picked":"SKIP","floor":41.0},{"not_picked":["Genetic Algorithm+1","Tempest+1","Blizzard"],"picked":"SKIP","floor":48.0},{"not_picked":["Aggregate+1","Genetic Algorithm"],"picked":"Creative AI","floor":54.0}],"player_experience":88554,"relics_obtained":[{"floor":6.0,"key":"Potion Belt"},{"floor":8.0,"key":"DataDisk"},{"floor":9.0,"key":"Orichalcum"},{"floor":11.0,"key":"Letter Opener"},{"floor":20.0,"key":"Calipers"},{"floor":24.0,"key":"Meat on the Bone"},{"floor":26.0,"key":"Ornamental Fan"},{"floor":30.0,"key":"Kunai"},{"floor":43.0,"key":"Mummified Hand"},{"floor":54.0,"key":"Old Coin"}],"event_choices":[{"damage_healed":0.0,"max_hp_gain":0.0,"max_hp_loss":0.0,"gold_gain":0.0,"event_name":"Upgrade Shrine","player_choice":"Upgraded","floor":4.0,"gold_loss":0.0,"damage_taken":0.0,"cards_upgraded":["Zap"]},{"damage_healed":0.0,"max_hp_gain":0.0,"max_hp_loss":0.0,"gold_gain":0.0,"event_name":"The Library","player_choice":"Read","floor":19.0,"gold_loss":0.0,"damage_taken":0.0,"cards_obtained":["White Noise"]},{"damage_healed":0.0,"max_hp_gain":0.0,"max_hp_loss":0.0,"gold_gain":0.0,"event_name":"The Mausoleum","player_choice":"Opened","floor":22.0,"gold_loss":0.0,"damage_taken":0.0,"relics_obtained":["FossilizedHelix"]},{"cards_removed":["Strike_B"],"damage_healed":0.0,"max_hp_gain":0.0,"max_hp_loss":0.0,"gold_gain":0.0,"event_name":"Beggar","player_choice":"Gave Gold","floor":28.0,"gold_loss":75.0,"damage_taken":0.0},{"cards_removed":["Strike_B"],"damage_healed":0.0,"max_hp_gain":0.0,"max_hp_loss":0.0,"gold_gain":0.0,"event_name":"Falling","player_choice":"Removed Attack","floor":36.0,"gold_loss":0.0,"damage_taken":0.0},{"cards_removed":["Defend_B"],"damage_healed":0.0,"max_hp_gain":0.0,"max_hp_loss":0.0,"gold_gain":0.0,"event_name":"Purifier","player_choice":"Purged","floor":37.0,"gold_loss":0.0,"damage_taken":0.0},{"damage_healed":0.0,"max_hp_gain":0.0,"max_hp_loss":0.0,"gold_gain":0.0,"event_name":"Lab","player_choice":"Got Potions","floor":38.0,"gold_loss":0.0,"damage_taken":0.0},{"damage_healed":0.0,"max_hp_gain":0.0,"max_hp_loss":0.0,"gold_gain":300.0,"event_name":"Wheel of Change","player_choice":"Gold","floor":45.0,"gold_loss":0.0,"damage_taken":0.0},{"damage_healed":0.0,"max_hp_gain":0.0,"max_hp_loss":0.0,"gold_gain":0.0,"event_name":"Tomb of Lord Red Mask","player_choice":"Ignored","floor":47.0,"gold_loss":0.0,"damage_taken":0.0}],"is_beta":false,"boss_relics":[{"not_picked":["Pandora\u0027s Box","Busted Crown"],"picked":"Runic Pyramid"},{"not_picked":["Orrery","FrozenCore"],"picked":"Nuclear Battery"}],"items_purged_floors":[3,31,39],"is_endless":false,"potions_floor_spawned":[2,6,11,12,30,41,48],"killed_by":"The Heart","ascension_level":11}