{"path_per_floor":["M","$","M","?","?","E","R","T","T","M","$","M","$","M","R","B",null,"M","?","M","M","?","R","$","M","T","R","E","M","?","M","R","B",null,"M","?","?","$","M","R","E","M","T","$","$","M","R","T","R","B"],"character_chosen":"IRONCLAD","items_purchased":["Inflame"],"gold_per_floor":[114,39,49,49,49,83,83,83,128,145,11,31,31,41,41,138,138,148,148,168,186,186,186,61,78,78,78,108,123,123,142,142,238,238,255,255,255,105,122,122,151,168,168,168,168,184,184,184,184,184],"floor_reached":51,"campfire_rested":1,"playtime":6620,"item_purchase_floors":[],"current_hp_per_floor":[80,80,80,80,80,41,41,41,41,50,50,51,51,54,54,22,92,94,94,91,93,93,93,93,92,92,92,52,51,51,69,69,62,104,106,106,108,108,112,112,73,79,79,79,79,87,87,87,112,81],"items_purged":["Strike_R","Regret","Strike_R","Iron Wave"],"gold":184,"score":1041,"play_id":"4071163d-5119-4097-842b-23cc1eeb8f46","local_time":"20180613220212","is_prod":false,"is_daily":false,"chose_seed":false,"is_ascension_mode":true,"campfire_upgraded":7,"win_rate":0,"timestamp":1528945332,"campfire_choices":[{"data":"Feed","floor":7.0,"key":"SMITH"},{"data":"Seeing Red","floor":15.0,"key":"SMITH"},{"data":"Inflame","floor":23,"key":"SMITH"},{"data":"Inflame","floor":27,"key":"SMITH"},{"data":"Fiend Fire","floor":32,"key":"SMITH"},{"data":"Bash","floor":40,"key":"SMITH"},{"data":"Bludgeon","floor":47,"key":"SMITH"},{"floor":49,"key":"REST"}],"path_taken":["M","$","M","?","?","E","R","?","T","?","$","M","?","M","R","BOSS","M","?","M","M","?","R","$","M","T","R","E","?","?","?","R","BOSS","M","?","?","$","M","R","E","M","T","?","$","?","R","?","R","BOSS"],"build_version":"2018-06-07v3","seed_source_timestamp":0,"purchased_purges":4,"victory":true,"master_deck":["Defend_R","Defend_R","Defend_R+1","Defend_R+1","Bash+1","Inflame+1","Feed+1","Inflame+1","Seeing Red+1","Bludgeon+1","Fiend Fire+1","Clothesline+1","Bludgeon+1","Corruption"],"max_hp_per_floor":[80,80,80,80,80,80,80,80,80,84,84,88,88,92,92,92,92,96,96,100,104,104,104,104,104,104,104,104,104,104,104,104,104,104,108,108,108,108,112,112,112,112,112,112,112,112,112,112,112,112],"relics":["Burning Blood","Meat on the Bone","Pen Nib","Blue Candle","Potion Belt","Snecko Eye","Bag of Marbles","War Paint","White Beast Statue","Champion Belt","Toolbox","Shuriken","Ancient Tea Set"],"card_choices":[{"not_picked":["Body Slam","Havoc"],"picked":"Iron Wave","floor":1.0},{"not_picked":["Cleave","Heavy Blade"],"picked":"Inflame","floor":3.0},{"not_picked":["Armaments","Sword Boomerang"],"picked":"Feed","floor":6.0},{"not_picked":["Sword Boomerang","Intimidate","Pommel Strike"],"picked":"SKIP","floor":10.0},{"not_picked":["Sword Boomerang","Blood for Blood","Clash"],"picked":"SKIP","floor":12.0},{"not_picked":["Rage","Entrench"],"picked":"Seeing Red","floor":14.0},{"not_picked":["Reaper","Fiend Fire"],"picked":"Bludgeon","floor":16.0},{"not_picked":["Warcry","True Grit","Iron Wave+1"],"picked":"SKIP","floor":18},{"not_picked":["Pommel Strike","Body Slam+1","Havoc"],"picked":"SKIP","floor":20},{"not_picked":["Shrug It Off","Perfected Strike"],"picked":"Fiend Fire","floor":21},{"not_picked":["Whirlwind","Sword Boomerang+1","Twin Strike"],"picked":"SKIP","floor":25},{"not_picked":["Flex","Feed","Havoc"],"picked":"SKIP","floor":28},{"not_picked":["Pummel+1","Evolve","Rupture+1"],"picked":"SKIP","floor":29},{"not_picked":["Intimidate","Disarm"],"picked":"Clothesline+1","floor":31},{"not_picked":["Exhume","Reaper"],"picked":"Bludgeon","floor":33},{"not_picked":["Shrug It Off","Shockwave","Cleave+1"],"picked":"SKIP","floor":35},{"not_picked":["Anger","Searing Blow"],"picked":"Corruption","floor":37},{"not_picked":["Clothesline","Havoc","Pommel Strike"],"picked":"SKIP","floor":39},{"not_picked":["Cleave","Flex+1","Rage"],"picked":"SKIP","floor":41},{"not_picked":["Armaments+1","Exhume","Warcry+1"],"picked":"SKIP","floor":42},{"not_picked":["Havoc","Anger","Body Slam"],"picked":"SKIP","floor":46}],"player_experience":164413,"potions_floor_usage":[25,35,42,42,46,50,50,50,50],"damage_taken":[{"damage":0.0,"enemies":"2 Louse","floor":1.0,"turns":3.0},{"damage":1.0,"enemies":"Cultist","floor":3.0,"turns":3.0},{"damage":57.0,"enemies":"Lagavulin","floor":6.0,"turns":8.0},{"damage":1.0,"enemies":"Small Slimes","floor":10.0,"turns":4.0},{"damage":9.0,"enemies":"Blue Slaver","floor":12.0,"turns":3.0},{"damage":7.0,"enemies":"Gremlin Gang","floor":14.0,"turns":4.0},{"damage":50.0,"enemies":"The Guardian","floor":16.0,"turns":10.0},{"damage":8,"enemies":"Chosen","floor":18,"turns":3},{"damage":13,"enemies":"3 Byrds","floor":20,"turns":6},{"damage":8,"enemies":"Cultist and Chosen","floor":21,"turns":3},{"damage":7,"enemies":"Centurion and Healer","floor":25,"turns":3},{"damage":58,"enemies":"Gremlin Leader","floor":28,"turns":7},{"damage":19,"enemies":"Slaver and Parasite","floor":29,"turns":3},{"damage":0,"enemies":"Snecko","floor":31,"turns":2},{"damage":13,"enemies":"Champ","floor":33,"turns":5},{"damage":8,"enemies":"3 Shapes","floor":35,"turns":2},{"damage":0,"floor":37,"turns":4},{"damage":6,"enemies":"3 Darklings","floor":39,"turns":2},{"damage":57,"enemies":"Giant Head","floor":41,"turns":7},{"damage":0,"enemies":"Sphere and 2 Shapes","floor":42,"turns":2},{"damage":12,"enemies":"Maw","floor":46,"turns":5},{"damage":37,"enemies":"Time Eater","floor":50,"turns":6}],"relics_obtained":[{"floor":6.0,"key":"Pen Nib"},{"floor":8.0,"key":"Blue Candle"},{"floor":9.0,"key":"Potion Belt"},{"floor":26,"key":"Bag of Marbles"},{"floor":28,"key":"War Paint"},{"floor":37,"key":"Champion Belt"},{"floor":41,"key":"Toolbox"},{"floor":43,"key":"Shuriken"},{"floor":48,"key":"Ancient Tea Set"}],"event_choices":[{"event_name":"Bonfire Elementals","player_choice":"BASIC","floor":4.0,"damage_taken":0.0},{"event_name":"Big Fish","player_choice":"Box","floor":5.0,"damage_taken":0.0},{"event_name":"Back to Basics","player_choice":"Elegance","floor":19,"damage_taken":0},{"event_name":"Upgrade Shrine","player_choice":"Upgraded","floor":22,"damage_taken":0},{"event_name":"Ghosts","player_choice":"Ignored","floor":30,"damage_taken":0},{"event_name":"Purifier","player_choice":"One Purge","floor":36,"damage_taken":0},{"event_name":"MindBloom","player_choice":"Fight","floor":37,"damage_taken":0}],"boss_relics":[{"not_picked":["Orrery","Velvet Choker"],"picked":"Snecko Eye"},{"not_picked":["Calling Bell","Tiny House"],"picked":"White Beast Statue"}],"items_purged_floors":[],"potions_floor_spawned":[6,12,14,16,25,28,31,35,37,39,41,42,46],"seed_played":"-4948862374444409268","ascension_level":1,"potions_obtained":[{"floor":6.0,"key":"PowerPotion"},{"floor":12.0,"key":"SteroidPotion"},{"floor":14.0,"key":"PowerPotion"},{"floor":16.0,"key":"SteroidPotion"},{"floor":25,"key":"SkillPotion"},{"floor":28,"key":"GamblersBrew"},{"floor":31,"key":"Fire Potion"},{"floor":35,"key":"Explosive Potion"},{"floor":37,"key":"Dexterity Potion"},{"floor":39,"key":"Poison Potion"},{"floor":41,"key":"EssenceOfSteel"},{"floor":42,"key":"Regen Potion"},{"floor":46,"key":"Explosive Potion"}],"is_trial":false}