{"gold_per_floor":[114,114,129,204,219,219,394,394,444,166,166,181,196,211,211,311,341,356,356,356,381,381,381,396,396,396,411,441,540,140,155,155,255,255,270,270,270,285,135,135,171,201,226,226,241,256,271,21,21,21],"floor_reached":51,"playtime":2935,"items_purged":[],"score":1210,"play_id":"1c825ae0-389d-45b7-a345-8674652707a9","local_time":"20180716150631","daily_mods":["Brewmaster","Cursed Run","Hoarder"],"is_ascension_mode":false,"campfire_choices":[{"data":"Blur","floor":6,"key":"SMITH"},{"data":"Blur","floor":8,"key":"SMITH"},{"data":"Apotheosis","floor":11,"key":"SMITH"},{"data":"Apotheosis","floor":15,"key":"SMITH"},{"data":"Backstab","floor":23,"key":"SMITH"},{"floor":25,"key":"REST"},{"floor":32,"key":"REST"},{"floor":40,"key":"DIG"},{"floor":49,"key":"REST"}],"neow_cost":"","seed_source_timestamp":0,"circlet_count":0,"master_deck":["Defend_G","Defend_G","Defend_G+1","Defend_G","Defend_G","Strike_G","Strike_G","Strike_G","Strike_G","Strike_G","Survivor","Neutralize","Venomology","Venomology","Venomology","Venomology","Venomology","Venomology","Venomology","Venomology","Venomology","Venomology","Venomology","Venomology","Venomology","Venomology","Venomology","Flying Knee","Flying Knee","Flying Knee","Blur","Blur+1","Blur+1","Footwork","Footwork","Footwork","Doubt","Doubt","Doubt","Parasite","Parasite","Parasite","Apotheosis+1","Apotheosis+1","Apotheosis","Endless Agony","Endless Agony","Endless Agony","PiercingWail","PiercingWail","PiercingWail","Cloak And Dagger","Cloak And Dagger","Cloak And Dagger","Bouncing Flask","Bouncing Flask","Bouncing Flask","Normality","Normality","Normality","Envenom","Envenom","Envenom","Blade Dance","Blade Dance","Blade Dance","Backstab+1","Backstab","Backstab","Clumsy","Clumsy","Clumsy","All Out Attack","All Out Attack","All Out Attack","Writhe","Writhe","Writhe","Infinite Blades","Infinite Blades","Infinite Blades","Dagger Spray","Dagger Spray","Dagger Spray","Blade Dance+1","Blade Dance+1","Blade Dance+1","Clumsy","Clumsy","Clumsy","Adrenaline+1","Adrenaline+1","Adrenaline+1","Acrobatics+1","Acrobatics+1","Acrobatics+1","Expertise+1","Expertise+1","Expertise+1","Leg Sweep+1","Leg Sweep+1","Leg Sweep+1","Accuracy","Accuracy","Accuracy","Doubt","Doubt","Doubt","Cloak And Dagger+1","Cloak And Dagger+1","Cloak And Dagger+1","Dagger Throw+1","Dagger Throw+1","Dagger Throw+1","Caltrops+1","Caltrops+1","Caltrops+1","Decay","Decay","Decay"],"special_seed":17728,"relics":["Cursed Key","Darkstone Periapt","Du-Vu Doll","White Beast Statue","Dodecahedron","Potion Belt","Tiny House","Boot","Orichalcum","Bag of Preparation","Toxic Egg 2","Juzu Bracelet","Busted Crown","Shovel","Bag of Marbles","Art of War","Thread and Needle","Calipers","Centennial Puzzle","Shuriken"],"potions_floor_usage":[5,5,12,12,12,12,13,14,16,16,16,16,16,16,16,16,16,16,18,18,24,24,24,24,24,27,27,28,28,28,28,28,31,31,33,33,33,33,35,35,37,37,38,38,41,41,41,42,42,42,42,42,45,45,45,45,46,46,46,46,50,50,50,50],"damage_taken":[{"damage":9.0,"enemies":"Jaw Worm","floor":1.0,"turns":4.0},{"damage":0.0,"enemies":"2 Louse","floor":3.0,"turns":2.0},{"damage":0,"enemies":"Cultist","floor":5,"turns":4},{"damage":0,"enemies":"Blue Slaver","floor":12,"turns":5},{"damage":0,"enemies":"3 Louse","floor":13,"turns":1},{"damage":0,"enemies":"2 Fungi Beasts","floor":14,"turns":3},{"damage":1,"enemies":"Hexaghost","floor":16,"turns":6},{"damage":0,"enemies":"Shell Parasite","floor":18,"turns":2},{"damage":24,"enemies":"3 Byrds","floor":24,"turns":6},{"damage":0,"enemies":"Centurion and Healer","floor":27,"turns":2},{"damage":2,"enemies":"Slavers","floor":28,"turns":5},{"damage":0,"enemies":"Snake Plant","floor":31,"turns":1},{"damage":30,"enemies":"Collector","floor":33,"turns":5},{"damage":0,"enemies":"Orb Walker","floor":35,"turns":1},{"damage":11,"floor":37,"turns":3},{"damage":0,"enemies":"Flame Bruiser 1 Orb","floor":38,"turns":1},{"damage":14,"floor":41,"turns":3},{"damage":8,"enemies":"2 Orb Walkers","floor":42,"turns":4},{"damage":0,"enemies":"Maw","floor":45,"turns":4},{"damage":0,"enemies":"Transient","floor":46,"turns":5},{"damage":0,"enemies":"3 Darklings","floor":47,"turns":2},{"damage":2,"enemies":"Awakened One","floor":50,"turns":4}],"seed_played":"-2205032152784244808","potions_obtained":[{"floor":1.0,"key":"Block Potion"},{"floor":3.0,"key":"Fire Potion"},{"floor":5,"key":"PowerPotion"},{"floor":17,"key":"AttackPotion"},{"floor":27,"key":"FairyPotion"},{"floor":28,"key":"Strength Potion"},{"floor":31,"key":"Dexterity Potion"},{"floor":35,"key":"Dexterity Potion"},{"floor":36,"key":"FairyPotion"},{"floor":36,"key":"Explosive Potion"},{"floor":38,"key":"SteroidPotion"},{"floor":45,"key":"SteroidPotion"},{"floor":46,"key":"FairyPotion"}],"is_trial":false,"path_per_floor":["M","?","M","?","M","R","?","R","T","$","R","M","M","M","R","B",null,"M","?","?","T","?","R","M","R","T","M","E","?","$","M","R","B",null,"M","?","?","M","$","R","?","E","T","?","M","M","M","$","R","B"],"character_chosen":"THE_SILENT","items_purchased":["Apotheosis","Endless Agony","Toxic Egg 2","Juzu Bracelet","Bag of Marbles","Shuriken"],"campfire_rested":3,"item_purchase_floors":[10,10,30,30,39,48],"current_hp_per_floor":[61,58,67,60,60,60,66,66,72,72,72,82,82,82,82,87,93,93,93,93,99,99,99,75,99,105,105,103,103,103,103,105,81,111,111,111,100,100,100,100,86,78,84,84,84,84,84,84,117,121],"gold":21,"neow_bonus":"","is_prod":false,"is_daily":true,"chose_seed":false,"campfire_upgraded":5,"win_rate":0,"timestamp":1531742791,"path_taken":["M","?","M","?","M","R","?","R","T","?","R","M","M","M","R","BOSS","M","?","?","?","?","R","M","R","T","?","E","?","$","M","R","BOSS","M","?","?","M","$","R","?","E","T","?","M","M","M","$","R","BOSS"],"build_version":"2018-07-12","purchased_purges":0,"victory":true,"max_hp_per_floor":[70,70,70,70,70,70,76,76,82,82,82,82,82,82,82,88,93,93,93,93,99,99,99,99,99,105,105,105,105,105,105,105,111,111,111,111,111,111,111,111,111,111,117,117,117,117,117,117,117,123],"card_choices":[{"not_picked":["Expertise","Slice"],"picked":"Flying Knee","floor":1.0},{"not_picked":["Quick Slash","Footwork"],"picked":"Blur","floor":3.0},{"not_picked":["Skewer","Finisher"],"picked":"Footwork","floor":5},{"not_picked":["Calculated Gamble","Sucker Punch"],"picked":"PiercingWail","floor":12},{"not_picked":["Bane","Deadly Poison"],"picked":"Cloak And Dagger","floor":13},{"not_picked":["Dodge and Roll","Bane"],"picked":"Bouncing Flask","floor":14},{"not_picked":["Tactician","Doppelganger"],"picked":"Envenom","floor":16},{"not_picked":["Bouncing Flask","Underhanded Strike"],"picked":"Blade Dance","floor":17},{"not_picked":["Quick Slash","Noxious Fumes"],"picked":"Backstab","floor":18},{"not_picked":["Deflect","Backflip"],"picked":"All Out Attack","floor":24},{"not_picked":["Deadly Poison","Sucker Punch"],"picked":"Infinite Blades","floor":27},{"not_picked":["Venomology","Dodge and Roll+1"],"picked":"Dagger Spray","floor":28},{"not_picked":["Dodge and Roll+1","Flying Knee"],"picked":"Blade Dance+1","floor":31},{"not_picked":["After Image","Grand Finale"],"picked":"Adrenaline+1","floor":33},{"not_picked":["Underhanded Strike+1"],"picked":"SKIP","floor":35},{"not_picked":[],"picked":"Acrobatics+1","floor":37},{"not_picked":[],"picked":"Expertise+1","floor":38},{"not_picked":[],"picked":"Leg Sweep+1","floor":41},{"not_picked":[],"picked":"Accuracy","floor":42},{"not_picked":[],"picked":"Cloak And Dagger+1","floor":45},{"not_picked":[],"picked":"Dagger Throw+1","floor":46},{"not_picked":[],"picked":"Caltrops+1","floor":47}],"player_experience":84177,"relics_obtained":[{"floor":9,"key":"Potion Belt"},{"floor":21,"key":"Boot"},{"floor":26,"key":"Orichalcum"},{"floor":28,"key":"Bag of Preparation"},{"floor":37,"key":"Shovel"},{"floor":40,"key":"Art of War"},{"floor":41,"key":"Thread and Needle"},{"floor":42,"key":"Calipers"},{"floor":43,"key":"Centennial Puzzle"}],"event_choices":[{"event_name":"Scrap Ooze","player_choice":"success","floor":2.0,"damage_taken":3.0},{"event_name":"FaceTrader","player_choice":"Touch","floor":4,"damage_taken":0},{"event_name":"Liars Game","player_choice":"agreed","floor":7,"damage_taken":0},{"event_name":"Drug Dealer","player_choice":"Ignored","floor":19,"damage_taken":0},{"event_name":"Ghosts","player_choice":"Ignored","floor":20,"damage_taken":0},{"event_name":"Beggar","player_choice":"Ignored","floor":22,"damage_taken":0},{"event_name":"Nest","player_choice":"Stole From Cult","floor":29,"damage_taken":0},{"event_name":"The Lab","player_choice":"Got Potions","floor":36,"damage_taken":0},{"event_name":"MindBloom","player_choice":"Fight","floor":37,"damage_taken":0},{"event_name":"Mysterious Sphere","player_choice":"Fight","floor":41,"damage_taken":0},{"event_name":"Tomb of Lord Red Mask","player_choice":"Ignored","floor":44,"damage_taken":0}],"boss_relics":[{"not_picked":["Velvet Choker","Empty Cage"],"picked":"Tiny House"},{"not_picked":["Runic Pyramid","Orrery"],"picked":"Busted Crown"}],"items_purged_floors":[],"is_endless":false,"potions_floor_spawned":[1,3,5,12,13,14,16,18,24,27,28,31,33,35,37,38,41,42,45,46,47],"ascension_level":0}