{"gold_per_floor":[15,90,104,104,118,118,149,167,167,167,195,295,314,187,187,290,290,302,3,19,35,55,55,55,55,55,67,67,67,166,15,15,115,115,132,7,17,17,17,17,17,17,42,42,91,91,110,128,128,128],"floor_reached":51,"playtime":4222,"items_purged":["Strike_R","Strike_R","Corruption"],"score":952,"play_id":"23026593-ecee-4988-b961-7993f2f43ec2","local_time":"20180706204106","is_ascension_mode":true,"campfire_choices":[{"data":"Metallicize","floor":6,"key":"SMITH"},{"data":"Searing Blow","floor":10,"key":"SMITH"},{"data":"Armaments","floor":15,"key":"SMITH"},{"data":"Demon Form","floor":23,"key":"SMITH"},{"data":"Searing Blow+1","floor":25,"key":"SMITH"},{"floor":32,"key":"REST"},{"data":"Searing Blow+2","floor":40,"key":"SMITH"},{"data":"Searing Blow+3","floor":42,"key":"SMITH"},{"data":"Searing Blow+4","floor":44,"key":"SMITH"},{"data":"Searing Blow+5","floor":46,"key":"SMITH"},{"floor":49,"key":"REST"}],"neow_cost":"NO_GOLD","seed_source_timestamp":2059975499921185,"circlet_count":0,"master_deck":["Bash","Sword Boomerang","Metallicize+1","Searing Blow+6","Battle Trance","Thunderclap","Armaments+1","Demon Form+1","Metallicize+1","Metallicize+1","Whirlwind","Carnage","Searing Blow","Rupture","Iron Wave"],"relics":["Burning Blood","Torii","Kunai","Ornamental Fan","Velvet Choker","DollysMirror","Paper Frog","Singing Bowl","Pandora\u0027s Box","Ginger","Potion Belt","Happy Flower"],"potions_floor_usage":[8,11,13,21,33,47,48,48,50],"damage_taken":[{"damage":1,"enemies":"2 Louse","floor":1,"turns":3},{"damage":7,"enemies":"Jaw Worm","floor":3,"turns":3},{"damage":1,"enemies":"Small Slimes","floor":5,"turns":3},{"damage":13,"enemies":"3 Sentries","floor":7,"turns":15},{"damage":20,"enemies":"Exordium Thugs","floor":8,"turns":6},{"damage":29,"enemies":"Lagavulin","floor":11,"turns":6},{"damage":1,"enemies":"Looter","floor":13,"turns":2},{"damage":26,"enemies":"Hexaghost","floor":16,"turns":11},{"damage":21,"enemies":"Shell Parasite","floor":18,"turns":7},{"damage":36,"enemies":"2 Thieves","floor":20,"turns":5},{"damage":3,"enemies":"Sentry and Sphere","floor":21,"turns":10},{"damage":1,"enemies":"Snecko","floor":22,"turns":4},{"damage":20,"enemies":"Centurion and Healer","floor":27,"turns":5},{"damage":15,"enemies":"Champ","floor":33,"turns":8},{"damage":26,"enemies":"3 Darklings","floor":35,"turns":5},{"damage":14,"enemies":"Orb Walker","floor":37,"turns":4},{"damage":4,"floor":39,"turns":5},{"damage":29,"enemies":"Sphere and 2 Shapes","floor":47,"turns":5},{"damage":33,"enemies":"3 Darklings","floor":48,"turns":3},{"damage":28,"enemies":"Donu and Deca","floor":50,"turns":6}],"seed_played":"-4022525147710474326","potions_obtained":[{"floor":5,"key":"Regen Potion"},{"floor":7,"key":"Strength Potion"},{"floor":11,"key":"Weak Potion"},{"floor":16,"key":"SteroidPotion"},{"floor":20,"key":"EssenceOfSteel"},{"floor":22,"key":"PowerPotion"},{"floor":33,"key":"SkillPotion"},{"floor":37,"key":"Strength Potion"},{"floor":47,"key":"Ancient Potion"}],"is_trial":false,"path_per_floor":["M","?","M","?","M","R","E","M","T","R","E","?","M","$","R","B",null,"M","$","M","M","M","R","?","R","T","M","?","$","?","$","R","B",null,"M","$","M","$","?","R","?","R","T","R","T","R","M","M","R","B"],"character_chosen":"IRONCLAD","items_purchased":["Armaments","DollysMirror","Singing Bowl"],"campfire_rested":2,"item_purchase_floors":[14,19,31],"current_hp_per_floor":[80,69,68,68,73,73,66,67,67,67,44,44,49,49,49,29,80,65,65,35,38,43,43,43,43,43,29,29,29,29,29,53,46,82,64,64,58,58,62,62,64,64,64,64,64,64,43,18,46,24],"gold":128,"neow_bonus":"ONE_RARE_RELIC","is_prod":false,"is_daily":false,"chose_seed":false,"campfire_upgraded":9,"win_rate":0,"timestamp":1530927666,"path_taken":["M","?","M","?","?","R","E","M","T","R","E","?","M","$","R","BOSS","M","?","M","M","?","R","?","R","T","M","?","$","?","?","R","BOSS","M","$","M","$","?","R","?","R","T","R","?","R","M","M","R","BOSS"],"build_version":"2018-07-05","purchased_purges":3,"victory":true,"max_hp_per_floor":[80,80,80,80,80,80,80,80,80,80,80,80,80,80,80,80,80,80,80,80,80,80,80,80,80,80,80,80,80,80,80,80,82,82,84,84,86,86,88,88,90,90,90,90,90,90,92,94,94,94],"card_choices":[{"not_picked":["Whirlwind","Disarm"],"picked":"Sword Boomerang","floor":1},{"not_picked":["Pommel Strike","Shrug It Off","Warcry"],"picked":"SKIP","floor":3},{"not_picked":["Sentinel","Combust"],"picked":"Metallicize","floor":5},{"not_picked":["Dropkick","Clothesline","Blood for Blood"],"picked":"SKIP","floor":7},{"not_picked":["Sever Soul","Pommel Strike"],"picked":"Searing Blow","floor":8},{"not_picked":["Dark Embrace","Bludgeon"],"picked":"Battle Trance","floor":11},{"not_picked":["Entrench","Havoc"],"picked":"Thunderclap","floor":13},{"not_picked":["Dark Embrace","Feed"],"picked":"Demon Form","floor":16},{"not_picked":["Havoc","True Grit+1","Perfected Strike"],"picked":"SKIP","floor":18},{"not_picked":["Rampage","Sever Soul","Perfected Strike+1"],"picked":"SKIP","floor":20},{"not_picked":["Clothesline","Shockwave","Heavy Blade"],"picked":"SKIP","floor":21},{"not_picked":["Flame Barrier","Sever Soul+1"],"picked":"Metallicize+1","floor":22},{"not_picked":["Anger+1","Second Wind+1","Twin Strike"],"picked":"SKIP","floor":27},{"not_picked":["Impervious","Berserk","Feed"],"picked":"Singing Bowl","floor":33},{"not_picked":["Reckless Charge+1","Sword Boomerang+1","Thunderclap+1"],"picked":"Singing Bowl","floor":35},{"not_picked":["Headbutt+1","Twin Strike","Havoc"],"picked":"Singing Bowl","floor":37},{"not_picked":["Wild Strike+1","Sword Boomerang","Berserk"],"picked":"Singing Bowl","floor":39},{"not_picked":["Secret Weapon","Finesse","Flash of Steel"],"picked":"Singing Bowl","floor":41},{"not_picked":["Dual Wield","True Grit+1","Burning Pact"],"picked":"Singing Bowl","floor":47},{"not_picked":["Cleave+1","True Grit+1","Havoc+1"],"picked":"Singing Bowl","floor":48}],"player_experience":256956,"relics_obtained":[{"floor":9,"key":"Kunai"},{"floor":11,"key":"Ornamental Fan"},{"floor":26,"key":"Paper Frog"},{"floor":39,"key":"Ginger"},{"floor":43,"key":"Potion Belt"},{"floor":45,"key":"Happy Flower"}],"event_choices":[{"event_name":"World of Goop","player_choice":"Gather Gold","floor":2,"damage_taken":0},{"event_name":"Purifier","player_choice":"One Purge","floor":4,"damage_taken":0},{"event_name":"Golden Shrine","player_choice":"Pray","floor":12,"damage_taken":0},{"event_name":"Beggar","player_choice":"Ignored","floor":24,"damage_taken":0},{"event_name":"Addict","player_choice":"Ignored","floor":28,"damage_taken":0},{"event_name":"Nest","player_choice":"Stole From Cult","floor":30,"damage_taken":0},{"event_name":"MindBloom","player_choice":"Fight","floor":39,"damage_taken":0},{"event_name":"SensoryStone","player_choice":"Memory 1","floor":41,"damage_taken":0}],"boss_relics":[{"not_picked":["Calling Bell","Lizard Tail"],"picked":"Velvet Choker"},{"not_picked":["Orrery","Philosopher\u0027s Stone"],"picked":"Pandora\u0027s Box"}],"items_purged_floors":[14,19,36],"is_endless":false,"potions_floor_spawned":[5,7,11,16,20,22,33,37,47],"ascension_level":3}