{"gold_per_floor":[109,109,128,128,3,3,18,18,18,18,30,47,47,82,82,203,203,227,177,192,207,64,64,64,77,77,77,100,100,118,118,118,237,237,261,286,286,299,399,399,399],"floor_reached":41,"playtime":3550,"items_purged":["Strike_B"],"score":452,"play_id":"de9ed03e-3809-4948-a48c-b19546a1e37c","local_time":"20180720195025","is_ascension_mode":true,"campfire_choices":[{"floor":6.0,"key":"REST"},{"data":"Redo","floor":8.0,"key":"SMITH"},{"data":"Redo","floor":10.0,"key":"SMITH"},{"data":"Skim","floor":15.0,"key":"SMITH"},{"floor":23.0,"key":"REST"},{"floor":27.0,"key":"REST"},{"floor":29.0,"key":"REST"},{"data":"Rainbow","floor":32.0,"key":"SMITH"},{"floor":40,"key":"REST"}],"neow_cost":"NONE","seed_source_timestamp":0,"circlet_count":0,"master_deck":["Defend_B","Defend_B","Defend_B","Defend_B+1","Zap","Dualcast+1","Consume+1","Ball Lightning+1","Undo+1","Skim+1","Redo+1","Redo+1","Core Surge","Rainbow+1","Creative AI","Self Repair","Redo"],"special_seed":0,"relics":["Oddly Smooth Stone","Pantograph","Golden Idol","Question Card","Black Star","Blood Vial","Nloth\u0027s Gift","Torii","Nuclear Battery"],"potions_floor_usage":[38],"damage_taken":[{"damage":0.0,"enemies":"Small Slimes","floor":1.0,"turns":3.0},{"damage":0.0,"enemies":"2 Louse","floor":3.0,"turns":2.0},{"damage":0.0,"enemies":"Cultist","floor":7.0,"turns":3.0},{"damage":5.0,"enemies":"3 Louse","floor":11.0,"turns":3.0},{"damage":2.0,"enemies":"Looter","floor":12.0,"turns":2.0},{"damage":6.0,"enemies":"Gremlin Nob","floor":14.0,"turns":3.0},{"damage":15.0,"enemies":"The Guardian","floor":16.0,"turns":8.0},{"damage":14.0,"enemies":"3 Byrds","floor":18.0,"turns":5.0},{"damage":0.0,"enemies":"Chosen","floor":20.0,"turns":3.0},{"damage":47.0,"enemies":"Centurion and Healer","floor":21.0,"turns":8.0},{"damage":18.0,"enemies":"3 Cultists","floor":25.0,"turns":5.0},{"damage":18.0,"enemies":"Slaver and Parasite","floor":28.0,"turns":6.0},{"damage":3.0,"enemies":"Sentry and Sphere","floor":30.0,"turns":5.0},{"damage":68.0,"enemies":"Collector","floor":33.0,"turns":8.0},{"damage":43,"enemies":"3 Darklings","floor":35,"turns":8},{"damage":1,"enemies":"3 Shapes","floor":36,"turns":5},{"damage":38,"enemies":"Maw","floor":38,"turns":8},{"damage":35,"enemies":"Flame Bruiser 2 Orb","floor":41,"turns":3}],"seed_played":"-4754448356287222600","potions_obtained":[{"floor":3.0,"key":"Poison Potion"},{"floor":11.0,"key":"Weak Potion"},{"floor":12.0,"key":"PowerPotion"},{"floor":20.0,"key":"Regen Potion"},{"floor":21.0,"key":"LiquidBronze"},{"floor":28.0,"key":"FocusPotion"},{"floor":35,"key":"Block Potion"},{"floor":38,"key":"SteroidPotion"}],"is_trial":false,"path_per_floor":["M","?","M","?","$","R","M","R","T","R","M","M","?","E","R","B",null,"M","?","M","M","$","R","?","M","T","R","M","R","M","?","R","B",null,"M","M","?","M","?","R"],"character_chosen":"DEFECT","items_purchased":["Redo","Blood Vial"],"campfire_rested":5,"item_purchase_floors":[5,22],"current_hp_per_floor":[75,60,60,48,48,70,70,70,70,70,65,63,45,39,39,49,75,61,61,61,29,29,51,51,35,35,57,41,63,62,62,62,7,75,32,40,40,11,11,33,0],"gold":399,"neow_bonus":"BOSS_RELIC","is_prod":false,"is_daily":false,"chose_seed":false,"campfire_upgraded":4,"win_rate":0,"timestamp":1532134225,"path_taken":["M","?","M","?","$","R","M","R","T","R","M","M","?","E","R","BOSS","M","?","M","?","$","R","?","M","T","R","M","R","M","?","R","BOSS","M","M","?","?","?","R","M"],"build_version":"2018-07-19v2","purchased_purges":1,"victory":false,"max_hp_per_floor":[75,75,75,75,75,75,75,75,75,75,75,75,75,75,75,75,75,75,75,75,75,75,75,75,75,75,75,75,75,75,75,75,75,75,75,75,75,75,75,75,75],"card_choices":[{"not_picked":["Streamline","Steam"],"picked":"Skim","floor":1.0},{"not_picked":["Steam","Turbo"],"picked":"Redo","floor":3.0},{"not_picked":["Scrape","Auto Shields","Leap"],"picked":"SKIP","floor":7.0},{"not_picked":["Go for the Eyes","Compile Driver","Gash"],"picked":"SKIP","floor":11.0},{"not_picked":["Stack","Barrage"],"picked":"Core Surge","floor":12.0},{"not_picked":["Fusion","Stack","Steam"],"picked":"SKIP","floor":14.0},{"not_picked":["Meteor Strike","Electrodynamics","Reboot"],"picked":"Rainbow","floor":16.0},{"not_picked":["Gash+1","Sunder+1","Go for the Eyes","Sweeping Beam"],"picked":"SKIP","floor":18.0},{"not_picked":["Compile Driver+1","Heatsinks","Cold Snap","Fusion"],"picked":"SKIP","floor":20.0},{"not_picked":["Cold Snap","Redo","Scrape+1","Compile Driver"],"picked":"SKIP","floor":21.0},{"not_picked":["Coolheaded","Turbo+1","Seek","Conserve Battery"],"picked":"SKIP","floor":25.0},{"not_picked":["Turbo","Consume","Sweeping Beam","Leap"],"picked":"SKIP","floor":28.0},{"not_picked":["Go for the Eyes","Ball Lightning","Lockon","Blizzard+1"],"picked":"SKIP","floor":30.0},{"not_picked":["Amplify","Fission","Machine Learning"],"picked":"Creative AI","floor":33.0},{"not_picked":["Reinforced Body+1","Leap+1","Thunder Strike"],"picked":"Self Repair","floor":35},{"not_picked":["Steam Power","Sweeping Beam","Steam"],"picked":"Redo","floor":36},{"not_picked":["Double Energy+1","Gash","Chaos","Force Field+1"],"picked":"SKIP","floor":38}],"player_experience":298854,"relics_obtained":[{"floor":9.0,"key":"Pantograph"},{"floor":14.0,"key":"Question Card"},{"floor":26.0,"key":"Torii"}],"event_choices":[{"event_name":"Shining Light","player_choice":"Entered Light","floor":2.0,"damage_taken":0.0},{"event_name":"Scrap Ooze","player_choice":"success","floor":4.0,"damage_taken":12.0},{"event_name":"Golden Idol","player_choice":"Take Damage","floor":13.0,"damage_taken":0.0},{"event_name":"The Joust","player_choice":"Bet on Murderer","floor":19.0,"damage_taken":0.0},{"event_name":"N\u0027loth","player_choice":"Traded a Astrolabe","floor":24.0,"damage_taken":0.0},{"event_name":"Drug Dealer","player_choice":"Ignored","floor":31.0,"damage_taken":0.0},{"event_name":"Tomb of Lord Red Mask","player_choice":"Ignored","floor":37,"damage_taken":0},{"event_name":"Golden Shrine","player_choice":"Pray","floor":39,"damage_taken":0}],"is_beta":false,"boss_relics":[{"not_picked":["Lizard Tail","Empty Cage"],"picked":"Black Star"},{"not_picked":["Busted Crown","Velvet Choker"],"picked":"Nuclear Battery"}],"items_purged_floors":[5],"is_endless":false,"potions_floor_spawned":[3,11,12,20,21,28,35,38],"killed_by":"Flame Bruiser 2 Orb","ascension_level":3}