{"gold_per_floor":[113,123,123,141,190,190,190,210,210,230,230,262,54,64,64,161,161,171,96,96,96,113,113,127,52,52,78,78,97,20,20,20,20],"floor_reached":33,"playtime":1967,"items_purged":["Strike_R"],"score":419,"play_id":"1da7fdc7-d9ad-44f4-8528-72bd3a4adc6d","local_time":"20180712190421","is_ascension_mode":true,"campfire_choices":[{"data":"Bash","floor":6,"key":"SMITH"},{"data":"Anger","floor":11,"key":"SMITH"},{"floor":15,"key":"REST"},{"data":"Panache","floor":23,"key":"SMITH"},{"data":"Reaper","floor":28,"key":"SMITH"},{"floor":32,"key":"REST"}],"neow_cost":"FIFTY_PERCENT_DAMAGE","seed_source_timestamp":84103621926128,"circlet_count":0,"master_deck":["Defend_R+1","Defend_R","Defend_R","Defend_R","Bash+1","Feel No Pain","Thunderclap+1","Headbutt","Anger+1","Panache+1","Fire Breathing","Reaper+1","Anger+1","Anger+1","Fiend Fire","Metallicize","J.A.X.","Bite","Bite","Bite","Bite","Bite"],"relics":["Burning Blood","Torii","FaceOfCleric","Ancient Tea Set","Bag of Marbles","Anchor","Lizard Tail","Pantograph","Du-Vu Doll"],"potions_floor_usage":[12,12,16,22,22,22,22,29],"damage_taken":[{"damage":8,"enemies":"2 Louse","floor":1,"turns":2},{"damage":6,"enemies":"Cultist","floor":2,"turns":3},{"damage":8,"enemies":"Jaw Worm","floor":4,"turns":4},{"damage":1,"enemies":"3 Louse","floor":8,"turns":2},{"damage":3,"enemies":"Gremlin Gang","floor":10,"turns":4},{"damage":26,"enemies":"Lagavulin","floor":12,"turns":6},{"damage":0,"enemies":"Red Slaver","floor":14,"turns":2},{"damage":0,"enemies":"Slime Boss","floor":16,"turns":7},{"damage":27,"enemies":"Chosen","floor":18,"turns":6},{"damage":23,"enemies":"2 Thieves","floor":22,"turns":4},{"damage":43,"enemies":"3 Cultists","floor":24,"turns":5},{"damage":55,"enemies":"Gremlin Leader","floor":27,"turns":8},{"damage":35,"enemies":"Snake Plant","floor":29,"turns":5},{"damage":102,"enemies":"Automaton","floor":33,"turns":6}],"seed_played":"-5845221913950456783","potions_obtained":[{"floor":1,"key":"SpeedPotion"},{"floor":4,"key":"Energy Potion"},{"floor":14,"key":"Energy Potion"},{"floor":18,"key":"EntropicBrew"},{"floor":27,"key":"EssenceOfSteel"}],"is_trial":false,"path_per_floor":["M","M","?","M","T","R","?","M","T","M","R","E","$","M","R","B",null,"M","?","?","?","M","R","M","$","T","E","R","M","?","?","R"],"character_chosen":"IRONCLAD","items_purchased":["Panache"],"campfire_rested":2,"item_purchase_floors":[13],"current_hp_per_floor":[38,38,38,37,37,37,21,27,27,31,31,12,12,19,44,51,77,63,63,46,46,51,51,27,27,27,54,54,28,28,28,48,0],"gold":20,"neow_bonus":"ONE_RARE_RELIC","is_prod":false,"is_daily":false,"chose_seed":false,"campfire_upgraded":4,"win_rate":0,"timestamp":1531440261,"path_taken":["M","M","?","?","?","R","?","M","T","?","R","E","$","M","R","BOSS","M","?","?","?","?","R","M","$","T","E","R","M","?","?","R","BOSS"],"build_version":"2018-07-05","purchased_purges":1,"victory":false,"max_hp_per_floor":[80,80,80,81,81,81,81,82,82,83,83,84,84,85,85,86,86,87,87,92,92,93,93,94,94,94,95,95,96,96,67,67,67],"card_choices":[{"not_picked":["Rupture","Intimidate"],"picked":"Feel No Pain","floor":1},{"not_picked":["Clothesline","Blood for Blood"],"picked":"Thunderclap","floor":2},{"not_picked":["Sword Boomerang","Corruption"],"picked":"Headbutt","floor":4},{"not_picked":["Warcry","Perfected Strike","Entrench"],"picked":"SKIP","floor":8},{"not_picked":["Entrench","Bloodletting"],"picked":"Anger","floor":10},{"not_picked":["Flex","Wild Strike","Warcry"],"picked":"SKIP","floor":12},{"not_picked":["Heavy Blade","True Grit"],"picked":"Fire Breathing","floor":14},{"not_picked":["Juggernaut","Double Tap"],"picked":"Reaper","floor":16},{"not_picked":["Clothesline","Flex+1"],"picked":"Anger+1","floor":18},{"not_picked":["Shrug It Off","Headbutt","Intimidate"],"picked":"SKIP","floor":22},{"not_picked":["Flex","Spot Weakness"],"picked":"Anger+1","floor":24},{"not_picked":["Heavy Blade","Armaments"],"picked":"Fiend Fire","floor":27},{"not_picked":["Shrug It Off","Twin Strike+1"],"picked":"Metallicize","floor":29}],"player_experience":285227,"relics_obtained":[{"floor":5,"key":"Ancient Tea Set"},{"floor":9,"key":"Bag of Marbles"},{"floor":12,"key":"Anchor"},{"floor":26,"key":"Pantograph"},{"floor":27,"key":"Du-Vu Doll"}],"event_choices":[{"event_name":"FaceTrader","player_choice":"Trade","floor":3,"damage_taken":0},{"event_name":"Shining Light","player_choice":"Entered Light","floor":7,"damage_taken":0},{"event_name":"Beggar","player_choice":"Gave Gold","floor":19,"damage_taken":0},{"event_name":"Forgotten Altar","player_choice":"Shed Blood","floor":20,"damage_taken":0},{"event_name":"Accursed Blacksmith","player_choice":"Ignore","floor":21,"damage_taken":0},{"event_name":"Drug Dealer","player_choice":"Got JAXXED","floor":30,"damage_taken":0},{"event_name":"Vampires","player_choice":"Became a vampire","floor":31,"damage_taken":0}],"boss_relics":[{"not_picked":["Snecko Eye","Philosopher\u0027s Stone"],"picked":"Lizard Tail"}],"items_purged_floors":[25],"is_endless":false,"potions_floor_spawned":[1,4,14,18,27],"killed_by":"Automaton","ascension_level":5}