{"gold_per_floor":[119,130,145,145,95,123,40,40,89,119,138,158,158,188,188,291,291,311,80,128,144,156,156,185,185,210,63,63,81,113,113,113,113],"floor_reached":33,"playtime":3754,"items_purged":["Strike_B"],"score":435,"play_id":"c22b8c52-2cac-451b-ab31-e87f9ae77e0d","local_time":"20190215202405","is_ascension_mode":true,"campfire_choices":[{"floor":15.0,"key":"REST"},{"data":"Creative AI","floor":23,"key":"SMITH"},{"floor":25,"key":"REST"},{"data":"Sunder","floor":28,"key":"SMITH"},{"floor":32,"key":"REST"}],"neow_cost":"NONE","seed_source_timestamp":0,"circlet_count":0,"master_deck":["Strike_B","Strike_B","Defend_B","Defend_B","Defend_B","Defend_B","Zap","Dualcast+1","Undo","Reprogram+1","Sunder+1","Rip and Tear","Echo Form","Rebound","Streamline","Creative AI+1","Redo","BootSequence+1","Reprogram","Conserve Battery+1","Creative AI"],"special_seed":0,"relics":["Nuclear Battery","Bag of Preparation","Torii","PreservedInsect","Centennial Puzzle","War Paint","Runic Pyramid","Orichalcum","Bronze Scales","Lantern","Boot","Blood Vial","Ice Cream"],"potions_floor_usage":[24,33,33,33],"damage_taken":[{"damage":1.0,"enemies":"2 Louse","floor":1.0,"turns":3.0},{"damage":0.0,"enemies":"Small Slimes","floor":2.0,"turns":4.0},{"damage":2.0,"enemies":"Jaw Worm","floor":3.0,"turns":4.0},{"damage":28.0,"enemies":"Lagavulin","floor":6.0,"turns":6.0},{"damage":1.0,"enemies":"Gremlin Nob","floor":10.0,"turns":3.0},{"damage":7.0,"enemies":"Large Slime","floor":11.0,"turns":4.0},{"damage":7.0,"enemies":"Lots of Slimes","floor":12.0,"turns":3.0},{"damage":0.0,"enemies":"Lagavulin","floor":14.0,"turns":4.0},{"damage":0.0,"enemies":"Slime Boss","floor":16.0,"turns":9.0},{"damage":7,"enemies":"Chosen","floor":18,"turns":3},{"damage":8,"enemies":"3 Byrds","floor":21,"turns":3},{"damage":26,"enemies":"Snake Plant","floor":22,"turns":4},{"damage":19,"enemies":"Gremlin Leader","floor":24,"turns":4},{"damage":0,"enemies":"3 Cultists","floor":29,"turns":4},{"damage":19,"enemies":"Slavers","floor":30,"turns":3},{"damage":56,"enemies":"Automaton","floor":33,"turns":8}],"seed_played":"-3038897951956281001","potions_obtained":[{"floor":1.0,"key":"LiquidBronze"},{"floor":3.0,"key":"FocusPotion"},{"floor":6.0,"key":"Weak Potion"},{"floor":12.0,"key":"Swift Potion"},{"floor":16.0,"key":"Dexterity Potion"},{"floor":22,"key":"Poison Potion"},{"floor":24,"key":"Swift Potion"},{"floor":29,"key":"PowerPotion"}],"is_trial":false,"path_per_floor":["M","M","M","?","?","E","$","?","T","E","M","M","?","E","R","B",null,"M","$","T","M","M","R","E","R","T","$","R","M","E","?","R","B"],"character_chosen":"DEFECT","items_purchased":["Impatience","Orichalcum","Blood Vial"],"campfire_rested":3,"item_purchase_floors":[7,19,27],"current_hp_per_floor":[74,74,72,72,72,44,44,37,37,36,29,22,22,22,44,44,75,68,68,68,60,34,34,15,37,37,37,37,39,22,22,44,0],"gold":113,"neow_bonus":"BOSS_RELIC","is_prod":false,"is_daily":false,"chose_seed":false,"campfire_upgraded":2,"win_rate":0,"timestamp":1550283845,"path_taken":["M","M","M","?","?","E","$","?","T","E","?","M","?","E","R","BOSS","M","$","?","M","M","R","E","R","T","$","R","M","E","?","R","BOSS"],"build_version":"2019-01-23","purchased_purges":1,"victory":false,"max_hp_per_floor":[75,75,75,75,75,75,75,75,75,75,75,75,75,75,75,75,75,75,75,75,75,75,75,75,75,75,75,75,75,75,75,75,75],"card_choices":[{"not_picked":["Lockon","Cold Snap"],"picked":"Undo","floor":1.0},{"not_picked":["Tempest","Chaos"],"picked":"Reprogram","floor":2.0},{"not_picked":["Loop","Chaos"],"picked":"Sunder","floor":3.0},{"not_picked":["Coolheaded","All For One"],"picked":"Rip and Tear","floor":6.0},{"not_picked":["Conserve Battery","Hologram"],"picked":"Echo Form","floor":10.0},{"not_picked":["Steam","Leap"],"picked":"Rebound","floor":11.0},{"not_picked":["Rebound","Barrage"],"picked":"Streamline","floor":12.0},{"not_picked":["Tempest","Barrage","Hello World"],"picked":"SKIP","floor":14.0},{"not_picked":["Amplify","Fission"],"picked":"Creative AI","floor":16.0},{"not_picked":["Coolheaded","Beam Cell"],"picked":"Redo","floor":18},{"not_picked":["Gash","Streamline","Stack+1"],"picked":"SKIP","floor":21},{"not_picked":["Genetic Algorithm","Steam"],"picked":"BootSequence+1","floor":22},{"not_picked":["Hologram+1","Gash+1"],"picked":"Reprogram","floor":24},{"not_picked":["Hologram","Barrage"],"picked":"Conserve Battery+1","floor":29},{"not_picked":["Reinforced Body","Sweeping Beam+1"],"picked":"Creative AI","floor":30}],"player_experience":482323,"relics_obtained":[{"floor":6.0,"key":"Torii"},{"floor":9.0,"key":"PreservedInsect"},{"floor":10.0,"key":"Centennial Puzzle"},{"floor":14.0,"key":"War Paint"},{"floor":20,"key":"Bronze Scales"},{"floor":24,"key":"Lantern"},{"floor":26,"key":"Boot"},{"floor":30,"key":"Ice Cream"}],"event_choices":[{"damage_healed":0.0,"max_hp_gain":0.0,"max_hp_loss":0.0,"gold_gain":0.0,"event_name":"Big Fish","player_choice":"Box","floor":4.0,"gold_loss":0.0,"damage_taken":0.0,"relics_obtained":["Bag of Preparation"],"cards_obtained":["Regret"]},{"cards_removed":["Regret"],"damage_healed":0.0,"max_hp_gain":0.0,"max_hp_loss":0.0,"gold_gain":0.0,"event_name":"The Cleric","player_choice":"Card Removal","floor":5.0,"gold_loss":50.0,"damage_taken":0.0},{"cards_removed":["Strike_B"],"damage_healed":0.0,"max_hp_gain":0.0,"max_hp_loss":0.0,"gold_gain":0.0,"event_name":"Golden Wing","player_choice":"Card Removal","floor":8.0,"gold_loss":0.0,"damage_taken":7.0},{"cards_removed":["Impatience"],"damage_healed":0.0,"max_hp_gain":0.0,"max_hp_loss":0.0,"gold_gain":0.0,"event_name":"Purifier","player_choice":"Purged","floor":13.0,"gold_loss":0.0,"damage_taken":0.0},{"damage_healed":0,"gold_gain":0,"player_choice":"Ignored","damage_taken":0,"max_hp_gain":0,"max_hp_loss":0,"event_name":"Cursed Tome","floor":31,"gold_loss":0}],"is_beta":false,"boss_relics":[{"not_picked":["Coffee Dripper","Cursed Key"],"picked":"Runic Pyramid"}],"items_purged_floors":[19],"is_endless":false,"potions_floor_spawned":[1,3,6,12,16,22,24,29,30],"killed_by":"Automaton","ascension_level":3}