{"gold_per_floor":[109,109,124,42,54,54,54,54,54,54,86,86,420,432,432,432],"floor_reached":16,"playtime":226,"items_purged":[],"score":108,"play_id":"563ae7ef-71cc-4bdf-8ad2-9e3cb1622b51","local_time":"20190208235329","is_ascension_mode":false,"campfire_choices":[{"data":"Dual Wield","floor":8,"key":"SMITH"},{"data":"Bash","floor":10,"key":"SMITH"},{"floor":15,"key":"REST"}],"neow_cost":"NONE","seed_source_timestamp":17905203761738,"circlet_count":0,"master_deck":["Strike_R+1","Strike_R+1","Strike_R","Strike_R","Strike_R","Defend_R","Defend_R","Defend_R","Bash+1","Dual Wield+1"],"relics":["Burning Blood","Mummified Hand","Dodecahedron","Old Coin"],"potions_floor_usage":[13,13],"damage_taken":[{"damage":4,"enemies":"Jaw Worm","floor":1,"turns":5},{"damage":3,"enemies":"Small Slimes","floor":3,"turns":3},{"damage":0,"enemies":"2 Louse","floor":5,"turns":3},{"damage":27,"enemies":"Gremlin Nob","floor":11,"turns":4},{"damage":29,"enemies":"Lagavulin","floor":13,"turns":4},{"damage":15,"enemies":"2 Fungi Beasts","floor":14,"turns":3},{"damage":0,"enemies":"Slime Boss","floor":16,"turns":1}],"seed_played":"-6814203166445728186","potions_obtained":[{"floor":3,"key":"Fire Potion"},{"floor":5,"key":"EssenceOfSteel"},{"floor":13,"key":"PowerPotion"}],"is_trial":false,"path_per_floor":["M","?","M","$","M","?","$","R","T","R","E","?","E","M","R","B"],"character_chosen":"IRONCLAD","items_purchased":["Dual Wield"],"campfire_rested":1,"item_purchase_floors":[4],"current_hp_per_floor":[80,85,85,85,85,68,68,68,68,68,47,47,24,15,40,40],"gold":432,"neow_bonus":"REMOVE_CARD","is_prod":false,"is_daily":false,"chose_seed":false,"campfire_upgraded":2,"win_rate":0,"timestamp":1549680809,"path_taken":["M","?","M","$","M","?","$","R","T","R","E","?","E","M","R","BOSS"],"build_version":"2018-11-15","purchased_purges":0,"victory":false,"max_hp_per_floor":[80,85,85,85,85,85,85,85,85,85,85,85,85,85,85,85],"card_choices":[{"not_picked":["Havoc","Twin Strike","Heavy Blade"],"picked":"SKIP","floor":1},{"not_picked":["Perfected Strike","Headbutt","Warcry"],"picked":"SKIP","floor":3},{"not_picked":["Flex","Iron Wave","Shrug It Off"],"picked":"SKIP","floor":5},{"not_picked":["Hemokinesis","Iron Wave","Headbutt"],"picked":"SKIP","floor":11},{"not_picked":["Spot Weakness","Clothesline","Sword Boomerang"],"picked":"SKIP","floor":13},{"not_picked":["Disarm","Wild Strike","Pommel Strike"],"picked":"SKIP","floor":14}],"player_experience":119488,"relics_obtained":[{"floor":9,"key":"Mummified Hand"},{"floor":11,"key":"Dodecahedron"},{"floor":13,"key":"Old Coin"}],"event_choices":[{"damage_healed":0,"gold_gain":0,"player_choice":"Donut","damage_taken":0,"max_hp_gain":5,"max_hp_loss":0,"event_name":"Big Fish","floor":2,"gold_loss":0},{"damage_healed":0,"gold_gain":0,"player_choice":"Entered Light","damage_taken":17,"max_hp_gain":0,"max_hp_loss":0,"event_name":"Shining Light","floor":6,"gold_loss":0,"cards_upgraded":["Strike_R","Strike_R"]},{"damage_healed":0,"gold_gain":0,"player_choice":"Ignored","damage_taken":0,"max_hp_gain":0,"max_hp_loss":0,"event_name":"Liars Game","floor":12,"gold_loss":0}],"is_beta":false,"boss_relics":[],"items_purged_floors":[],"is_endless":false,"potions_floor_spawned":[3,5,13],"killed_by":"Slime Boss","ascension_level":0}