{"gold_per_floor":[119,134,134,64,74,74,93,93,93,93,268,280,70,85,85,185,185,205,256,256,270,39,39,39,59,85,62,96,109,126,0,0,99,99,119,119,19,36,47,47,47,47,92,44,63,79,94,94],"floor_reached":48,"playtime":2540,"items_purged":["Decay","Decay"],"score":644,"play_id":"c96bb86f-0910-42e7-aeb0-e0b1935d5d2a","local_time":"20180714235357","is_ascension_mode":false,"campfire_choices":[{"data":"Double Tap","floor":6.0,"key":"SMITH"},{"data":"Flex","floor":8.0,"key":"SMITH"},{"data":"Spot Weakness","floor":10.0,"key":"SMITH"},{"floor":15.0,"key":"REST"},{"floor":23.0,"key":"REST"},{"floor":32.0,"key":"REST"},{"floor":40.0,"key":"REST"},{"floor":42.0,"key":"REST"}],"neow_cost":"NONE","seed_source_timestamp":628421800218431,"circlet_count":0,"master_deck":["Strike_R+1","Strike_R","Strike_R","Strike_R","Strike_R","Defend_R","Defend_R","Defend_R","Defend_R","Bash","Double Tap+1","Thunderclap","Flex+1","Reaper","Spot Weakness+1","Shrug It Off","Doubt","Dropkick","Corruption","Clash+1","Bludgeon","Clash","Fire Breathing+1","Sword Boomerang","Uppercut+1","Clash","Reaper","Sword Boomerang","Carnage+1","Feel No Pain+1","Impervious","Twin Strike+1","Apotheosis","Armaments+1","Sever Soul+1","Whirlwind","Decay","Double Tap"],"special_seed":0,"relics":["Burning Blood","Ginger","Pen Nib","Cursed Key","Dream Catcher","Lantern","Ancient Tea Set","Mango","Runic Cube","Sundial","Whetstone"],"potions_floor_usage":[45,47,47,48],"damage_taken":[{"damage":6.0,"enemies":"Cultist","floor":1.0,"turns":3.0},{"damage":0.0,"enemies":"Small Slimes","floor":2.0,"turns":2.0},{"damage":11.0,"enemies":"Jaw Worm","floor":5.0,"turns":2.0},{"damage":21.0,"enemies":"2 Fungi Beasts","floor":7.0,"turns":3.0},{"damage":0.0,"enemies":"3 Louse","floor":12.0,"turns":2.0},{"damage":13.0,"enemies":"Red Slaver","floor":14.0,"turns":2.0},{"damage":54.0,"enemies":"Hexaghost","floor":16.0,"turns":7.0},{"damage":24.0,"enemies":"Shell Parasite","floor":18.0,"turns":4.0},{"damage":4.0,"enemies":"Chosen","floor":21.0,"turns":3.0},{"damage":0.0,"enemies":"Centurion and Healer","floor":25.0,"turns":3.0},{"damage":45.0,"enemies":"Book of Stabbing","floor":28.0,"turns":5.0},{"damage":21.0,"enemies":"Snake Plant","floor":29.0,"turns":3.0},{"damage":51.0,"enemies":"Sentry and Sphere","floor":30.0,"turns":6.0},{"damage":50.0,"enemies":"Collector","floor":33.0,"turns":5.0},{"damage":20.0,"enemies":"3 Darklings","floor":35.0,"turns":6.0},{"damage":15.0,"enemies":"Orb Walker","floor":38.0,"turns":2.0},{"damage":62.0,"enemies":"4 Shapes","floor":39.0,"turns":5.0},{"damage":39.0,"floor":41.0,"turns":5.0},{"damage":58,"enemies":"Flame Bruiser 2 Orb","floor":45,"turns":4},{"damage":44,"enemies":"Maw","floor":46,"turns":7},{"damage":3,"enemies":"Transient","floor":47,"turns":5},{"damage":15,"enemies":"Spire Growth","floor":48,"turns":3}],"seed_played":"378140542553658307","potions_obtained":[{"floor":2.0,"key":"SpeedPotion"},{"floor":7.0,"key":"Swift Potion"},{"floor":12.0,"key":"Swift Potion"},{"floor":14.0,"key":"Ancient Potion"},{"floor":18.0,"key":"Poison Potion"},{"floor":30.0,"key":"EssenceOfSteel"},{"floor":33.0,"key":"Ancient Potion"},{"floor":39.0,"key":"Energy Potion"},{"floor":41.0,"key":"Block Potion"},{"floor":47,"key":"Block Potion"}],"is_trial":false,"path_per_floor":["M","M","?","$","M","R","M","R","T","R","?","M","$","M","R","B",null,"M","T","?","M","$","R","?","M","T","$","E","M","M","?","R","B",null,"M","?","$","M","M","R","?","R","T","$","M","M","M"],"character_chosen":"IRONCLAD","items_purchased":["Reaper","Pen Nib","Corruption","Lantern","Clash","Strength Potion"],"campfire_rested":5,"item_purchase_floors":[4,13,13,22,27,44],"current_hp_per_floor":[80,80,80,80,75,75,60,60,60,60,60,66,66,59,80,44,80,62,62,47,49,49,74,74,80,80,80,79,69,24,24,53,9,99,85,85,85,76,52,81,48,77,77,77,52,14,17,2],"gold":94,"neow_bonus":"ONE_RANDOM_RARE_CARD","is_prod":false,"is_daily":false,"chose_seed":false,"campfire_upgraded":3,"win_rate":0,"timestamp":1531601637,"path_taken":["M","M","?","$","M","R","M","R","T","R","?","M","$","M","R","BOSS","M","?","?","M","$","R","?","M","T","$","E","M","?","?","R","BOSS","M","?","$","M","?","R","?","R","T","?","M","M","?","M"],"build_version":"2018-07-12","purchased_purges":2,"victory":false,"max_hp_per_floor":[80,80,80,80,80,80,80,80,80,80,80,80,80,80,80,80,80,80,80,85,85,85,85,85,85,85,85,99,99,99,99,99,99,99,99,99,99,99,99,99,99,99,99,99,99,99,99,99],"card_choices":[{"not_picked":["True Grit","Anger"],"picked":"Thunderclap","floor":1.0},{"not_picked":["Thunderclap","Perfected Strike"],"picked":"Flex","floor":2.0},{"not_picked":["Pommel Strike","Sever Soul"],"picked":"Spot Weakness","floor":5.0},{"not_picked":["Thunderclap","Heavy Blade"],"picked":"Shrug It Off","floor":7.0},{"not_picked":["Combust","Thunderclap"],"picked":"Dropkick","floor":12.0},{"not_picked":["Clothesline","Iron Wave"],"picked":"Clash","floor":14.0},{"not_picked":["Double Tap","Juggernaut"],"picked":"Bludgeon","floor":16.0},{"not_picked":["Corruption","Power Through+1"],"picked":"Clash","floor":18.0},{"not_picked":["Rupture","True Grit+1"],"picked":"Fire Breathing+1","floor":21.0},{"not_picked":["True Grit","Searing Blow"],"picked":"Sword Boomerang","floor":23.0},{"not_picked":["Cleave+1","Armaments"],"picked":"Uppercut+1","floor":25.0},{"not_picked":["True Grit","Twin Strike"],"picked":"Reaper","floor":28.0},{"not_picked":["Metallicize","Power Through"],"picked":"Sword Boomerang","floor":29.0},{"not_picked":["Clothesline","Uppercut"],"picked":"Carnage+1","floor":30.0},{"not_picked":["Pommel Strike","Dark Embrace"],"picked":"Feel No Pain+1","floor":32.0},{"not_picked":["Offering","Reaper"],"picked":"Impervious","floor":33.0},{"not_picked":["Metallicize+1","Burning Pact"],"picked":"Twin Strike+1","floor":35.0},{"not_picked":["Panacea","Jack Of All Trades"],"picked":"Apotheosis","floor":36.0},{"not_picked":["Thunderclap","Metallicize"],"picked":"Armaments+1","floor":38.0},{"not_picked":["Flex","Combust+1","Warcry+1"],"picked":"SKIP","floor":39.0},{"not_picked":["Twin Strike+1","Ghostly Armor"],"picked":"Sever Soul+1","floor":40.0},{"not_picked":["Body Slam+1","Feel No Pain+1"],"picked":"Whirlwind","floor":41.0},{"not_picked":["Clash","Perfected Strike+1"],"picked":"Double Tap","floor":45},{"not_picked":["Dropkick+1","Sword Boomerang","Anger+1"],"picked":"SKIP","floor":46},{"not_picked":["Pommel Strike","Heavy Blade","Carnage"],"picked":"SKIP","floor":47}],"player_experience":15553,"relics_obtained":[{"floor":9.0,"key":"Ginger"},{"floor":19.0,"key":"Dream Catcher"},{"floor":26.0,"key":"Ancient Tea Set"},{"floor":28.0,"key":"Mango"},{"floor":41.0,"key":"Sundial"},{"floor":43.0,"key":"Whetstone"}],"event_choices":[{"event_name":"The Cleric","player_choice":"Leave","floor":3.0,"damage_taken":0.0},{"event_name":"Liars Game","player_choice":"agreed","floor":11.0,"damage_taken":0.0},{"event_name":"Forgotten Altar","player_choice":"Shed Blood","floor":20.0,"damage_taken":0.0},{"event_name":"Drug Dealer","player_choice":"Ignored","floor":24.0,"damage_taken":0.0},{"event_name":"Masked Bandits","player_choice":"Paid Bandits 126 gold","floor":31.0,"damage_taken":0.0},{"event_name":"SensoryStone","player_choice":"Memory 1","floor":36.0,"damage_taken":0.0},{"event_name":"MindBloom","player_choice":"Fight","floor":41.0,"damage_taken":0.0}],"boss_relics":[{"not_picked":["Orrery","Black Blood"],"picked":"Cursed Key"},{"not_picked":["Astrolabe","Tiny House"],"picked":"Runic Cube"}],"items_purged_floors":[22,37],"is_endless":false,"potions_floor_spawned":[2,7,12,14,18,25,30,33,39,41,47],"killed_by":"Spire Growth","ascension_level":0}