{"gold_per_floor":[111,111,124,48,48,78,78,107,107,0,17,30,44,44],"floor_reached":14,"playtime":664,"items_purged":[],"score":110,"play_id":"05d071e9-3648-4651-831c-d98d76d78a26","local_time":"20190213144426","is_ascension_mode":true,"campfire_choices":[{"floor":7.0,"key":"REST"}],"neow_cost":"NONE","seed_source_timestamp":60267612281573,"circlet_count":0,"master_deck":["Defend_G","Defend_G","Defend_G","Defend_G","Defend_G","Strike_G","Strike_G","Strike_G","Strike_G","Survivor","Neutralize","Well Laid Plans","Choke","Footwork","Cloak And Dagger","Caltrops","Setup","Blade Dance","PiercingWail","Footwork","Blade Dance","Distraction"],"special_seed":0,"relics":["Ring of the Snake","Mummified Hand","Blue Candle","Nunchaku","Pantograph"],"potions_floor_usage":[],"damage_taken":[{"damage":0.0,"enemies":"2 Louse","floor":1.0,"turns":3.0},{"damage":3.0,"enemies":"Jaw Worm","floor":3.0,"turns":6.0},{"damage":17.0,"enemies":"Lagavulin","floor":6.0,"turns":10.0},{"damage":31.0,"enemies":"3 Sentries","floor":8.0,"turns":12.0},{"damage":4,"enemies":"Small Slimes","floor":11,"turns":4},{"damage":1,"enemies":"Looter","floor":12,"turns":3},{"damage":9,"enemies":"2 Fungi Beasts","floor":13,"turns":4},{"damage":0,"enemies":"Exordium Wildlife","floor":14,"turns":1}],"seed_played":"8034277286952852850","potions_obtained":[{"floor":1.0,"key":"Ancient Potion"},{"floor":3.0,"key":"EssenceOfSteel"}],"is_trial":false,"path_per_floor":["M","?","M","$","?","E","R","E","T","$","M","M","M","M"],"character_chosen":"THE_SILENT","items_purchased":["Footwork","Blade Dance","PiercingWail"],"campfire_rested":1,"item_purchase_floors":[4,10,10],"current_hp_per_floor":[70,45,42,42,42,25,46,15,15,15,11,10,1,1],"gold":44,"neow_bonus":"THREE_CARDS","is_prod":false,"is_daily":false,"chose_seed":false,"campfire_upgraded":0,"win_rate":0,"timestamp":1550058266,"path_taken":["M","?","M","$","?","E","R","E","T","$","M","M","M","M"],"build_version":"2019-01-23","purchased_purges":0,"victory":false,"max_hp_per_floor":[70,70,70,70,70,70,70,70,70,70,70,70,70,70],"card_choices":[{"not_picked":["Acrobatics","Dagger Spray"],"picked":"Well Laid Plans","floor":0.0},{"not_picked":["Tactician","Expertise","Backflip"],"picked":"SKIP","floor":1.0},{"not_picked":["Crippling Poison","Bane"],"picked":"Choke","floor":3.0},{"not_picked":["Expertise","Dagger Spray"],"picked":"Caltrops","floor":6.0},{"not_picked":["Deflect","Escape Plan"],"picked":"Setup","floor":8.0},{"not_picked":["Sucker Punch","Underhanded Strike"],"picked":"Footwork","floor":11},{"not_picked":["Noxious Fumes","Wraith Form v2"],"picked":"Blade Dance","floor":12},{"not_picked":["Flying Knee","Quick Slash"],"picked":"Distraction","floor":13}],"player_experience":381853,"relics_obtained":[{"floor":6.0,"key":"Blue Candle"},{"floor":8.0,"key":"Nunchaku"},{"floor":9.0,"key":"Pantograph"}],"event_choices":[{"damage_healed":0.0,"max_hp_gain":0.0,"max_hp_loss":0.0,"gold_gain":0.0,"event_name":"Scrap Ooze","player_choice":"Success","floor":2.0,"gold_loss":0.0,"damage_taken":25.0,"relics_obtained":["Mummified Hand"]},{"damage_healed":0.0,"max_hp_gain":0.0,"max_hp_loss":0.0,"gold_gain":0.0,"cards_transformed":["Strike_G"],"event_name":"Living Wall","player_choice":"Change","floor":5.0,"gold_loss":0.0,"damage_taken":0.0,"cards_obtained":["Cloak And Dagger"]}],"is_beta":false,"boss_relics":[],"items_purged_floors":[],"is_endless":false,"potions_floor_spawned":[1,3],"killed_by":"Exordium Wildlife","ascension_level":2}