{"gold_per_floor":[109,126,137,39,49,49,82,95,118,83,83,83,83,13,13,13],"floor_reached":16,"playtime":1101,"items_purged":["Strike_G"],"score":155,"play_id":"1edcc8bd-5dcc-4a96-bc64-6ff12bc9cd27","local_time":"20190213171540","is_ascension_mode":true,"campfire_choices":[{"data":"Distraction","floor":6.0,"key":"SMITH"},{"floor":11.0,"key":"REST"},{"floor":13.0,"key":"REST"},{"data":"Bullet Time","floor":15.0,"key":"SMITH"}],"neow_cost":"NONE","seed_source_timestamp":47566568797669,"circlet_count":0,"master_deck":["AscendersBane","Defend_G","Defend_G","Defend_G","Defend_G","Defend_G","Strike_G","Strike_G","Strike_G","Strike_G","Survivor+1","Neutralize","Footwork","Endless Agony","Quick Slash","Distraction+1","Noxious Fumes+1","Bullet Time+1"],"special_seed":0,"relics":["Ring of the Snake","Ancient Tea Set","Orichalcum"],"potions_floor_usage":[16],"damage_taken":[{"damage":0.0,"enemies":"Cultist","floor":1.0,"turns":4.0},{"damage":0.0,"enemies":"Small Slimes","floor":2.0,"turns":5.0},{"damage":3.0,"enemies":"Jaw Worm","floor":3.0,"turns":5.0},{"damage":14.0,"enemies":"Lots of Slimes","floor":5.0,"turns":6.0},{"damage":44.0,"enemies":"Gremlin Nob","floor":7.0,"turns":6.0},{"damage":6.0,"enemies":"Blue Slaver","floor":8.0,"turns":5.0},{"damage":59,"enemies":"Slime Boss","floor":16,"turns":9}],"seed_played":"3726806512598800108","potions_obtained":[{"floor":1.0,"key":"Weak Potion"},{"floor":3.0,"key":"FearPotion"},{"floor":7.0,"key":"SkillPotion"}],"is_trial":false,"path_per_floor":["M","M","M","$","M","R","E","M","T","?","R","?","R","$","R","B"],"character_chosen":"THE_SILENT","items_purchased":["Quick Slash","Bullet Time"],"campfire_rested":2,"item_purchase_floors":[4,14],"current_hp_per_floor":[70,70,67,67,53,53,9,3,3,22,45,30,53,53,53,0],"gold":13,"neow_bonus":"TEN_PERCENT_HP_BONUS","is_prod":false,"is_daily":false,"chose_seed":false,"campfire_upgraded":2,"win_rate":0,"timestamp":1550099740,"path_taken":["M","M","M","$","M","R","E","M","T","?","R","?","R","$","R","BOSS"],"build_version":"2019-01-23","purchased_purges":1,"victory":false,"max_hp_per_floor":[77,77,77,77,77,77,77,77,77,77,77,77,77,77,77,77],"card_choices":[{"not_picked":["PiercingWail","Finisher"],"picked":"Footwork","floor":1.0},{"not_picked":["Expertise","Acrobatics"],"picked":"Endless Agony","floor":2.0},{"not_picked":["Sucker Punch","Underhanded Strike","Bane"],"picked":"SKIP","floor":3.0},{"not_picked":["Flying Knee","Acrobatics"],"picked":"Distraction","floor":5.0},{"not_picked":["Backflip","Quick Slash"],"picked":"Noxious Fumes","floor":7.0},{"not_picked":["Poisoned Stab","Concentrate","Blade Dance"],"picked":"SKIP","floor":8.0}],"player_experience":302631,"relics_obtained":[{"floor":7.0,"key":"Ancient Tea Set"},{"floor":9.0,"key":"Orichalcum"}],"event_choices":[{"damage_healed":19.0,"max_hp_gain":0.0,"max_hp_loss":0.0,"gold_gain":0.0,"event_name":"The Cleric","player_choice":"Healed","floor":10.0,"gold_loss":35.0,"damage_taken":0.0},{"damage_healed":0.0,"max_hp_gain":0.0,"max_hp_loss":0.0,"gold_gain":0.0,"event_name":"Shining Light","player_choice":"Entered Light","floor":12.0,"gold_loss":0.0,"damage_taken":15.0,"cards_upgraded":["Noxious Fumes","Survivor"]}],"is_beta":false,"boss_relics":[],"items_purged_floors":[4],"is_endless":false,"potions_floor_spawned":[1,3,7],"killed_by":"Slime Boss","ascension_level":11}