{"gold_per_floor":[115,127,127,137,137,137,87,87,136,146,161,161,49,78,78,182,182,199,44,61,0,0,0,0,0],"floor_reached":25,"playtime":873,"items_purged":["Strike_B"],"score":199,"play_id":"e30bfad6-2496-4aef-90f4-021731fa0ed7","local_time":"20180717002420","is_ascension_mode":false,"campfire_choices":[{"data":"Dualcast","floor":6,"key":"SMITH"},{"data":"Zap","floor":8,"key":"SMITH"},{"floor":12,"key":"REST"},{"floor":15,"key":"REST"},{"floor":23,"key":"REST"}],"neow_cost":"NONE","seed_source_timestamp":805274951198780,"circlet_count":0,"master_deck":["Strike_B","Strike_B","Defend_B","Defend_B","Defend_B","Defend_B","Zap+1","Dualcast+1","Streamline+1","Ball Lightning","Sweeping Beam","Redo","Amplify","Hello World","White Noise","Turbo","Fission","Consume","Capacitor","Streamline+1"],"relics":["Cracked Core","NeowsBlessing","Omamori","Dream Catcher","Potion Belt","Calling Bell","Happy Flower","Singing Bowl","Ice Cream"],"potions_floor_usage":[10,16,20],"damage_taken":[{"damage":0,"enemies":"Jaw Worm","floor":1,"turns":1},{"damage":0,"enemies":"Small Slimes","floor":2,"turns":1},{"damage":0,"enemies":"Cultist","floor":4,"turns":1},{"damage":10,"enemies":"Large Slime","floor":10,"turns":3},{"damage":0,"enemies":"Looter","floor":11,"turns":2},{"damage":28,"enemies":"Gremlin Nob","floor":14,"turns":4},{"damage":64,"enemies":"The Guardian","floor":16,"turns":8},{"damage":46,"enemies":"2 Thieves","floor":18,"turns":4},{"damage":28,"enemies":"3 Byrds","floor":20,"turns":4},{"damage":36,"enemies":"Slaver and Parasite","floor":25,"turns":2}],"seed_played":"1831203598569107081","potions_obtained":[{"floor":2,"key":"Poison Potion"},{"floor":4,"key":"Fire Potion"}],"is_trial":false,"path_per_floor":["M","M","?","M","?","R","?","R","T","M","M","R","$","E","R","B",null,"M","$","M","?","?","R","?"],"character_chosen":"DEFECT","items_purchased":["Hello World","Consume","Capacitor","Explosive Potion"],"campfire_rested":3,"item_purchase_floors":[13,19,19,19],"current_hp_per_floor":[75,75,75,75,63,63,63,63,63,53,53,75,75,47,69,5,75,31,31,5,5,5,28,28,0],"gold":0,"neow_bonus":"THREE_ENEMY_KILL","is_prod":false,"is_daily":false,"chose_seed":false,"campfire_upgraded":2,"win_rate":0,"timestamp":1531776260,"path_taken":["M","M","?","M","?","R","?","R","T","M","M","R","$","E","R","BOSS","M","$","?","?","?","R","?","?"],"build_version":"2018-07-12","purchased_purges":1,"victory":false,"max_hp_per_floor":[75,75,75,75,75,75,75,75,75,75,75,75,75,75,75,75,75,77,77,79,79,79,79,79,79],"card_choices":[{"not_picked":["Compile Driver","Chill"],"picked":"Streamline","floor":1},{"not_picked":["Skim","Leap"],"picked":"Ball Lightning","floor":2},{"not_picked":["Rip and Tear","Cold Snap"],"picked":"Sweeping Beam","floor":4},{"not_picked":["Stack","Genetic Algorithm"],"picked":"Redo","floor":10},{"not_picked":["Steam","Streamline","BootSequence"],"picked":"SKIP","floor":11},{"not_picked":["Fusion","Steam"],"picked":"Amplify","floor":12},{"not_picked":["Steam Power","Sunder"],"picked":"White Noise","floor":14},{"not_picked":["Steam","Auto Shields"],"picked":"Turbo","floor":15},{"not_picked":["Multi-Cast","All For One"],"picked":"Fission","floor":16},{"not_picked":["Leap","Streamline","Conserve Battery+1"],"picked":"Singing Bowl","floor":18},{"not_picked":["Beam Cell","Fusion+1","Stack"],"picked":"Singing Bowl","floor":20},{"not_picked":["Lockon","Hologram"],"picked":"Streamline+1","floor":23}],"player_experience":104661,"relics_obtained":[{"floor":9,"key":"Dream Catcher"},{"floor":14,"key":"Potion Belt"},{"floor":17,"key":"Happy Flower"},{"floor":17,"key":"Singing Bowl"},{"floor":17,"key":"Ice Cream"}],"event_choices":[{"event_name":"Living Wall","player_choice":"Grow","floor":3,"damage_taken":0},{"event_name":"Scrap Ooze","player_choice":"success","floor":5,"damage_taken":12},{"event_name":"The Cleric","player_choice":"Card Removal","floor":7,"damage_taken":0},{"event_name":"Masked Bandits","player_choice":"Paid Bandits 61 gold","floor":21,"damage_taken":0},{"event_name":"Drug Dealer","player_choice":"Ignored","floor":22,"damage_taken":0},{"event_name":"Purifier","player_choice":"One Purge","floor":24,"damage_taken":0}],"boss_relics":[{"not_picked":["Coffee Dripper","Philosopher\u0027s Stone"],"picked":"Calling Bell"}],"items_purged_floors":[13],"is_endless":false,"potions_floor_spawned":[2,4],"killed_by":"Slaver and Parasite","ascension_level":0}