{"path_per_floor":["M","?","$","M","M","E","R","M","T","R","M","M","?","$","R","B",null,"M","?","$","T","$","R","M","E","T","M"],"character_chosen":"IRONCLAD","items_purchased":["Shovel","Medical Kit","Armaments","Metallicize"],"gold_per_floor":[117,417,48,62,78,108,108,118,189,189,209,222,397,53,53,150,150,164,264,71,71,71,71,85,118,143,157,157],"floor_reached":28,"campfire_rested":0,"playtime":2580,"item_purchase_floors":[],"current_hp_per_floor":[76,73,73,68,72,32,32,34,34,34,33,31,37,37,37,13,86,86,86,86,86,86,86,72,53,53,36,0],"items_purged":["Defend_R","Bash","Doubt"],"gold":157,"score":238,"play_id":"a5e5240e-cbae-40e7-9cd9-2c92767cdcb7","local_time":"20180528110710","is_prod":false,"is_daily":false,"chose_seed":false,"is_ascension_mode":false,"campfire_upgraded":2,"win_rate":0,"timestamp":1527523630,"campfire_choices":[{"floor":7.0,"key":"DIG"},{"floor":10,"key":"DIG"},{"data":"Armaments","floor":15,"key":"SMITH"},{"data":"Demon Form","floor":23,"key":"SMITH"}],"path_taken":["M","?","$","M","M","E","R","M","T","R","M","M","?","$","R","BOSS","M","?","$","?","$","R","?","E","T","M","E"],"build_version":"2018-05-24","seed_source_timestamp":475877837620938,"purchased_purges":3,"victory":false,"master_deck":["Strike_R","Strike_R","Strike_R","Strike_R","Defend_R","Defend_R","Defend_R","Double Tap","Burning Pact","Perfected Strike","Seeing Red","Body Slam","Ghostly Armor","Armaments+1","Armaments","Demon Form+1","Metallicize"],"max_hp_per_floor":[80,80,80,80,80,80,80,80,80,80,80,80,86,86,86,86,86,86,86,86,86,86,86,86,86,86,86,86],"relics":["Burning Blood","Old Coin","Shovel","Anchor","Darkstone Periapt","Dream Catcher","Medical Kit","White Beast Statue","Bird Faced Urn","Gambling Chip","Bronze Scales"],"card_choices":[{"not_picked":["Iron Wave","Sever Soul"],"picked":"Burning Pact","floor":1.0},{"not_picked":["Twin Strike","Clash","Inflame"],"picked":"SKIP","floor":4.0},{"not_picked":["Cleave","Twin Strike"],"picked":"Perfected Strike","floor":5.0},{"not_picked":["Dropkick","Heavy Blade"],"picked":"Seeing Red","floor":6.0},{"not_picked":["Whirlwind","Twin Strike"],"picked":"Body Slam","floor":8.0},{"not_picked":["Thunderclap","True Grit"],"picked":"Ghostly Armor","floor":11},{"not_picked":["Hemokinesis","Pummel"],"picked":"Armaments","floor":12},{"not_picked":["Bludgeon","Juggernaut"],"picked":"Demon Form","floor":16},{"not_picked":["Spot Weakness","Disarm","Corruption+1"],"picked":"SKIP","floor":18},{"not_picked":["Iron Wave","Cleave","Reckless Charge"],"picked":"SKIP","floor":24},{"not_picked":["Twin Strike","Pommel Strike","Shockwave"],"picked":"SKIP","floor":25},{"not_picked":["Whirlwind","Power Through","Pommel Strike"],"picked":"SKIP","floor":27}],"player_experience":33982,"potions_floor_usage":[16,16,27],"damage_taken":[{"damage":10.0,"enemies":"Jaw Worm","floor":1.0,"turns":6.0},{"damage":11.0,"enemies":"Small Slimes","floor":4.0,"turns":3.0},{"damage":2.0,"enemies":"2 Louse","floor":5.0,"turns":3.0},{"damage":46.0,"enemies":"3 Sentries","floor":6.0,"turns":9.0},{"damage":4.0,"enemies":"2 Fungi Beasts","floor":8.0,"turns":3.0},{"damage":7,"enemies":"Blue Slaver","floor":11,"turns":3},{"damage":8,"enemies":"Large Slime","floor":12,"turns":6},{"damage":30,"enemies":"The Guardian","floor":16,"turns":17},{"damage":2,"enemies":"Shell Parasite","floor":18,"turns":6},{"damage":22,"enemies":"Spheric Guardian","floor":24,"turns":6},{"damage":29,"enemies":"Book of Stabbing","floor":25,"turns":7},{"damage":35,"enemies":"Snake Plant","floor":27,"turns":6},{"damage":42,"enemies":"Gremlin Leader","floor":28,"turns":4}],"relics_obtained":[{"floor":6.0,"key":"Anchor"},{"floor":9.0,"key":"Darkstone Periapt"},{"floor":10,"key":"Dream Catcher"},{"floor":21,"key":"Bird Faced Urn"},{"floor":25,"key":"Gambling Chip"},{"floor":26,"key":"Bronze Scales"}],"event_choices":[{"event_name":"Scrap Ooze","player_choice":"success","floor":2.0,"damage_taken":3.0},{"event_name":"Liars Game","player_choice":"agreed","floor":13,"damage_taken":0},{"event_name":"Golden Shrine","player_choice":"Pray","floor":19,"damage_taken":0}],"boss_relics":[{"not_picked":["Lizard Tail","Snecko Eye"],"picked":"White Beast Statue"}],"items_purged_floors":[],"potions_floor_spawned":[1,4,16,18,24,25,27],"seed_played":"-2315254457460009804","killed_by":"Gremlin Leader","ascension_level":0,"potions_obtained":[{"floor":1.0,"key":"Energy Potion"},{"floor":4.0,"key":"Fire Potion"},{"floor":16,"key":"SteroidPotion"},{"floor":18,"key":"AttackPotion"},{"floor":24,"key":"BloodPotion"},{"floor":25,"key":"Explosive Potion"},{"floor":27,"key":"PowerPotion"}],"is_trial":false}