{"gold_per_floor":[109,59,79,79,97,130,141,141,164,66,66,66,122,136,136,239,239,229,229,242,252,252,252,351,384,407,423,423,442,442,462,462,566,566,578,578,592,592,615,615,644,644,644,136,136],"floor_reached":45,"playtime":2675,"items_purged":["Zap","Writhe"],"score":536,"play_id":"2200f44e-fda6-43de-be74-af08e8bc8af1","local_time":"20190215191454","is_ascension_mode":false,"campfire_choices":[{"data":"Capacitor","floor":8,"key":"SMITH"},{"floor":12,"key":"REST"},{"data":"Beam Cell","floor":15,"key":"SMITH"},{"floor":23,"key":"REST"},{"floor":30,"key":"REST"},{"floor":32,"key":"REST"},{"floor":40,"key":"REST"},{"floor":42,"key":"REST"}],"neow_cost":"NONE","seed_source_timestamp":621366758274,"circlet_count":0,"master_deck":["Strike_B+1","Strike_B+1","Strike_B+1","Defend_B+1","Defend_B+1","Dualcast","Beam Cell+1","Glacier","Cold Snap+1","Capacitor+1","Coolheaded","Redo","Rebound","Creative AI","Go for the Eyes+1","Gash","Hologram","Echo Form","Hologram+1","Conserve Battery+1","Gash+1","Echo Form","Chill","Go for the Eyes+1","Blizzard+1","Blizzard","Biased Cognition"],"relics":["Cracked Core","NeowsBlessing","Whetstone","Bronze Scales","Dodecahedron","PreservedInsect","GremlinMask","Empty Cage","Ancient Tea Set","Lantern","Darkstone Periapt","Bottled Lightning"],"potions_floor_usage":[6,31,41,41,41,41,41,41],"damage_taken":[{"damage":0,"enemies":"Small Slimes","floor":1,"turns":1},{"damage":0,"enemies":"Jaw Worm","floor":3,"turns":1},{"damage":0,"enemies":"Cultist","floor":5,"turns":1},{"damage":16,"enemies":"Gremlin Nob","floor":6,"turns":5},{"damage":3,"enemies":"Looter","floor":7,"turns":2},{"damage":8,"enemies":"3 Sentries","floor":13,"turns":10},{"damage":0,"enemies":"Large Slime","floor":14,"turns":6},{"damage":16,"enemies":"The Guardian","floor":16,"turns":11},{"damage":20,"enemies":"2 Thieves","floor":18,"turns":4},{"damage":0,"enemies":"Chosen","floor":20,"turns":5},{"damage":39,"enemies":"Snake Plant","floor":21,"turns":5},{"damage":25,"enemies":"Book of Stabbing","floor":25,"turns":6},{"damage":7,"enemies":"Shelled Parasite and Fungi","floor":27,"turns":8},{"damage":0,"enemies":"Snecko","floor":29,"turns":6},{"damage":0,"enemies":"Centurion and Healer","floor":31,"turns":9},{"damage":0,"enemies":"Champ","floor":33,"turns":15},{"damage":21,"enemies":"3 Darklings","floor":35,"turns":6},{"damage":40,"enemies":"3 Shapes","floor":37,"turns":6},{"damage":47,"enemies":"Reptomancer","floor":41,"turns":6},{"damage":53,"enemies":"Nemesis","floor":45,"turns":6}],"seed_played":"3232932934183857025","potions_obtained":[{"floor":1,"key":"SteroidPotion"},{"floor":5,"key":"Block Potion"},{"floor":7,"key":"FocusPotion"},{"floor":13,"key":"EntropicBrew"},{"floor":16,"key":"SpeedPotion"},{"floor":29,"key":"Explosive Potion"},{"floor":31,"key":"Swift Potion"},{"floor":41,"key":"AttackPotion"}],"is_trial":false,"path_per_floor":["M","?","M","?","M","E","M","R","T","$","?","R","?","M","R","B",null,"M","?","M","M","?","R","?","E","T","M","?","M","R","M","R","B",null,"M","?","M","?","T","R","E","R","T","$","E"],"character_chosen":"DEFECT","items_purchased":["Redo","Blizzard","Biased Cognition","Bottled Lightning"],"campfire_rested":6,"item_purchase_floors":[10,44,44,44],"current_hp_per_floor":[75,75,75,75,75,59,56,56,56,56,41,63,55,55,55,39,75,55,55,55,16,16,38,38,13,13,6,6,6,28,28,50,50,75,54,73,33,33,33,55,27,49,49,49,0],"gold":136,"neow_bonus":"THREE_ENEMY_KILL","is_prod":false,"is_daily":false,"chose_seed":false,"campfire_upgraded":2,"win_rate":0,"timestamp":1550276094,"path_taken":["M","?","M","?","?","E","M","R","T","?","?","R","?","M","R","BOSS","M","?","?","M","?","R","?","E","T","M","?","?","R","M","R","BOSS","M","?","M","?","?","R","E","R","T","$","E"],"build_version":"2019-01-23","purchased_purges":2,"victory":false,"max_hp_per_floor":[75,75,75,75,75,75,75,75,75,75,75,75,75,75,75,75,75,75,75,75,75,75,75,75,75,75,75,75,75,75,75,75,75,75,75,75,75,75,75,75,75,75,75,75,75],"card_choices":[{"not_picked":["Self Repair","Cold Snap"],"picked":"Beam Cell","floor":1},{"not_picked":["Tempest","Steam"],"picked":"Glacier","floor":3},{"not_picked":["Go for the Eyes","Defragment"],"picked":"Cold Snap","floor":5},{"not_picked":["Hologram","Tempest"],"picked":"Capacitor","floor":6},{"not_picked":["Go for the Eyes","Heatsinks"],"picked":"Coolheaded","floor":7},{"not_picked":["Force Field","Hello World"],"picked":"Rebound","floor":13},{"not_picked":["Thunder Strike","Ball Lightning","Lockon"],"picked":"SKIP","floor":14},{"not_picked":["Thunder Strike","Core Surge"],"picked":"Creative AI","floor":16},{"not_picked":["Undo+1","Leap"],"picked":"Go for the Eyes","floor":18},{"not_picked":["Steam Power","Ball Lightning"],"picked":"Gash","floor":20},{"not_picked":["Go for the Eyes","Beam Cell"],"picked":"Hologram","floor":21},{"not_picked":["Leap","Stack"],"picked":"Echo Form","floor":25},{"not_picked":["Coolheaded","Turbo"],"picked":"Hologram+1","floor":27},{"not_picked":["Stack+1","Self Repair+1"],"picked":"Conserve Battery+1","floor":29},{"not_picked":["Rebound+1","Glacier"],"picked":"Gash+1","floor":31},{"not_picked":["Core Surge","Meteor Strike"],"picked":"Echo Form","floor":33},{"not_picked":["Lockon+1","Fusion+1"],"picked":"Chill","floor":35},{"not_picked":["Beam Cell","Genetic Algorithm+1"],"picked":"Go for the Eyes+1","floor":37},{"not_picked":["Fusion+1","Aggregate+1"],"picked":"Blizzard+1","floor":41}],"player_experience":43458,"relics_obtained":[{"floor":6,"key":"Whetstone"},{"floor":25,"key":"Dodecahedron"},{"floor":26,"key":"PreservedInsect"},{"floor":39,"key":"Ancient Tea Set"},{"floor":41,"key":"Lantern"},{"floor":43,"key":"Darkstone Periapt"}],"event_choices":[{"cards_removed":["Defend_B"],"damage_healed":0,"gold_gain":0,"player_choice":"Card Removal","damage_taken":0,"max_hp_gain":0,"max_hp_loss":0,"event_name":"The Cleric","floor":2,"gold_loss":50},{"damage_healed":0,"gold_gain":0,"player_choice":"Ignored","damage_taken":0,"max_hp_gain":0,"max_hp_loss":0,"event_name":"Liars Game","floor":4,"gold_loss":0},{"damage_healed":0,"gold_gain":0,"player_choice":"Entered Light","damage_taken":15,"max_hp_gain":0,"max_hp_loss":0,"event_name":"Shining Light","floor":11,"gold_loss":0,"cards_upgraded":["Defend_B","Strike_B"]},{"damage_healed":0,"gold_gain":30,"player_choice":"Searched \u00273\u0027 times","damage_taken":0,"relics_obtained":["Bronze Scales"],"max_hp_gain":0,"max_hp_loss":0,"event_name":"Dead Adventurer","floor":13,"gold_loss":0},{"damage_healed":0,"gold_gain":0,"player_choice":"Forge","damage_taken":0,"max_hp_gain":0,"max_hp_loss":0,"event_name":"Accursed Blacksmith","floor":19,"gold_loss":0,"cards_upgraded":["Go for the Eyes"]},{"damage_healed":0,"gold_gain":0,"player_choice":"Simplicity","damage_taken":0,"max_hp_gain":0,"max_hp_loss":0,"event_name":"Back to Basics","floor":22,"gold_loss":0,"cards_upgraded":["Strike_B","Strike_B","Defend_B","Defend_B"]},{"damage_healed":0,"gold_gain":99,"player_choice":"Stole From Cult","damage_taken":0,"max_hp_gain":0,"max_hp_loss":0,"event_name":"Nest","floor":24,"gold_loss":0},{"damage_healed":0,"gold_gain":0,"player_choice":"Trade","damage_taken":0,"relics_obtained":["GremlinMask"],"max_hp_gain":0,"max_hp_loss":0,"event_name":"FaceTrader","floor":28,"gold_loss":0},{"damage_healed":19,"gold_gain":0,"player_choice":"Writhe","damage_taken":0,"max_hp_gain":0,"max_hp_loss":0,"event_name":"Winding Halls","floor":36,"gold_loss":0,"cards_obtained":["Writhe"]},{"damage_healed":0,"gold_gain":0,"player_choice":"Ignored","damage_taken":0,"max_hp_gain":0,"max_hp_loss":0,"event_name":"Tomb of Lord Red Mask","floor":38,"gold_loss":0}],"is_beta":false,"boss_relics":[{"not_picked":["Fusion Hammer","Busted Crown","Philosopher\u0027s Stone"]},{"not_picked":["Pandora\u0027s Box","Eternal Feather"],"picked":"Empty Cage"}],"items_purged_floors":[10,44],"is_endless":false,"potions_floor_spawned":[1,5,7,13,16,20,27,29,31,41],"killed_by":"Nemesis","ascension_level":0}