{"gold_per_floor":[110,123,123,123,133,133,149,164,188,188,188,188,188,203,203,281,281,297,316,334,367,367,367,116,116,116,136,136,166,166,166,166,240,240,257,257,270,289,1,1,14,14,14,24,38,53,53,64,64,64],"floor_reached":51,"playtime":2204,"items_purged":["Strike_B"],"score":1156,"play_id":"92cea59c-54b2-4c2b-b64e-40520d0d7bd7","local_time":"20190210163510","is_ascension_mode":true,"campfire_choices":[{"data":"Barrage","floor":6.0,"key":"SMITH"},{"data":"Coolheaded","floor":10.0,"key":"SMITH"},{"data":"Defend_B","floor":12.0,"key":"SMITH"},{"data":"Defend_B","floor":15.0,"key":"SMITH"},{"data":"Auto Shields","floor":23.0,"key":"SMITH"},{"data":"Panache","floor":25.0,"key":"SMITH"},{"floor":28.0,"key":"REST"},{"data":"White Noise","floor":30.0,"key":"SMITH"},{"floor":32.0,"key":"REST"},{"data":"Apotheosis","floor":40.0,"key":"SMITH"},{"data":"Seek","floor":42.0,"key":"SMITH"},{"floor":49,"key":"REST"}],"neow_cost":"NONE","seed_source_timestamp":63892256632991,"circlet_count":0,"master_deck":["AscendersBane","Strike_B+1","Strike_B+1","Defend_B","Defend_B+1","Defend_B+1","Zap+1","Barrage+1","Self Repair","Coolheaded+1","Gash","Compile Driver","Seek+1","Rebound+1","Auto Shields+1","Steam","Hello World","Panache+1","White Noise+1","Hologram+1","Conserve Battery+1","Hologram","Creative AI","BootSequence","Madness","Blind","Impatience","Steam","Go for the Eyes","Gash","Apotheosis+1","FTL","Electrodynamics","Gash","FTL"],"special_seed":0,"relics":["Cracked Core","NeowsBlessing","Whetstone","Dream Catcher","Kunai","Nuclear Battery","Red Mask","Juzu Bracelet","Bag of Preparation","Runic Pyramid","Matryoshka"],"potions_floor_usage":[],"damage_taken":[{"damage":0.0,"enemies":"Small Slimes","floor":1.0,"turns":1.0},{"damage":0.0,"enemies":"Jaw Worm","floor":2.0,"turns":1.0},{"damage":0.0,"enemies":"Cultist","floor":5.0,"turns":1.0},{"damage":10.0,"enemies":"2 Fungi Beasts","floor":7.0,"turns":3.0},{"damage":14.0,"enemies":"Blue Slaver","floor":8.0,"turns":3.0},{"damage":7.0,"enemies":"3 Louse","floor":14.0,"turns":3.0},{"damage":33.0,"enemies":"Hexaghost","floor":16.0,"turns":8.0},{"damage":2.0,"enemies":"Spheric Guardian","floor":18.0,"turns":3.0},{"damage":13.0,"enemies":"2 Thieves","floor":19.0,"turns":3.0},{"damage":20.0,"enemies":"Snake Plant","floor":20.0,"turns":4.0},{"damage":14.0,"enemies":"Masked Bandits","floor":21.0,"turns":5.0},{"damage":4.0,"enemies":"Shelled Parasite and Fungi","floor":27.0,"turns":4.0},{"damage":0.0,"enemies":"Gremlin Leader","floor":29.0,"turns":4.0},{"damage":24.0,"enemies":"Champ","floor":33.0,"turns":12.0},{"damage":0.0,"enemies":"Orb Walker","floor":35.0,"turns":3.0},{"damage":14.0,"enemies":"3 Darklings","floor":37.0,"turns":4.0},{"damage":0.0,"enemies":"Transient","floor":38.0,"turns":5.0},{"damage":0.0,"enemies":"Maw","floor":41.0,"turns":8.0},{"damage":6.0,"enemies":"Jaw Worm Horde","floor":44.0,"turns":5.0},{"damage":27.0,"enemies":"Writhing Mass","floor":45.0,"turns":6.0},{"damage":1.0,"enemies":"Sphere and 2 Shapes","floor":46.0,"turns":4.0},{"damage":15,"enemies":"Jaw Worm Horde","floor":48,"turns":2},{"damage":25,"enemies":"Donu and Deca","floor":50,"turns":8}],"seed_played":"6498000043709813271","potions_obtained":[{"floor":2.0,"key":"PowerPotion"},{"floor":7.0,"key":"Poison Potion"},{"floor":16.0,"key":"Dexterity Potion"},{"floor":19.0,"key":"Energy Potion"},{"floor":29.0,"key":"GamblersBrew"},{"floor":44.0,"key":"GamblersBrew"},{"floor":45.0,"key":"FairyPotion"}],"is_trial":false,"path_per_floor":["M","M","?","?","M","R","M","M","T","R","?","R","T","M","R","B",null,"M","M","M","?","?","R","$","R","T","M","R","E","R","?","R","B",null,"M","?","M","M","$","R","M","R","T","M","M","M","?","M","R","B",null],"character_chosen":"DEFECT","items_purchased":["Panache","Gash","Apotheosis","FTL"],"campfire_rested":3,"item_purchase_floors":[24,39,39,39],"current_hp_per_floor":[64,64,64,64,64,64,61,54,54,54,36,36,36,36,36,10,56,54,48,35,28,28,28,28,28,28,31,52,59,59,46,68,51,70,70,60,53,60,60,60,76,76,76,76,59,58,58,53,75,50],"gold":64,"neow_bonus":"THREE_ENEMY_KILL","is_prod":false,"is_daily":false,"chose_seed":false,"campfire_upgraded":9,"win_rate":0,"timestamp":1549827310,"path_taken":["M","M","?","?","?","R","M","M","T","R","?","R","?","M","R","BOSS","M","M","M","?","?","R","?","R","T","M","R","E","R","?","R","BOSS","M","?","M","M","$","R","M","R","T","M","M","M","?","M","R","BOSS"],"build_version":"2018-11-15","purchased_purges":1,"victory":true,"max_hp_per_floor":[71,71,71,71,71,71,71,71,71,71,71,71,71,71,71,71,71,71,71,71,71,71,71,71,71,71,71,71,71,71,76,76,76,76,76,76,76,76,76,76,76,76,76,76,76,76,76,76,76,76],"card_choices":[{"not_picked":["Redo","Compile Driver"],"picked":"Barrage","floor":1.0},{"not_picked":["Conserve Battery","Sweeping Beam"],"picked":"Self Repair","floor":2.0},{"not_picked":["Leap","Steam Power"],"picked":"Coolheaded","floor":5.0},{"not_picked":["Lockon","Redo"],"picked":"Gash","floor":7.0},{"not_picked":["Go for the Eyes","Stack","Steam"],"picked":"SKIP","floor":8.0},{"not_picked":["Consume","Leap"],"picked":"Compile Driver","floor":14.0},{"not_picked":["Creative AI","All For One"],"picked":"Seek","floor":16.0},{"not_picked":["Steam","Coolheaded","Cold Snap+1"],"picked":"SKIP","floor":18.0},{"not_picked":["Ball Lightning","Steam"],"picked":"Rebound+1","floor":19.0},{"not_picked":["Rebound","Doom and Gloom","Redo"],"picked":"SKIP","floor":20.0},{"not_picked":["Double Energy","Genetic Algorithm"],"picked":"Auto Shields","floor":21.0},{"not_picked":["Streamline","Auto Shields"],"picked":"White Noise","floor":27.0},{"not_picked":["Barrage","Undo"],"picked":"Hologram+1","floor":28.0},{"not_picked":["Hologram","Multi-Cast"],"picked":"Conserve Battery+1","floor":29.0},{"not_picked":["Beam Cell","Chill+1"],"picked":"Hologram","floor":32.0},{"not_picked":["Buffer","Seek"],"picked":"Creative AI","floor":33.0},{"not_picked":["Force Field","Auto Shields"],"picked":"BootSequence","floor":35.0},{"not_picked":["Dramatic Entrance","Thinking Ahead"],"picked":"Madness","floor":36.0},{"not_picked":["Trip","Forethought"],"picked":"Blind","floor":36.0},{"not_picked":["Dramatic Entrance","Deep Breath"],"picked":"Impatience","floor":36.0},{"not_picked":["Aggregate+1","Sunder+1"],"picked":"Steam","floor":37.0},{"not_picked":["Redo","Conserve Battery"],"picked":"Go for the Eyes","floor":38.0},{"not_picked":["Conserve Battery","Doom and Gloom","BootSequence"],"picked":"SKIP","floor":41.0},{"not_picked":["Compile Driver+1","Fusion+1"],"picked":"Electrodynamics","floor":44.0},{"not_picked":["Aggregate","Stack"],"picked":"Gash","floor":45.0},{"not_picked":["Leap","Redo"],"picked":"FTL","floor":46.0},{"not_picked":["Darkness","Steam Power+1","Compile Driver"],"picked":"SKIP","floor":48}],"player_experience":127270,"relics_obtained":[{"floor":9.0,"key":"Whetstone"},{"floor":13.0,"key":"Kunai"},{"floor":21.0,"key":"Red Mask"},{"floor":26.0,"key":"Juzu Bracelet"},{"floor":29.0,"key":"Bag of Preparation"},{"floor":43.0,"key":"Matryoshka"}],"event_choices":[{"damage_healed":0.0,"max_hp_gain":0.0,"max_hp_loss":0.0,"gold_gain":0.0,"event_name":"Living Wall","player_choice":"Grow","floor":3.0,"gold_loss":0.0,"damage_taken":0.0,"cards_upgraded":["Zap"]},{"cards_removed":["Dualcast"],"damage_healed":0.0,"max_hp_gain":0.0,"max_hp_loss":0.0,"gold_gain":0.0,"event_name":"Purifier","player_choice":"Purged","floor":4.0,"gold_loss":0.0,"damage_taken":0.0},{"damage_healed":0.0,"max_hp_gain":0.0,"max_hp_loss":0.0,"gold_gain":0.0,"event_name":"Scrap Ooze","player_choice":"Success","floor":11.0,"gold_loss":0.0,"damage_taken":18.0,"relics_obtained":["Dream Catcher"]},{"damage_healed":0.0,"max_hp_gain":0.0,"max_hp_loss":0.0,"gold_gain":0.0,"event_name":"Masked Bandits","player_choice":"Fought Bandits","floor":21.0,"gold_loss":0.0,"damage_taken":0.0},{"damage_healed":0.0,"max_hp_gain":0.0,"max_hp_loss":0.0,"gold_gain":0.0,"cards_transformed":["Defend_B","Strike_B"],"event_name":"Drug Dealer","player_choice":"Became Test Subject","floor":22.0,"gold_loss":0.0,"damage_taken":0.0,"cards_obtained":["Steam","Hello World"]},{"damage_healed":0.0,"max_hp_gain":5.0,"max_hp_loss":0.0,"gold_gain":0.0,"event_name":"Forgotten Altar","player_choice":"Shed Blood","floor":31.0,"gold_loss":0.0,"damage_taken":18.0},{"damage_healed":0.0,"max_hp_gain":0.0,"max_hp_loss":0.0,"gold_gain":0.0,"event_name":"SensoryStone","player_choice":"Memory 3","floor":36.0,"gold_loss":0.0,"damage_taken":10.0},{"damage_healed":0,"gold_gain":0,"player_choice":"Ignored","damage_taken":0,"max_hp_gain":0,"max_hp_loss":0,"event_name":"Tomb of Lord Red Mask","floor":47,"gold_loss":0}],"is_beta":false,"boss_relics":[{"not_picked":["Lizard Tail","Busted Crown"],"picked":"Nuclear Battery"},{"not_picked":["Cursed Key","Runic Dome"],"picked":"Runic Pyramid"}],"items_purged_floors":[24],"is_endless":false,"potions_floor_spawned":[2,7,16,19,20,29,44,45],"ascension_level":14}