{"gold_per_floor":[109,125,125,144,163,218,218,245,245,245,245,259,294,306,306,306],"floor_reached":16,"playtime":1467,"items_purged":[],"score":140,"play_id":"0d6897fd-6540-4a60-919f-6c025d45dc63","local_time":"20180705185830","is_ascension_mode":true,"campfire_choices":[{"floor":7,"key":"REST"},{"floor":10,"key":"REST"},{"floor":15,"key":"REST"}],"neow_cost":"NONE","seed_source_timestamp":1970178108409807,"circlet_count":0,"master_deck":["Strike_R","Strike_R","Strike_R","Strike_R","Strike_R","Defend_R","Defend_R","Defend_R","Defend_R","Bash","Dual Wield","Dropkick","Headbutt","Combust","Battle Trance","Fiend Fire","Combust"],"relics":["Burning Blood","NeowsBlessing","Tiny Chest","Boot","Juzu Bracelet","Shuriken","Orichalcum"],"potions_floor_usage":[6,8,14],"damage_taken":[{"damage":0,"enemies":"Jaw Worm","floor":1,"turns":1},{"damage":0,"enemies":"2 Louse","floor":2,"turns":1},{"damage":0,"enemies":"Cultist","floor":4,"turns":1},{"damage":20,"enemies":"Exordium Thugs","floor":5,"turns":5},{"damage":32,"enemies":"Gremlin Nob","floor":6,"turns":4},{"damage":30,"enemies":"3 Sentries","floor":8,"turns":6},{"damage":12,"enemies":"Looter","floor":12,"turns":3},{"damage":42,"enemies":"Lagavulin","floor":13,"turns":7},{"damage":12,"enemies":"3 Louse","floor":14,"turns":4},{"damage":37,"enemies":"The Guardian","floor":16,"turns":5}],"seed_played":"2291336605273266561","potions_obtained":[{"floor":1,"key":"AttackPotion"},{"floor":5,"key":"GamblersBrew"},{"floor":6,"key":"Swift Potion"},{"floor":14,"key":"FearPotion"}],"is_trial":false,"path_per_floor":["M","M","$","M","M","E","R","E","T","R","?","M","E","M","R"],"character_chosen":"IRONCLAD","items_purchased":[],"campfire_rested":3,"item_purchase_floors":[],"current_hp_per_floor":[80,80,80,80,66,40,64,40,40,64,57,51,15,9,33,0],"gold":306,"neow_bonus":"THREE_ENEMY_KILL","is_prod":false,"is_daily":false,"chose_seed":false,"campfire_upgraded":0,"win_rate":0,"timestamp":1530835110,"path_taken":["M","M","$","M","M","E","R","E","T","R","?","M","E","M","R","BOSS"],"build_version":"2018-06-28","purchased_purges":0,"victory":false,"max_hp_per_floor":[80,80,80,80,80,80,80,80,80,80,80,80,80,80,80,80],"card_choices":[{"not_picked":["Wild Strike","Body Slam"],"picked":"Dual Wield","floor":1},{"not_picked":["Body Slam","Heavy Blade"],"picked":"Dropkick","floor":2},{"not_picked":["Evolve","Spot Weakness"],"picked":"Headbutt","floor":4},{"not_picked":["Wild Strike","Feel No Pain","Havoc"],"picked":"SKIP","floor":5},{"not_picked":["Havoc","Power Through"],"picked":"Combust","floor":6},{"not_picked":["Iron Wave","Perfected Strike"],"picked":"Battle Trance","floor":8},{"not_picked":["Whirlwind","Clothesline","Pommel Strike"],"picked":"SKIP","floor":12},{"not_picked":["Wild Strike","Searing Blow"],"picked":"Fiend Fire","floor":13},{"not_picked":["Wild Strike","Perfected Strike"],"picked":"Combust","floor":14}],"player_experience":251594,"relics_obtained":[{"floor":6,"key":"Tiny Chest"},{"floor":8,"key":"Boot"},{"floor":9,"key":"Juzu Bracelet"},{"floor":13,"key":"Orichalcum"}],"event_choices":[{"event_name":"Scrap Ooze","player_choice":"success","floor":11,"damage_taken":7}],"boss_relics":[],"items_purged_floors":[],"is_endless":false,"potions_floor_spawned":[1,5,6,14],"killed_by":"The Guardian","ascension_level":3}