{"path_per_floor":["M","$","?","$","M","R","M","?","T","M","M","R","M","M","R","B",null,"M","?","?","?","M","E","R","M","T","R","M","E","$","?","R","B",null,"M","?","?","M","$","R","M","R","T","$","R","M","M","$","R"],"character_chosen":"THE_SILENT","items_purchased":["Noxious Fumes","Meat on the Bone","Snake Skull","Catalyst"],"gold_per_floor":[112,38,113,38,48,48,66,66,89,109,127,127,138,154,154,257,257,276,276,276,276,292,322,322,340,340,340,359,387,25,59,59,160,160,177,399,399,412,130,130,141,141,141,141,141,160,174,139,139,139],"floor_reached":50,"campfire_rested":5,"playtime":3568,"item_purchase_floors":[2,30,39,48],"current_hp_per_floor":[65,65,54,54,51,51,49,49,49,48,45,45,45,36,57,44,70,43,43,43,43,30,10,31,10,10,31,28,24,24,22,43,32,70,66,66,66,57,57,57,54,54,54,54,54,49,43,43,64,0],"items_purged":["Strike_G","Writhe","Strike_G+1"],"gold":139,"score":497,"play_id":"3c47f556-3a73-4525-8275-308cb2639680","local_time":"20180609140244","is_prod":false,"is_daily":false,"chose_seed":false,"is_ascension_mode":false,"campfire_upgraded":5,"win_rate":0.0,"timestamp":1528570964,"campfire_choices":[{"data":"Noxious Fumes","floor":6,"key":"SMITH"},{"data":"Crippling Poison","floor":12,"key":"SMITH"},{"floor":15,"key":"REST"},{"floor":24,"key":"REST"},{"floor":27,"key":"REST"},{"floor":32,"key":"REST"},{"data":"PiercingWail","floor":40,"key":"SMITH"},{"data":"Catalyst","floor":42,"key":"SMITH"},{"data":"Bullet Time","floor":45,"key":"SMITH"},{"floor":49,"key":"REST"}],"path_taken":["M","?","?","$","M","R","M","?","T","?","M","R","M","M","R","BOSS","M","?","?","?","M","E","R","M","T","R","M","E","$","?","R","BOSS","M","?","?","M","$","R","M","R","T","?","R","?","M","$","R","BOSS"],"build_version":"2018-06-07v3","seed_source_timestamp":522709515433481,"purchased_purges":3,"victory":false,"master_deck":["Defend_G","Defend_G","Defend_G","Defend_G+1","Defend_G+1","Strike_G+1","Survivor","Neutralize","Deadly Poison","Noxious Fumes+1","Prepared","Crippling Poison+1","Deadly Poison","Crippling Poison+1","Noxious Fumes","Noxious Fumes","Deadly Poison","Bouncing Flask","Prepared","PiercingWail+1","After Image","Bullet Time+1","PiercingWail+1","Catalyst+1","Corpse Explosion","Catalyst"],"max_hp_per_floor":[70,70,70,70,70,70,70,70,70,70,70,70,70,70,70,70,70,70,70,70,70,70,70,70,70,70,70,70,70,70,70,70,70,70,70,70,70,70,70,70,70,70,70,70,70,70,70,70,70,70],"relics":["Ring of the Snake","Whetstone","Runic Dome","War Paint","Lantern","Shuriken","Tough Bandages","Meat on the Bone","Red Mask","Sozu","Ice Cream","Snake Skull","The Specimen"],"card_choices":[{"not_picked":["Quick Slash","Masterful Stab"],"picked":"Deadly Poison","floor":1},{"not_picked":["Dagger Throw","Riddle With Holes"],"picked":"Prepared","floor":5},{"not_picked":["Quick Slash","Phantasmal Killer"],"picked":"Crippling Poison","floor":7},{"not_picked":["Choke","Dodge and Roll"],"picked":"Deadly Poison","floor":10},{"not_picked":["Outmaneuver","Acrobatics"],"picked":"Crippling Poison","floor":11},{"not_picked":["Infinite Blades","Quick Slash"],"picked":"Noxious Fumes","floor":13},{"not_picked":["PiercingWail","Poisoned Stab"],"picked":"Noxious Fumes","floor":14},{"not_picked":["Quick Slash+1","Slice"],"picked":"Deadly Poison","floor":18},{"not_picked":["Bane","Terror+1"],"picked":"Prepared","floor":22},{"not_picked":["Acrobatics","Dagger Throw+1","Riddle With Holes+1"],"picked":"SKIP","floor":23},{"not_picked":["Choke","Dodge and Roll"],"picked":"PiercingWail","floor":25},{"not_picked":["Sucker Punch","Outmaneuver","Underhanded Strike"],"picked":"SKIP","floor":28},{"not_picked":["Prepared","Backflip"],"picked":"After Image","floor":29},{"not_picked":["Phantasmal Killer","Night Terror"],"picked":"Bullet Time","floor":33},{"not_picked":["Masterful Stab+1","Underhanded Strike+1","Sucker Punch"],"picked":"SKIP","floor":35},{"not_picked":["Underhanded Strike+1","Poisoned Stab+1"],"picked":"PiercingWail+1","floor":38},{"not_picked":["Backflip","Deadly Poison+1"],"picked":"Catalyst","floor":41},{"not_picked":["Backstab","Leg Sweep","Dodge and Roll"],"picked":"SKIP","floor":46},{"not_picked":["Slice","Heel Hook+1"],"picked":"Corpse Explosion","floor":47}],"player_experience":136428,"potions_floor_usage":[16,18,23,29,31,41],"damage_taken":[{"damage":5,"enemies":"Cultist","floor":1,"turns":8},{"damage":3,"enemies":"Jaw Worm","floor":5,"turns":4},{"damage":2,"enemies":"2 Louse","floor":7,"turns":4},{"damage":1,"enemies":"Red Slaver","floor":10,"turns":4},{"damage":3,"enemies":"Blue Slaver","floor":11,"turns":3},{"damage":0,"enemies":"2 Fungi Beasts","floor":13,"turns":3},{"damage":9,"enemies":"Gremlin Gang","floor":14,"turns":3},{"damage":13,"enemies":"The Guardian","floor":16,"turns":8},{"damage":27,"enemies":"2 Thieves","floor":18,"turns":3},{"damage":13,"enemies":"Shell Parasite","floor":22,"turns":4},{"damage":20,"enemies":"Gremlin Leader","floor":23,"turns":5},{"damage":21,"enemies":"Centurion and Healer","floor":25,"turns":5},{"damage":3,"enemies":"Chosen and Byrds","floor":28,"turns":4},{"damage":4,"enemies":"Slavers","floor":29,"turns":4},{"damage":14,"floor":31,"turns":5},{"damage":23,"enemies":"Automaton","floor":33,"turns":9},{"damage":4,"enemies":"3 Darklings","floor":35,"turns":3},{"damage":9,"enemies":"3 Shapes","floor":38,"turns":3},{"damage":3,"enemies":"Maw","floor":41,"turns":7},{"damage":5,"enemies":"4 Shapes","floor":46,"turns":3},{"damage":6,"enemies":"3 Darklings","floor":47,"turns":4},{"damage":73,"enemies":"Awakened One","floor":50,"turns":8}],"relics_obtained":[{"floor":9,"key":"Whetstone"},{"floor":23,"key":"Lantern"},{"floor":26,"key":"Shuriken"},{"floor":29,"key":"Tough Bandages"},{"floor":31,"key":"Red Mask"},{"floor":43,"key":"The Specimen"}],"event_choices":[{"event_name":"World of Goop","player_choice":"Gather Gold","floor":3,"damage_taken":0},{"event_name":"Upgrade Shrine","player_choice":"Upgraded","floor":8,"damage_taken":0},{"event_name":"Back to Basics","player_choice":"Elegance","floor":19,"damage_taken":0},{"event_name":"The Library","player_choice":"Read","floor":20,"damage_taken":0},{"event_name":"The Mausoleum","player_choice":"Yes","floor":21,"damage_taken":0},{"event_name":"Masked Bandits","player_choice":"Fought over 25 gold","floor":31,"damage_taken":0},{"event_name":"Tomb of Lord Red Mask","player_choice":"Wore Mask","floor":36,"damage_taken":0},{"event_name":"Wheel of Change","player_choice":"Relic","floor":37,"damage_taken":0}],"boss_relics":[{"not_picked":["Lizard Tail","Philosopher\u0027s Stone"],"picked":"Runic Dome"},{"not_picked":["Cursed Key","Orrery"],"picked":"Sozu"}],"items_purged_floors":[4,30,39],"potions_floor_spawned":[10,13,14,16,18,23,25,29,41,46,47],"seed_played":"3183989685097129192","killed_by":"Awakened One","ascension_level":0,"potions_obtained":[{"floor":10,"key":"EssenceOfSteel"},{"floor":13,"key":"SmokeBomb"},{"floor":14,"key":"Swift Potion"},{"floor":16,"key":"Fire Potion"},{"floor":18,"key":"LiquidBronze"},{"floor":23,"key":"SteroidPotion"},{"floor":25,"key":"Block Potion"},{"floor":29,"key":"PowerPotion"}],"is_trial":false}