{"gold_per_floor":[114,114,67,85,101,101,111,111,111,111,131,131,81,99,99,199,199,219,236,236,255,76,109,109,143,143,143,157,187,204,258,258,354,354,368,110,0,0,17,17,50,65,65,77,77,88,88,100,100,100,100,100,0,35,35],"floor_reached":55,"playtime":2198,"items_purged":["Strike_R","Strike_R","Strike_R"],"score":1251,"play_id":"c57eff4e-f7ca-47f2-9c59-64439ff1c881","local_time":"20190204013730","is_ascension_mode":true,"campfire_choices":[{"data":"Body Slam","floor":6.0,"key":"SMITH"},{"data":"Body Slam","floor":8.0,"key":"SMITH"},{"data":"Feed","floor":10.0,"key":"SMITH"},{"data":"Defend_R","floor":12.0,"key":"SMITH"},{"data":"Shrug It Off","floor":15.0,"key":"SMITH"},{"data":"Shrug It Off","floor":24.0,"key":"SMITH"},{"data":"Shrug It Off","floor":27.0,"key":"SMITH"},{"floor":29.0,"key":"DIG"},{"floor":32.0,"key":"DIG"},{"data":"Barricade","floor":40.0,"key":"SMITH"},{"floor":45.0,"key":"DIG"},{"data":"True Grit","floor":47.0,"key":"SMITH"},{"floor":49,"key":"RECALL"},{"floor":52,"key":"DIG"}],"neow_cost":"TEN_PERCENT_HP_LOSS","seed_source_timestamp":135442665278251,"circlet_count":0,"master_deck":["AscendersBane","Defend_R","Defend_R","Defend_R","Defend_R+1","Bash","Feed+1","Body Slam+1","Impervious","Shrug It Off+1","Body Slam+1","Shrug It Off+1","Feed","Body Slam+1","Ghostly Armor","Shrug It Off+1","Warcry+1","Battle Trance","Barricade+1","Flame Barrier","Metallicize","Shrug It Off+1","Intimidate","Dark Shackles","True Grit+1","Warcry+1"],"special_seed":0,"relics":["Burning Blood","Runic Dome","StoneCalendar","Shovel","Molten Egg 2","Tiny Chest","Omamori","Smiling Mask","Orrery","DollysMirror","Red Mask","Bag of Marbles","Paper Frog","Letter Opener","Pear"],"potions_floor_usage":[55,55],"damage_taken":[{"damage":2.0,"enemies":"2 Louse","floor":1.0,"turns":3.0},{"damage":1.0,"enemies":"Cultist","floor":4.0,"turns":4.0},{"damage":2.0,"enemies":"Jaw Worm","floor":5.0,"turns":3.0},{"damage":5.0,"enemies":"Blue Slaver","floor":7.0,"turns":4.0},{"damage":0.0,"enemies":"Looter","floor":11.0,"turns":3.0},{"damage":0.0,"enemies":"Exordium Wildlife","floor":14.0,"turns":4.0},{"damage":56.0,"enemies":"Slime Boss","floor":16.0,"turns":14.0},{"damage":11.0,"enemies":"Spheric Guardian","floor":18.0,"turns":5.0},{"damage":8.0,"enemies":"3 Byrds","floor":19.0,"turns":8.0},{"damage":16.0,"enemies":"Centurion and Healer","floor":21.0,"turns":6.0},{"damage":42.0,"enemies":"Gremlin Leader","floor":23.0,"turns":9.0},{"damage":0.0,"enemies":"Slavers","floor":25.0,"turns":4.0},{"damage":0.0,"enemies":"3 Cultists","floor":28.0,"turns":5.0},{"damage":23.0,"enemies":"Snecko","floor":30.0,"turns":6.0},{"damage":41.0,"enemies":"Automaton","floor":33.0,"turns":10.0},{"damage":10.0,"enemies":"Orb Walker","floor":35.0,"turns":7.0},{"damage":15.0,"enemies":"3 Darklings","floor":39.0,"turns":7.0},{"damage":12.0,"enemies":"Giant Head","floor":41.0,"turns":9.0},{"damage":0.0,"enemies":"Jaw Worm Horde","floor":42.0,"turns":8.0},{"damage":0.0,"enemies":"Maw","floor":44.0,"turns":7.0},{"damage":12.0,"enemies":"Sphere and 2 Shapes","floor":46.0,"turns":8.0},{"damage":0,"enemies":"4 Shapes","floor":48,"turns":6},{"damage":15,"enemies":"Awakened One","floor":50,"turns":20},{"damage":47,"enemies":"Shield and Spear","floor":54,"turns":7},{"damage":122,"enemies":"The Heart","floor":55,"turns":12}],"seed_played":"4846893128876633993","potions_obtained":[{"floor":1.0,"key":"Strength Potion"},{"floor":4.0,"key":"SpeedPotion"},{"floor":18.0,"key":"EssenceOfSteel"},{"floor":21.0,"key":"EntropicBrew"},{"floor":33.0,"key":"Poison Potion"},{"floor":42.0,"key":"Swift Potion"},{"floor":44.0,"key":"Energy Potion"},{"floor":48,"key":"SpeedPotion"}],"is_trial":false,"path_per_floor":["M","?","$","M","M","R","M","R","T","R","M","R","?","M","R","B",null,"M","M","?","M","$","E","R","E","T","R","M","R","M","T","R","B",null,"M","$","?","?","M","R","E","M","T","M","R","M","R","M","R","B",null,"R","$","E","B"],"character_chosen":"IRONCLAD","items_purchased":["Shrug It Off","Ghostly Armor","Shrug It Off","DollysMirror","PowerPotion"],"campfire_rested":0,"item_purchase_floors":[3,22,22,36,53],"current_hp_per_floor":[75,75,75,78,81,81,84,84,84,84,88,88,88,92,92,46,84,83,88,88,85,85,49,49,73,73,73,86,86,72,72,72,41,112,108,108,108,108,99,99,96,106,106,112,112,113,113,126,126,117,146,146,146,115,0],"gold":35,"neow_bonus":"THREE_RARE_CARDS","is_prod":false,"is_daily":false,"chose_seed":false,"campfire_upgraded":9,"win_rate":0,"timestamp":1549255050,"path_taken":["M","?","?","?","M","R","M","R","T","R","M","R","?","M","R","BOSS","M","M","?","M","$","E","R","E","T","R","M","R","M","?","R","BOSS","M","$","?","?","M","R","E","?","T","M","R","M","R","M","R","BOSS","R","$","E","BOSS"],"build_version":"2018-11-15","purchased_purges":3,"victory":false,"max_hp_per_floor":[75,75,75,78,81,81,84,84,84,84,88,88,88,92,92,96,96,100,107,107,114,114,114,114,121,121,121,128,128,131,131,131,135,135,135,135,135,135,135,135,138,142,142,142,142,149,149,156,156,156,156,156,156,166,166],"card_choices":[{"not_picked":["Exhume","Dark Embrace"],"picked":"Feed","floor":0.0},{"not_picked":["Sever Soul","Fire Breathing"],"picked":"Body Slam","floor":1.0},{"not_picked":["Dropkick","Sentinel"],"picked":"Body Slam","floor":4.0},{"not_picked":["Flex","Cleave","Armaments"],"picked":"SKIP","floor":5.0},{"not_picked":["True Grit","Pummel"],"picked":"Shrug It Off","floor":7.0},{"not_picked":["Thunderclap","Heavy Blade","Warcry"],"picked":"SKIP","floor":11.0},{"not_picked":["Pommel Strike","Bloodletting","Blood for Blood"],"picked":"SKIP","floor":14.0},{"not_picked":["Demon Form","Berserk"],"picked":"Feed","floor":16.0},{"not_picked":["Clothesline+1","Havoc","Bloodletting+1"],"picked":"SKIP","floor":18.0},{"not_picked":["Cleave+1","Heavy Blade"],"picked":"Body Slam+1","floor":19.0},{"not_picked":["Twin Strike","Berserk","Body Slam+1"],"picked":"SKIP","floor":21.0},{"not_picked":["Rupture","Sever Soul+1"],"picked":"Warcry+1","floor":23.0},{"not_picked":["Blood for Blood","Body Slam","Searing Blow"],"picked":"SKIP","floor":25.0},{"not_picked":["Searing Blow+1","Flex+1"],"picked":"Battle Trance","floor":28.0},{"not_picked":["Whirlwind+1","Anger+1","Pommel Strike+1"],"picked":"SKIP","floor":30.0},{"not_picked":["Immolate+1","Offering"],"picked":"Barricade","floor":33.0},{"not_picked":["Rage+1","Sword Boomerang+1"],"picked":"Flame Barrier","floor":34.0},{"not_picked":["Flex","Feel No Pain"],"picked":"Metallicize","floor":34.0},{"not_picked":["Perfected Strike+1","Iron Wave+1","Evolve+1"],"picked":"SKIP","floor":35.0},{"not_picked":["Disarm","Sentinel+1","Whirlwind+1"],"picked":"SKIP","floor":39.0},{"not_picked":["Demon Form","True Grit","Shrug It Off"],"picked":"SKIP","floor":41.0},{"not_picked":["Clothesline+1","Sword Boomerang+1","Warcry"],"picked":"SKIP","floor":42.0},{"not_picked":["Dual Wield+1","Perfected Strike+1","Clash+1"],"picked":"SKIP","floor":44.0},{"not_picked":["Reaper+1","True Grit","Cleave+1"],"picked":"SKIP","floor":46.0},{"not_picked":["Reaper+1","Cleave+1"],"picked":"True Grit","floor":46.0},{"not_picked":["Armaments+1","Cleave+1","Shrug It Off"],"picked":"SKIP","floor":48},{"not_picked":["Flex+1","Uppercut+1"],"picked":"Warcry+1","floor":54}],"player_experience":83747,"relics_obtained":[{"floor":23.0,"key":"StoneCalendar"},{"floor":25.0,"key":"Shovel"},{"floor":26.0,"key":"Molten Egg 2"},{"floor":29.0,"key":"Tiny Chest"},{"floor":31.0,"key":"Omamori"},{"floor":32.0,"key":"Smiling Mask"},{"floor":41.0,"key":"Bag of Marbles"},{"floor":45.0,"key":"Paper Frog"},{"floor":52,"key":"Letter Opener"},{"floor":54,"key":"Pear"}],"event_choices":[{"damage_healed":0.0,"max_hp_gain":0.0,"max_hp_loss":0.0,"gold_gain":0.0,"event_name":"Match and Keep!","player_choice":"1 cards matched","floor":2.0,"gold_loss":0.0,"damage_taken":0.0,"cards_obtained":["Impervious"]},{"cards_removed":["Strike_R"],"damage_healed":0.0,"max_hp_gain":0.0,"max_hp_loss":0.0,"gold_gain":0.0,"event_name":"The Cleric","player_choice":"Card Removal","floor":13.0,"gold_loss":50.0,"damage_taken":0.0},{"cards_removed":["Strike_R"],"damage_healed":0.0,"max_hp_gain":0.0,"max_hp_loss":0.0,"gold_gain":0.0,"event_name":"Back to Basics","player_choice":"Elegance","floor":20.0,"gold_loss":0.0,"damage_taken":0.0},{"damage_healed":0.0,"max_hp_gain":0.0,"max_hp_loss":0.0,"gold_gain":0.0,"event_name":"Tomb of Lord Red Mask","player_choice":"Paid","floor":37.0,"gold_loss":110.0,"damage_taken":0.0,"relics_obtained":["Red Mask"]},{"damage_healed":0.0,"max_hp_gain":0.0,"max_hp_loss":0.0,"gold_gain":0.0,"event_name":"Match and Keep!","player_choice":"2 cards matched","floor":38.0,"gold_loss":0.0,"damage_taken":0.0,"cards_obtained":["Intimidate","Dark Shackles"]}],"is_beta":false,"boss_relics":[{"not_picked":["Black Star","Tiny House"],"picked":"Runic Dome"},{"not_picked":["White Beast Statue","Sozu"],"picked":"Orrery"}],"items_purged_floors":[22,36,53],"is_endless":false,"potions_floor_spawned":[1,4,7,18,21,33,42,44,48,54],"killed_by":"The Heart","ascension_level":11}