{"gold_per_floor":[210,227,246,246,246,246,280,294,317,317,317,349,349,367,367,467,467,479,479,492,11,22,22,22,51,51,51,85,96,96,111,111,210,210,225,225,245,263,263,263,278,278,305,323,323,356,656,673,673,673],"floor_reached":50,"playtime":2606,"items_purged":["Defend_B"],"score":647,"play_id":"06c5760d-eb2a-48d7-9813-136dde07b46b","local_time":"20190207090527","is_ascension_mode":false,"campfire_choices":[{"data":"PanicButton","floor":6.0,"key":"SMITH"},{"floor":11.0,"key":"REST"},{"data":"Conserve Battery","floor":13.0,"key":"SMITH"},{"floor":15.0,"key":"REST"},{"floor":24.0,"key":"REST"},{"floor":27.0,"key":"REST"},{"floor":30.0,"key":"REST"},{"floor":32.0,"key":"REST"},{"floor":40.0,"key":"REST"},{"floor":42.0,"key":"REST"},{"floor":45.0,"key":"REST"},{"floor":49,"key":"REST"}],"neow_cost":"NONE","seed_source_timestamp":40787444706565,"circlet_count":0,"master_deck":["Strike_B","Strike_B","Strike_B","Strike_B","Defend_B","Defend_B","Defend_B","Zap","Dualcast","Defragment+1","Cold Snap","PanicButton+1","Cold Snap","Buffer","Conserve Battery+1","Barrage","Loop","Thunder Strike","RitualDagger","Barrage+1","Static Discharge","Panacea","Gash+1","Static Discharge+1","Coolheaded","Static Discharge+1","Cold Snap","Streamline","Streamline","Cold Snap","Rainbow","Storm+1","Storm+1","Buffer","White Noise","Defragment+1"],"special_seed":0,"relics":["Cracked Core","Strawberry","Orichalcum","Dream Catcher","Philosopher\u0027s Stone","Letter Opener","Ornamental Fan","Peace Pipe","Lantern","Lizard Tail","Blood Vial","Bottled Tornado"],"potions_floor_usage":[48,48,48],"damage_taken":[{"damage":0.0,"enemies":"Small Slimes","floor":1.0,"turns":3.0},{"damage":4.0,"enemies":"2 Louse","floor":2.0,"turns":4.0},{"damage":4.0,"enemies":"Cultist","floor":3.0,"turns":4.0},{"damage":28.0,"enemies":"Gremlin Nob","floor":7.0,"turns":4.0},{"damage":6.0,"enemies":"Large Slime","floor":8.0,"turns":5.0},{"damage":10.0,"enemies":"3 Sentries","floor":12.0,"turns":8.0},{"damage":5.0,"enemies":"3 Louse","floor":14.0,"turns":4.0},{"damage":0.0,"enemies":"Hexaghost","floor":16.0,"turns":15.0},{"damage":5.0,"enemies":"Shell Parasite","floor":18.0,"turns":7.0},{"damage":12.0,"enemies":"Spheric Guardian","floor":20.0,"turns":4.0},{"damage":30.0,"enemies":"Snake Plant","floor":22.0,"turns":6.0},{"damage":29.0,"enemies":"Gremlin Leader","floor":25.0,"turns":5.0},{"damage":23.0,"enemies":"Book of Stabbing","floor":28.0,"turns":3.0},{"damage":16.0,"enemies":"Centurion and Healer","floor":29.0,"turns":5.0},{"damage":1.0,"enemies":"Chosen and Byrds","floor":31.0,"turns":6.0},{"damage":61.0,"enemies":"Collector","floor":33.0,"turns":9.0},{"damage":34.0,"enemies":"3 Darklings","floor":35.0,"turns":6.0},{"damage":5.0,"enemies":"3 Shapes","floor":37.0,"turns":5.0},{"damage":24.0,"enemies":"Writhing Mass","floor":38.0,"turns":4.0},{"damage":32.0,"enemies":"Maw","floor":41.0,"turns":7.0},{"damage":33.0,"enemies":"4 Shapes","floor":44.0,"turns":4.0},{"damage":34.0,"enemies":"Reptomancer","floor":46.0,"turns":5.0},{"damage":39,"enemies":"Sphere and 2 Shapes","floor":48,"turns":4},{"damage":49,"enemies":"Awakened One","floor":50,"turns":2}],"seed_played":"419009674861115462","potions_obtained":[{"floor":3.0,"key":"Weak Potion"},{"floor":8.0,"key":"FocusPotion"},{"floor":20.0,"key":"Swift Potion"},{"floor":35.0,"key":"PowerPotion"},{"floor":37.0,"key":"Fire Potion"},{"floor":44.0,"key":"Fire Potion"}],"is_trial":false,"path_per_floor":["M","M","M","?","?","R","E","M","T","?","R","E","R","M","R","B",null,"M","?","M","$","M","?","R","E","T","R","E","M","R","M","R","B",null,"M","?","M","M","?","R","M","R","T","M","R","E","?","M","R","B"],"character_chosen":"DEFECT","items_purchased":["Static Discharge","Letter Opener","Panacea"],"campfire_rested":10,"item_purchase_floors":[21,21,21],"current_hp_per_floor":[75,71,67,67,67,67,46,40,40,45,71,61,61,56,82,82,87,82,76,64,64,34,34,60,31,31,57,34,18,44,43,69,8,87,53,53,48,24,24,48,16,40,40,9,33,1,1,9,33,0],"gold":673,"neow_bonus":"HUNDRED_GOLD","is_prod":false,"is_daily":false,"chose_seed":false,"campfire_upgraded":2,"win_rate":0.0,"timestamp":1549519527,"path_taken":["M","M","M","?","?","R","E","?","T","?","R","E","R","M","R","BOSS","M","?","M","$","M","?","R","E","T","R","E","M","R","M","R","BOSS","M","?","M","?","?","R","M","R","T","M","R","E","?","?","R","BOSS"],"build_version":"2019-01-23","purchased_purges":1,"victory":false,"max_hp_per_floor":[75,75,75,75,75,75,82,82,82,87,87,87,87,87,87,87,87,87,87,87,87,87,87,87,87,87,87,87,87,87,87,87,87,87,87,87,87,87,83,83,83,83,83,83,83,83,83,83,83,83],"card_choices":[{"not_picked":["Steam","BootSequence","Heatsinks"],"picked":"SKIP","floor":1.0},{"not_picked":["Cold Snap","Stack"],"picked":"Defragment","floor":2.0},{"not_picked":["Compile Driver","Sweeping Beam"],"picked":"Cold Snap","floor":3.0},{"not_picked":["Reinforced Body","Hello World"],"picked":"Cold Snap","floor":7.0},{"not_picked":["Hello World","Compile Driver"],"picked":"Buffer","floor":8.0},{"not_picked":["Go for the Eyes","Fusion"],"picked":"Conserve Battery","floor":12.0},{"not_picked":["Darkness","Tempest"],"picked":"Barrage","floor":14.0},{"not_picked":["Beam Cell","Barrage"],"picked":"Loop","floor":15.0},{"not_picked":["Machine Learning","Seek"],"picked":"Thunder Strike","floor":16.0},{"not_picked":["Stack","Sweeping Beam","Rip and Tear"],"picked":"SKIP","floor":18.0},{"not_picked":["Steam","Ball Lightning"],"picked":"Barrage+1","floor":20.0},{"not_picked":["Reprogram","Reboot"],"picked":"Gash+1","floor":22.0},{"not_picked":["FTL","Streamline"],"picked":"Static Discharge+1","floor":24.0},{"not_picked":["Chill","FTL"],"picked":"Coolheaded","floor":25.0},{"not_picked":["Sweeping Beam","Fusion+1"],"picked":"Static Discharge+1","floor":27.0},{"not_picked":["Barrage","Go for the Eyes+1"],"picked":"Cold Snap","floor":28.0},{"not_picked":["Rebound","Chaos","Go for the Eyes"],"picked":"SKIP","floor":29.0},{"not_picked":["BootSequence","Darkness+1"],"picked":"Streamline","floor":30.0},{"not_picked":["Undo","Coolheaded"],"picked":"Streamline","floor":31.0},{"not_picked":["Beam Cell","Rebound+1"],"picked":"Cold Snap","floor":32.0},{"not_picked":["All For One","Thunder Strike"],"picked":"Rainbow","floor":33.0},{"not_picked":["Sweeping Beam","Ball Lightning"],"picked":"Storm+1","floor":35.0},{"not_picked":["Lockon+1","Force Field"],"picked":"Storm+1","floor":37.0},{"not_picked":["Hologram","Barrage","Sweeping Beam"],"picked":"SKIP","floor":38.0},{"not_picked":["Coolheaded+1","Streamline","Skim"],"picked":"SKIP","floor":41.0},{"not_picked":["Ball Lightning","Multi-Cast","Chill"],"picked":"SKIP","floor":44.0},{"not_picked":["Glacier+1","Fusion"],"picked":"Buffer","floor":46.0},{"not_picked":["Rebound","Gash"],"picked":"White Noise","floor":48},{"not_picked":["Tempest+1","Chaos+1"],"picked":"Defragment+1","floor":49}],"player_experience":222836,"relics_obtained":[{"floor":7.0,"key":"Strawberry"},{"floor":9.0,"key":"Orichalcum"},{"floor":12.0,"key":"Dream Catcher"},{"floor":25.0,"key":"Ornamental Fan"},{"floor":26.0,"key":"Peace Pipe"},{"floor":28.0,"key":"Lantern"},{"floor":43.0,"key":"Blood Vial"},{"floor":46.0,"key":"Bottled Tornado"}],"event_choices":[{"damage_healed":0.0,"max_hp_gain":0.0,"max_hp_loss":0.0,"gold_gain":0.0,"event_name":"Living Wall","player_choice":"Grow","floor":4.0,"gold_loss":0.0,"damage_taken":0.0,"cards_upgraded":["Defragment"]},{"damage_healed":0.0,"max_hp_gain":0.0,"max_hp_loss":0.0,"gold_gain":0.0,"event_name":"Match and Keep!","player_choice":"1 cards matched","floor":5.0,"gold_loss":0.0,"damage_taken":0.0,"cards_obtained":["PanicButton"]},{"damage_healed":0.0,"max_hp_gain":5.0,"max_hp_loss":0.0,"gold_gain":0.0,"event_name":"Big Fish","player_choice":"Donut","floor":10.0,"gold_loss":0.0,"damage_taken":0.0},{"damage_healed":0.0,"max_hp_gain":0.0,"max_hp_loss":0.0,"gold_gain":0.0,"event_name":"Nest","player_choice":"Joined the Cult","floor":19.0,"gold_loss":0.0,"damage_taken":6.0,"cards_obtained":["RitualDagger"]},{"damage_healed":0.0,"max_hp_gain":0.0,"max_hp_loss":0.0,"gold_gain":0.0,"event_name":"Beggar","player_choice":"Ignored","floor":23.0,"gold_loss":0.0,"damage_taken":0.0},{"damage_healed":0.0,"max_hp_gain":0.0,"max_hp_loss":0.0,"gold_gain":0.0,"event_name":"NoteForYourself","player_choice":"Ignored","floor":36.0,"gold_loss":0.0,"damage_taken":0.0},{"damage_healed":0.0,"max_hp_gain":0.0,"max_hp_loss":4.0,"gold_gain":0.0,"event_name":"Winding Halls","player_choice":"Max HP","floor":39.0,"gold_loss":0.0,"damage_taken":0.0},{"damage_healed":0.0,"max_hp_gain":0.0,"max_hp_loss":0.0,"gold_gain":300.0,"event_name":"Wheel of Change","player_choice":"Gold","floor":47.0,"gold_loss":0.0,"damage_taken":0.0}],"is_beta":false,"boss_relics":[{"not_picked":["Velvet Choker","Runic Pyramid"],"picked":"Philosopher\u0027s Stone"},{"not_picked":["Tiny House","Runic Dome"],"picked":"Lizard Tail"}],"items_purged_floors":[21],"is_endless":false,"potions_floor_spawned":[3,8,20,25,28,35,37,44,46],"killed_by":"Awakened One","ascension_level":0}