{"gold_per_floor":[116,126,141,141,159,191,191,116,193,193,224,224,224,124,124,219,219,236,236,252,271,271,271,301,301],"floor_reached":25,"playtime":809,"items_purged":["Defend_R","Strike_R"],"score":254,"play_id":"8e407b31-58bf-411e-811f-abb5e0ee347a","local_time":"20190209171739","is_ascension_mode":false,"campfire_choices":[{"floor":10,"key":"REST"},{"floor":12,"key":"REST"},{"floor":15,"key":"REST"},{"floor":23,"key":"REST"}],"neow_cost":"NONE","seed_source_timestamp":71636642267356,"circlet_count":0,"master_deck":["Strike_R","Strike_R","Strike_R","Strike_R","Defend_R","Defend_R","Defend_R","Bash","Clash","Barricade","Pommel Strike","Spot Weakness","Seeing Red"],"relics":["Burning Blood","Calipers","Blood Vial","Mercury Hourglass","Ornamental Fan","Fusion Hammer","Red Skull","Pear"],"potions_floor_usage":[6,16],"damage_taken":[{"damage":1,"enemies":"Cultist","floor":1,"turns":3},{"damage":4,"enemies":"2 Louse","floor":2,"turns":4},{"damage":0,"enemies":"Small Slimes","floor":3,"turns":3},{"damage":18,"enemies":"Blue Slaver","floor":5,"turns":5},{"damage":49,"enemies":"Lagavulin","floor":6,"turns":8},{"damage":30,"enemies":"3 Sentries","floor":11,"turns":7},{"damage":69,"enemies":"The Guardian","floor":16,"turns":14},{"damage":6,"enemies":"3 Byrds","floor":18,"turns":5},{"damage":12,"enemies":"2 Thieves","floor":20,"turns":4},{"damage":41,"enemies":"Centurion and Healer","floor":21,"turns":5},{"damage":78,"enemies":"Slavers","floor":24,"turns":6},{"damage":0,"enemies":"Slavers","floor":25,"turns":1}],"seed_played":"2842448940826086876","potions_obtained":[{"floor":1,"key":"SkillPotion"},{"floor":6,"key":"SpeedPotion"},{"floor":11,"key":"LiquidBronze"},{"floor":16,"key":"BloodPotion"},{"floor":21,"key":"Swift Potion"}],"is_trial":false,"path_per_floor":["M","M","M","?","M","E","?","$","T","R","E","R","?","$","R","B",null,"M","$","M","M","?","R","E","?"],"character_chosen":"IRONCLAD","items_purchased":[],"campfire_rested":4,"item_purchase_floors":[],"current_hp_per_floor":[88,88,88,93,81,38,13,13,13,40,18,45,45,45,72,11,93,93,93,87,54,54,81,21,21],"gold":301,"neow_bonus":"TEN_PERCENT_HP_BONUS","is_prod":false,"is_daily":false,"chose_seed":false,"campfire_upgraded":0,"win_rate":0,"timestamp":1549721859,"path_taken":["M","M","?","?","M","E","?","$","T","R","E","R","?","?","R","BOSS","M","$","M","M","?","R","E","?"],"build_version":"2019-01-23","purchased_purges":2,"victory":false,"max_hp_per_floor":[88,88,88,93,93,93,93,93,93,93,93,93,93,93,93,93,93,93,93,93,93,93,93,103,103],"card_choices":[{"not_picked":["Flame Barrier","Whirlwind","Body Slam"],"picked":"SKIP","floor":1},{"not_picked":["Sever Soul","Warcry","Body Slam"],"picked":"SKIP","floor":2},{"not_picked":["Wild Strike","Second Wind","Sword Boomerang"],"picked":"SKIP","floor":3},{"not_picked":["Rage","Iron Wave","Heavy Blade"],"picked":"SKIP","floor":5},{"not_picked":["Pummel","Bloodletting"],"picked":"Clash","floor":6},{"not_picked":["Dual Wield","Havoc","Rampage"],"picked":"SKIP","floor":11},{"not_picked":["Immolate","Brutality"],"picked":"Barricade","floor":16},{"not_picked":["Searing Blow","Bloodletting","Clothesline"],"picked":"SKIP","floor":18},{"not_picked":["Rupture+1","Headbutt"],"picked":"Pommel Strike","floor":20},{"not_picked":["Clash+1","Wild Strike"],"picked":"Spot Weakness","floor":21},{"not_picked":["Reaper","Burning Pact"],"picked":"Seeing Red","floor":24}],"player_experience":266029,"relics_obtained":[{"floor":6,"key":"Calipers"},{"floor":9,"key":"Mercury Hourglass"},{"floor":11,"key":"Ornamental Fan"},{"floor":24,"key":"Pear"}],"event_choices":[{"damage_healed":0,"gold_gain":0,"player_choice":"Donut","damage_taken":0,"max_hp_gain":5,"max_hp_loss":0,"event_name":"Big Fish","floor":4,"gold_loss":0},{"damage_healed":0,"gold_gain":0,"player_choice":"Success","damage_taken":25,"relics_obtained":["Blood Vial"],"max_hp_gain":0,"max_hp_loss":0,"event_name":"Scrap Ooze","floor":7,"gold_loss":0},{"damage_healed":0,"gold_gain":0,"player_choice":"Ignored","damage_taken":0,"max_hp_gain":0,"max_hp_loss":0,"event_name":"Shining Light","floor":13,"gold_loss":0},{"damage_healed":0,"gold_gain":0,"player_choice":"Opened","damage_taken":0,"relics_obtained":["Red Skull"],"max_hp_gain":0,"max_hp_loss":0,"event_name":"The Mausoleum","floor":22,"gold_loss":0}],"is_beta":false,"boss_relics":[{"not_picked":["Tiny House","Sozu"],"picked":"Fusion Hammer"}],"items_purged_floors":[8,14],"is_endless":false,"potions_floor_spawned":[1,6,11,16,20,21,24],"killed_by":"Slavers","ascension_level":0}