{"gold_per_floor":[215,229,154,171,71,71,102,102,150,25,25,56,75,85,85,182,182,202,202,214,231,146,146,71,71,118,142,156,171,182,32,32,32],"floor_reached":33,"playtime":1181,"items_purged":["Defend_R","Strike_R","Defend_R","Defend_R"],"score":257,"play_id":"3fb789c7-43ec-45c6-a19e-e89676ed0b47","local_time":"20190211104710","is_ascension_mode":false,"campfire_choices":[{"data":"Clash","floor":6.0,"key":"SMITH"},{"floor":15.0,"key":"REST"},{"floor":23.0,"key":"REST"},{"floor":25.0,"key":"REST"},{"floor":32.0,"key":"REST"}],"neow_cost":"NONE","seed_source_timestamp":51899676897888,"circlet_count":0,"master_deck":["Strike_R","Strike_R","Strike_R","Strike_R","Bash","Clash+1","Shrug It Off"],"special_seed":0,"relics":["Burning Blood","Centennial Puzzle","Dodecahedron","Omamori","Pear","Philosopher\u0027s Stone","Happy Flower","Lantern","Vajra"],"potions_floor_usage":[33,33],"damage_taken":[{"damage":5.0,"enemies":"Cultist","floor":1.0,"turns":4.0},{"damage":0.0,"enemies":"2 Louse","floor":2.0,"turns":2.0},{"damage":0.0,"enemies":"Small Slimes","floor":4.0,"turns":3.0},{"damage":39.0,"enemies":"3 Sentries","floor":7.0,"turns":11.0},{"damage":34.0,"enemies":"Lagavulin","floor":12.0,"turns":6.0},{"damage":2.0,"enemies":"Blue Slaver","floor":13.0,"turns":3.0},{"damage":21.0,"enemies":"Large Slime","floor":14.0,"turns":6.0},{"damage":37.0,"enemies":"Slime Boss","floor":16.0,"turns":7.0},{"damage":15.0,"enemies":"3 Byrds","floor":18.0,"turns":5.0},{"damage":16.0,"enemies":"2 Thieves","floor":20.0,"turns":5.0},{"damage":51.0,"enemies":"Centurion and Healer","floor":21.0,"turns":7.0},{"damage":28.0,"enemies":"Shelled Parasite and Fungi","floor":28.0,"turns":4.0},{"damage":2.0,"enemies":"Cultist and Chosen","floor":29.0,"turns":4.0},{"damage":15.0,"enemies":"Chosen and Byrds","floor":30.0,"turns":6.0},{"damage":82,"enemies":"Champ","floor":33,"turns":9}],"seed_played":"9080475043148748040","potions_obtained":[{"floor":4.0,"key":"Explosive Potion"},{"floor":13.0,"key":"Fire Potion"},{"floor":18.0,"key":"Dexterity Potion"},{"floor":21.0,"key":"Ancient Potion"}],"is_trial":false,"path_per_floor":["M","M","$","M","$","R","E","T","T","$","?","E","M","M","R","B",null,"M","?","M","M","?","R","?","R","T","T","M","M","M","$","R","B"],"character_chosen":"IRONCLAD","items_purchased":[],"campfire_rested":4,"item_purchase_floors":[],"current_hp_per_floor":[80,80,80,80,80,80,47,47,47,47,47,29,33,18,45,14,90,81,81,71,26,26,53,53,80,80,80,58,62,53,53,80,0],"gold":32,"neow_bonus":"HUNDRED_GOLD","is_prod":false,"is_daily":false,"chose_seed":false,"campfire_upgraded":1,"win_rate":0,"timestamp":1549871230,"path_taken":["M","M","$","M","$","R","E","?","T","$","?","E","M","M","R","BOSS","M","?","M","M","?","R","?","R","T","?","M","?","?","$","R","BOSS"],"build_version":"2019-01-23","purchased_purges":4,"victory":false,"max_hp_per_floor":[80,80,80,80,80,80,80,80,80,80,80,90,90,90,90,90,90,90,90,90,90,90,90,90,90,90,90,90,90,90,90,90,90],"card_choices":[{"not_picked":["Thunderclap","Twin Strike"],"picked":"Clash","floor":1.0},{"not_picked":["Searing Blow","Sword Boomerang","Anger"],"picked":"SKIP","floor":2.0},{"not_picked":["Pommel Strike","Sever Soul","Intimidate"],"picked":"SKIP","floor":4.0},{"not_picked":["Clash","Evolve","Twin Strike"],"picked":"SKIP","floor":7.0},{"not_picked":["Immolate","Armaments","Dual Wield"],"picked":"SKIP","floor":12.0},{"not_picked":["Wild Strike","Corruption","Flex"],"picked":"SKIP","floor":13.0},{"not_picked":["Wild Strike","Cleave","Evolve"],"picked":"SKIP","floor":14.0},{"not_picked":["Combust","Whirlwind"],"picked":"Shrug It Off","floor":18.0},{"not_picked":["Heavy Blade","Iron Wave","Shrug It Off"],"picked":"SKIP","floor":20.0},{"not_picked":["Heavy Blade","Sentinel","Armaments"],"picked":"SKIP","floor":21.0},{"not_picked":["Headbutt+1","Thunderclap","Clothesline"],"picked":"SKIP","floor":28.0},{"not_picked":["Sword Boomerang","Wild Strike","Rupture"],"picked":"SKIP","floor":29.0},{"not_picked":["Hemokinesis","Blood for Blood","Cleave"],"picked":"SKIP","floor":30.0}],"player_experience":301274,"relics_obtained":[{"floor":7.0,"key":"Centennial Puzzle"},{"floor":8.0,"key":"Dodecahedron"},{"floor":9.0,"key":"Omamori"},{"floor":12.0,"key":"Pear"},{"floor":26.0,"key":"Lantern"},{"floor":27.0,"key":"Vajra"}],"event_choices":[{"damage_healed":0.0,"max_hp_gain":0.0,"max_hp_loss":0.0,"gold_gain":0.0,"event_name":"Liars Game","player_choice":"Ignored","floor":11.0,"gold_loss":0.0,"damage_taken":0.0},{"damage_healed":0.0,"max_hp_gain":0.0,"max_hp_loss":0.0,"gold_gain":0.0,"event_name":"Vampires","player_choice":"Ignored","floor":19.0,"gold_loss":0.0,"damage_taken":0.0},{"damage_healed":0.0,"max_hp_gain":0.0,"max_hp_loss":0.0,"gold_gain":0.0,"event_name":"Addict","player_choice":"Obtained Relic","floor":22.0,"gold_loss":85.0,"damage_taken":0.0,"relics_obtained":["Happy Flower"]},{"cards_removed":["Defend_R"],"damage_healed":0.0,"max_hp_gain":0.0,"max_hp_loss":0.0,"gold_gain":0.0,"event_name":"Beggar","player_choice":"Gave Gold","floor":24.0,"gold_loss":75.0,"damage_taken":0.0}],"is_beta":false,"boss_relics":[{"not_picked":["Fusion Hammer","Runic Pyramid"],"picked":"Philosopher\u0027s Stone"}],"items_purged_floors":[3,5,10,31],"is_endless":false,"potions_floor_spawned":[4,13,18,21],"killed_by":"Champ","ascension_level":0}