{"gold_per_floor":[215,226,42,116,116,143,143,158,209,130,130,146,164,180,180,276,276,294,311,311,3,17,17,17,17,17,36,0,0,0,0,0,103,103,114,114,130,149,0,0,0],"floor_reached":41,"playtime":1573,"items_purged":["Deadly Poison"],"score":455,"play_id":"25576144-6774-4bb3-b45a-dec7b89208ef","local_time":"20190213154113","is_ascension_mode":true,"campfire_choices":[{"floor":7.0,"key":"REST"},{"floor":11.0,"key":"REST"},{"floor":15.0,"key":"REST"},{"floor":23.0,"key":"REST"},{"floor":25.0,"key":"REST"},{"floor":32.0,"key":"REST"},{"floor":40,"key":"REST"}],"neow_cost":"NONE","seed_source_timestamp":62459343128871,"circlet_count":0,"master_deck":["Defend_G+1","Defend_G+1","Defend_G+1","Defend_G+1","Defend_G+1","Strike_G+1","Strike_G+1","Strike_G+1","Strike_G+1","Strike_G+1","Survivor","Neutralize","Choke","Slice","Magnetism","Blade Dance","Infinite Blades","Backstab","Storm of Steel","Slice+1","Noxious Fumes","Terror","J.A.X.","After Image","Slice+1","Slice+1","Parasite"],"special_seed":0,"relics":["Ring of the Serpent","Centennial Puzzle","Oddly Smooth Stone","WristBlade","Lantern","Pantograph","Red Mask"],"potions_floor_usage":[],"damage_taken":[{"damage":4.0,"enemies":"Small Slimes","floor":1.0,"turns":4.0},{"damage":7.0,"enemies":"Jaw Worm","floor":2.0,"turns":5.0},{"damage":40.0,"enemies":"Lagavulin","floor":6.0,"turns":9.0},{"damage":0.0,"enemies":"Cultist","floor":8.0,"turns":3.0},{"damage":1.0,"enemies":"Large Slime","floor":12.0,"turns":5.0},{"damage":10.0,"enemies":"2 Fungi Beasts","floor":13.0,"turns":4.0},{"damage":5.0,"enemies":"3 Louse","floor":14.0,"turns":4.0},{"damage":48.0,"enemies":"The Guardian","floor":16.0,"turns":14.0},{"damage":12.0,"enemies":"Chosen","floor":18.0,"turns":4.0},{"damage":18.0,"enemies":"Spheric Guardian","floor":19.0,"turns":4.0},{"damage":8.0,"enemies":"Centurion and Healer","floor":22.0,"turns":6.0},{"damage":18.0,"enemies":"Snake Plant","floor":27.0,"turns":4.0},{"damage":48.0,"enemies":"Champ","floor":33.0,"turns":8.0},{"damage":42,"enemies":"3 Darklings","floor":35,"turns":5},{"damage":5,"enemies":"Orb Walker","floor":37,"turns":3},{"damage":21,"enemies":"Jaw Worm Horde","floor":38,"turns":5},{"damage":29,"enemies":"Writhing Mass","floor":41,"turns":3}],"seed_played":"-6045478509464063225","potions_obtained":[{"floor":1.0,"key":"Energy Potion"},{"floor":8.0,"key":"Energy Potion"},{"floor":14.0,"key":"PowerPotion"},{"floor":22.0,"key":"EssenceOfSteel"},{"floor":33.0,"key":"Regen Potion"}],"is_trial":false,"path_per_floor":["M","M","$","?","?","E","R","M","T","$","R","M","M","M","R","B",null,"M","M","?","$","M","R","?","R","T","M","?","$","?","?","R","B",null,"M","$","M","M","?","R","M"],"character_chosen":"THE_SILENT","items_purchased":["Magnetism","Infinite Blades","Lantern","Noxious Fumes"],"campfire_rested":7,"item_purchase_floors":[3,10,21,21],"current_hp_per_floor":[66,59,59,59,59,19,40,40,40,40,61,60,50,45,66,18,70,58,40,40,40,32,53,53,70,70,52,52,52,52,39,61,27,75,33,33,28,7,7,29,0],"gold":0,"neow_bonus":"HUNDRED_GOLD","is_prod":false,"is_daily":false,"chose_seed":false,"campfire_upgraded":0,"win_rate":0,"timestamp":1550061673,"path_taken":["M","M","$","?","?","E","R","?","T","$","R","M","M","M","R","BOSS","M","M","?","$","M","R","?","R","T","M","?","$","?","?","R","BOSS","M","$","M","M","?","R","M"],"build_version":"2019-01-23","purchased_purges":1,"victory":false,"max_hp_per_floor":[70,70,70,70,70,70,70,70,70,70,70,70,70,70,70,70,70,70,70,70,70,70,70,70,70,70,70,70,70,70,75,75,75,75,75,75,75,75,75,75,75],"card_choices":[{"not_picked":["Calculated Gamble","Bane"],"picked":"Choke","floor":1.0},{"not_picked":["Backflip","Flying Knee"],"picked":"Slice","floor":2.0},{"not_picked":["Masterful Stab","Dagger Throw"],"picked":"Blade Dance","floor":6.0},{"not_picked":["Well Laid Plans","Quick Slash","Dodge and Roll"],"picked":"SKIP","floor":8.0},{"not_picked":["PiercingWail","Heel Hook"],"picked":"Deadly Poison","floor":12.0},{"not_picked":["Storm of Steel","Bane","Poisoned Stab"],"picked":"SKIP","floor":13.0},{"not_picked":["Escape Plan","Finisher"],"picked":"Backstab","floor":14.0},{"not_picked":["Burst","Malaise"],"picked":"Storm of Steel","floor":16.0},{"not_picked":["Terror","Setup","Blur"],"picked":"SKIP","floor":18.0},{"not_picked":["Dagger Spray+1","All Out Attack"],"picked":"Slice+1","floor":19.0},{"not_picked":["Footwork","Acrobatics+1","Poisoned Stab"],"picked":"SKIP","floor":22.0},{"not_picked":["Dagger Spray","Caltrops+1"],"picked":"Terror","floor":27.0},{"not_picked":["A Thousand Cuts","Unload"],"picked":"After Image","floor":33.0},{"not_picked":["Riddle With Holes+1","Expertise"],"picked":"Slice+1","floor":35},{"not_picked":["Endless Agony+1","Catalyst","Dagger Spray"],"picked":"SKIP","floor":37},{"not_picked":["Deflect","Dagger Throw"],"picked":"Slice+1","floor":38}],"player_experience":383713,"relics_obtained":[{"floor":6.0,"key":"Centennial Puzzle"},{"floor":9.0,"key":"Oddly Smooth Stone"},{"floor":26.0,"key":"Pantograph"}],"event_choices":[{"damage_healed":0.0,"max_hp_gain":0.0,"max_hp_loss":0.0,"gold_gain":74.0,"event_name":"Golden Wing","player_choice":"Gained Gold","floor":4.0,"gold_loss":0.0,"damage_taken":0.0},{"damage_healed":0.0,"max_hp_gain":0.0,"max_hp_loss":0.0,"gold_gain":0.0,"event_name":"The Woman in Blue","player_choice":"Bought 0 Potions","floor":5.0,"gold_loss":0.0,"damage_taken":0.0},{"damage_healed":0.0,"max_hp_gain":0.0,"max_hp_loss":0.0,"gold_gain":0.0,"event_name":"Back to Basics","player_choice":"Simplicity","floor":20.0,"gold_loss":0.0,"damage_taken":0.0,"cards_upgraded":["Defend_G","Defend_G","Defend_G","Defend_G","Defend_G","Strike_G","Strike_G","Strike_G","Strike_G","Strike_G"]},{"damage_healed":0.0,"max_hp_gain":0.0,"max_hp_loss":0.0,"gold_gain":0.0,"event_name":"Masked Bandits","player_choice":"Paid Fearfully","floor":28.0,"gold_loss":36.0,"damage_taken":0.0},{"damage_healed":0.0,"max_hp_gain":0.0,"max_hp_loss":0.0,"gold_gain":0.0,"event_name":"Drug Dealer","player_choice":"Obtain J.A.X.","floor":30.0,"gold_loss":0.0,"damage_taken":0.0,"cards_obtained":["J.A.X."]},{"damage_healed":0.0,"max_hp_gain":5.0,"max_hp_loss":0.0,"gold_gain":0.0,"event_name":"Forgotten Altar","player_choice":"Shed Blood","floor":31.0,"gold_loss":0.0,"damage_taken":18.0},{"damage_healed":0,"gold_gain":0,"player_choice":"Paid","damage_taken":0,"relics_obtained":["Red Mask"],"max_hp_gain":0,"max_hp_loss":0,"event_name":"Tomb of Lord Red Mask","floor":39,"gold_loss":149}],"is_beta":false,"boss_relics":[{"not_picked":["Orrery","Velvet Choker"],"picked":"WristBlade"},{"not_picked":["Snecko Eye","HoveringKite"],"picked":"Ring of the Serpent"}],"items_purged_floors":[21],"is_endless":false,"potions_floor_spawned":[1,8,14,22,27,33],"killed_by":"Writhing Mass","ascension_level":2}