{"gold_per_floor":[118,118,118,131,206,206,233,233,259,259,287,303,303,155,155,255,255,268,268,284,297,297,297,315,315,365,365],"floor_reached":27,"playtime":531,"items_purged":["Strike_B"],"score":317,"play_id":"69e12831-7219-47ba-bde0-442105d8bd1a","local_time":"20190129022644","is_ascension_mode":true,"campfire_choices":[{"data":"Zap","floor":6.0,"key":"SMITH"},{"data":"White Noise","floor":8.0,"key":"SMITH"},{"data":"Defend_B","floor":10.0,"key":"SMITH"},{"data":"Storm","floor":15.0,"key":"SMITH"},{"data":"Fission","floor":23.0,"key":"SMITH"},{"data":"Storm","floor":25,"key":"SMITH"}],"neow_cost":"NONE","seed_source_timestamp":5167591603134,"circlet_count":0,"master_deck":["Strike_B","Strike_B","Strike_B","Defend_B","Defend_B","Defend_B","Defend_B+1","Zap+1","Dualcast","White Noise+1","White Noise+1","Ball Lightning","Fission+1","Storm+1","Storm+1","Heatsinks","Amplify","Static Discharge","Force Field","Decay","Conserve Battery","Capacitor+1"],"special_seed":0,"relics":["Cracked Core","NeowsBlessing","CultistMask","Prayer Wheel","Lantern","Bottled Lightning","Matryoshka","Coffee Dripper","Strawberry"],"potions_floor_usage":[24],"damage_taken":[{"damage":0.0,"enemies":"Jaw Worm","floor":1.0,"turns":1.0},{"damage":0.0,"enemies":"2 Louse","floor":4.0,"turns":1.0},{"damage":0.0,"enemies":"3 Sentries","floor":7.0,"turns":1.0},{"damage":20.0,"enemies":"Lagavulin","floor":11.0,"turns":4.0},{"damage":0.0,"enemies":"Cultist","floor":12.0,"turns":2.0},{"damage":28.0,"enemies":"Hexaghost","floor":16.0,"turns":5.0},{"damage":5.0,"enemies":"2 Thieves","floor":18.0,"turns":3.0},{"damage":6.0,"enemies":"Chosen","floor":20.0,"turns":4.0},{"damage":23.0,"enemies":"Snecko","floor":21.0,"turns":4.0},{"damage":8,"enemies":"Snake Plant","floor":24,"turns":3},{"damage":16,"enemies":"Centurion and Healer","floor":27,"turns":1}],"seed_played":"-6034544902105654203","potions_obtained":[{"floor":1.0,"key":"Energy Potion"},{"floor":4.0,"key":"Strength Potion"},{"floor":12.0,"key":"Swift Potion"},{"floor":16.0,"key":"Block Potion"},{"floor":21.0,"key":"SpeedPotion"}],"is_trial":false,"path_per_floor":["M","?","?","M","?","R","E","R","T","R","E","M","T","$","R","B",null,"M","?","M","M","?","R","M","R","T","M"],"character_chosen":"DEFECT","items_purchased":["Heatsinks"],"campfire_rested":0,"item_purchase_floors":[14],"current_hp_per_floor":[68,68,68,68,57,57,57,57,57,57,37,37,37,37,37,9,59,54,54,48,25,11,11,3,3,10,0],"gold":365,"neow_bonus":"THREE_ENEMY_KILL","is_prod":false,"is_daily":false,"chose_seed":false,"campfire_upgraded":6,"win_rate":0,"timestamp":1548739604,"path_taken":["M","?","?","?","?","R","E","R","T","R","E","M","?","$","R","BOSS","M","?","M","?","?","R","M","R","T","M"],"build_version":"2018-11-15","purchased_purges":1,"victory":false,"max_hp_per_floor":[75,75,75,75,75,75,75,75,75,75,75,75,75,75,75,75,75,75,75,75,75,80,80,80,80,87,87],"card_choices":[{"not_picked":["Static Discharge","Streamline"],"picked":"White Noise","floor":1.0},{"not_picked":["Hologram","Undo"],"picked":"White Noise","floor":4.0},{"not_picked":["FTL","Sweeping Beam"],"picked":"Ball Lightning","floor":7.0},{"not_picked":["Sweeping Beam","Steam"],"picked":"Fission","floor":11.0},{"not_picked":["Go for the Eyes","Scrape"],"picked":"Storm","floor":12.0},{"not_picked":["Ball Lightning","Skim"],"picked":"Storm","floor":12.0},{"not_picked":["Core Surge","Biased Cognition"],"picked":"Amplify","floor":16.0},{"not_picked":["Fusion","Go for the Eyes"],"picked":"Static Discharge","floor":18.0},{"not_picked":["Go for the Eyes","Stack"],"picked":"Force Field","floor":18.0},{"not_picked":["Fusion","Sweeping Beam+1"],"picked":"Conserve Battery","floor":20.0},{"not_picked":["Scrape+1","Recycle","Barrage"],"picked":"SKIP","floor":20.0},{"not_picked":["Ball Lightning","Rebound+1","Recycle"],"picked":"SKIP","floor":21.0},{"not_picked":["Multi-Cast","Ball Lightning","Streamline+1"],"picked":"SKIP","floor":21.0},{"not_picked":["Compile Driver","Leap+1"],"picked":"Capacitor+1","floor":24},{"not_picked":["Consume","Redo","Coolheaded"],"picked":"SKIP","floor":24}],"player_experience":46484,"relics_obtained":[{"floor":7.0,"key":"Prayer Wheel"},{"floor":9.0,"key":"Lantern"},{"floor":11.0,"key":"Bottled Lightning"},{"floor":13.0,"key":"Matryoshka"},{"floor":26,"key":"Strawberry"}],"event_choices":[{"damage_healed":0.0,"max_hp_gain":0.0,"max_hp_loss":0.0,"gold_gain":0.0,"event_name":"Living Wall","player_choice":"Grow","floor":2.0,"gold_loss":0.0,"damage_taken":0.0,"cards_upgraded":["White Noise"]},{"damage_healed":0.0,"max_hp_gain":0.0,"max_hp_loss":0.0,"gold_gain":0.0,"event_name":"FaceTrader","player_choice":"Trade","floor":3.0,"gold_loss":0.0,"damage_taken":0.0,"relics_obtained":["CultistMask"]},{"damage_healed":0.0,"max_hp_gain":0.0,"max_hp_loss":0.0,"gold_gain":75.0,"event_name":"World of Goop","player_choice":"Gather Gold","floor":5.0,"gold_loss":0.0,"damage_taken":11.0},{"damage_healed":0.0,"max_hp_gain":0.0,"max_hp_loss":0.0,"gold_gain":0.0,"event_name":"Wheel of Change","player_choice":"Cursed","floor":19.0,"gold_loss":0.0,"damage_taken":0.0,"cards_obtained":["Decay"]},{"damage_healed":0.0,"max_hp_gain":5.0,"max_hp_loss":0.0,"gold_gain":0.0,"event_name":"Forgotten Altar","player_choice":"Shed Blood","floor":22.0,"gold_loss":0.0,"damage_taken":19.0}],"is_beta":false,"boss_relics":[{"not_picked":["Tiny House","Eternal Feather"],"picked":"Coffee Dripper"}],"items_purged_floors":[14],"is_endless":false,"potions_floor_spawned":[1,4,12,16,21],"killed_by":"Centurion and Healer","ascension_level":6}