{"gold_per_floor":[109,120,133,133,18,30,62,62,88,102,102,117,131,166,166,261,261,278,278,278,290,290,324,324,351,351,370,396,396,272,289,289,384,384,396,396,406,306,326,326,339,352,352,352,11,11,24,38,38,38,38,38,38,69,69],"floor_reached":55,"playtime":3519,"items_purged":["Strike_B","Strike_B"],"score":691,"play_id":"cdc90508-f9a0-4f48-becb-7c851fe5097d","local_time":"20190206165955","is_ascension_mode":false,"campfire_choices":[{"floor":8.0,"key":"REST"},{"floor":11.0,"key":"RECALL"},{"data":"White Noise","floor":15.0,"key":"SMITH"},{"floor":24.0,"key":"REST"},{"floor":32.0,"key":"REST"},{"data":"Rainbow","floor":40,"key":"SMITH"},{"floor":44,"key":"REST"},{"data":"Glacier","floor":49,"key":"SMITH"},{"data":"Static Discharge","floor":52,"key":"SMITH"}],"neow_cost":"NONE","seed_source_timestamp":0,"circlet_count":0,"master_deck":["Strike_B+1","Strike_B","Defend_B+1","Defend_B","Defend_B+1","Defend_B","Zap","Dualcast","Gash+1","Genetic Algorithm","Sunder+1","Self Repair+1","Glacier+1","White Noise+1","Lockon","Gash","Sweeping Beam","Loop+1","Leap","Rainbow+1","BootSequence","Gash","Static Discharge+1","Ball Lightning"],"special_seed":0,"relics":["Busted Crown","Omamori","DataDisk","Happy Flower","Black Star","Boot","Vajra","Art of War","Gambling Chip","Ancient Tea Set","Oddly Smooth Stone","War Paint","Mummified Hand","Lizard Tail","Meat on the Bone","Pantograph","Whetstone","Mercury Hourglass"],"potions_floor_usage":[50,55,55],"damage_taken":[{"damage":0.0,"enemies":"Small Slimes","floor":1.0,"turns":4.0},{"damage":0.0,"enemies":"Jaw Worm","floor":2.0,"turns":4.0},{"damage":2.0,"enemies":"2 Louse","floor":3.0,"turns":2.0},{"damage":8.0,"enemies":"Blue Slaver","floor":6.0,"turns":3.0},{"damage":33.0,"enemies":"Lagavulin","floor":7.0,"turns":9.0},{"damage":0.0,"enemies":"Looter","floor":10.0,"turns":3.0},{"damage":11.0,"enemies":"Large Slime","floor":12.0,"turns":5.0},{"damage":0.0,"enemies":"Red Slaver","floor":13.0,"turns":4.0},{"damage":6.0,"enemies":"Gremlin Nob","floor":14.0,"turns":3.0},{"damage":19.0,"enemies":"Slime Boss","floor":16.0,"turns":9.0},{"damage":10.0,"enemies":"3 Byrds","floor":18.0,"turns":4.0},{"damage":22.0,"enemies":"Spheric Guardian","floor":21.0,"turns":6.0},{"damage":31.0,"enemies":"Slavers","floor":23.0,"turns":5.0},{"damage":15.0,"enemies":"Book of Stabbing","floor":25.0,"turns":8.0},{"damage":20.0,"enemies":"Centurion and Healer","floor":27.0,"turns":10.0},{"damage":22.0,"enemies":"Slavers","floor":28.0,"turns":7.0},{"damage":0.0,"enemies":"Sentry and Sphere","floor":31.0,"turns":5.0},{"damage":40.0,"enemies":"Champ","floor":33.0,"turns":16.0},{"damage":12,"enemies":"Orb Walker","floor":35,"turns":4},{"damage":0,"enemies":"3 Shapes","floor":37,"turns":3},{"damage":14,"enemies":"3 Darklings","floor":39,"turns":6},{"damage":32,"enemies":"Spire Growth","floor":41,"turns":5},{"damage":13,"enemies":"Writhing Mass","floor":42,"turns":8},{"damage":4,"enemies":"4 Shapes","floor":47,"turns":7},{"damage":4,"enemies":"Spire Growth","floor":48,"turns":5},{"damage":55,"enemies":"Donu and Deca","floor":50,"turns":7},{"damage":70,"enemies":"Shield and Spear","floor":54,"turns":8},{"damage":107,"enemies":"The Heart","floor":55,"turns":6}],"seed_played":"6046398170792906875","potions_obtained":[{"floor":2.0,"key":"LiquidBronze"},{"floor":6.0,"key":"EssenceOfSteel"},{"floor":14.0,"key":"PowerPotion"},{"floor":23.0,"key":"Strength Potion"},{"floor":25.0,"key":"LiquidBronze"},{"floor":31.0,"key":"PowerPotion"},{"floor":33.0,"key":"GamblersBrew"},{"floor":37,"key":"Strength Potion"}],"is_trial":false,"path_per_floor":["M","M","M","?","$","M","E","R","T","M","R","M","M","E","R","B",null,"M","?","?","M","?","E","R","E","T","M","E","T","$","M","R","B",null,"M","?","M","$","M","R","M","M","T","R","$","?","M","M","R","B",null,"R","$","E","B"],"character_chosen":"DEFECT","items_purchased":["Sunder","Self Repair","Leap","Gash","Static Discharge","Pantograph"],"campfire_rested":4,"item_purchase_floors":[5,5,30,45,45,45],"current_hp_per_floor":[75,75,73,78,78,77,51,75,75,80,80,76,80,80,80,68,80,77,77,77,69,69,45,69,61,61,41,33,33,33,40,64,31,80,68,68,78,78,74,74,52,49,49,73,73,73,79,80,80,47,80,80,80,32,0],"gold":69,"neow_bonus":"BOSS_RELIC","is_prod":false,"is_daily":false,"chose_seed":false,"campfire_upgraded":4,"win_rate":0,"timestamp":1549493995,"path_taken":["M","M","M","?","$","M","E","R","T","M","R","M","M","E","R","BOSS","M","?","?","M","?","E","R","E","T","M","E","?","$","M","R","BOSS","M","?","?","$","M","R","M","M","T","R","$","?","?","M","R","BOSS","R","$","E","BOSS"],"build_version":"2019-01-23","purchased_purges":2,"victory":false,"max_hp_per_floor":[75,75,75,80,80,80,80,80,80,80,80,80,80,80,80,80,80,80,80,80,80,80,80,80,80,80,80,80,80,80,80,80,80,80,80,80,80,80,80,80,80,80,80,80,80,80,80,80,80,80,80,80,80,80,80],"card_choices":[{"not_picked":[],"picked":"Gash","floor":1.0},{"not_picked":["Fusion"],"picked":"SKIP","floor":2.0},{"not_picked":[],"picked":"Genetic Algorithm","floor":3.0},{"not_picked":["Streamline"],"picked":"SKIP","floor":6.0},{"not_picked":["Barrage"],"picked":"SKIP","floor":7.0},{"not_picked":["Steam"],"picked":"SKIP","floor":10.0},{"not_picked":[],"picked":"Glacier","floor":12.0},{"not_picked":[],"picked":"White Noise","floor":13.0},{"not_picked":[],"picked":"Lockon","floor":14.0},{"not_picked":["Barrage"],"picked":"SKIP","floor":18.0},{"not_picked":[],"picked":"Sweeping Beam","floor":21.0},{"not_picked":[],"picked":"Loop+1","floor":23.0},{"not_picked":["Cold Snap"],"picked":"SKIP","floor":25.0},{"not_picked":["Fusion+1"],"picked":"SKIP","floor":27.0},{"not_picked":["Reprogram"],"picked":"SKIP","floor":28.0},{"not_picked":["Loop"],"picked":"SKIP","floor":31.0},{"not_picked":[],"picked":"Rainbow","floor":33.0},{"not_picked":["Coolheaded"],"picked":"SKIP","floor":35},{"not_picked":[],"picked":"BootSequence","floor":37},{"not_picked":["Rebound+1"],"picked":"SKIP","floor":39},{"not_picked":["Streamline"],"picked":"SKIP","floor":41},{"not_picked":["Recycle+1"],"picked":"SKIP","floor":42},{"not_picked":["Genetic Algorithm+1"],"picked":"SKIP","floor":47},{"not_picked":[],"picked":"Ball Lightning","floor":48},{"not_picked":["Turbo"],"picked":"SKIP","floor":54}],"player_experience":391991,"relics_obtained":[{"floor":7.0,"key":"Omamori"},{"floor":9.0,"key":"DataDisk"},{"floor":14.0,"key":"Happy Flower"},{"floor":23.0,"key":"Vajra"},{"floor":23.0,"key":"Art of War"},{"floor":25.0,"key":"Gambling Chip"},{"floor":25.0,"key":"Ancient Tea Set"},{"floor":28.0,"key":"Oddly Smooth Stone"},{"floor":28.0,"key":"War Paint"},{"floor":29.0,"key":"Mummified Hand"},{"floor":43,"key":"Meat on the Bone"},{"floor":54,"key":"Whetstone"},{"floor":54,"key":"Mercury Hourglass"}],"event_choices":[{"damage_healed":0.0,"max_hp_gain":5.0,"max_hp_loss":0.0,"gold_gain":0.0,"event_name":"Big Fish","player_choice":"Donut","floor":4.0,"gold_loss":0.0,"damage_taken":0.0},{"damage_healed":0.0,"max_hp_gain":0.0,"max_hp_loss":0.0,"gold_gain":0.0,"event_name":"The Library","player_choice":"Read","floor":19.0,"gold_loss":0.0,"damage_taken":0.0,"cards_obtained":["Gash"]},{"damage_healed":0.0,"max_hp_gain":0.0,"max_hp_loss":0.0,"gold_gain":0.0,"event_name":"Ghosts","player_choice":"Ignored","floor":20.0,"gold_loss":0.0,"damage_taken":0.0},{"damage_healed":0.0,"max_hp_gain":0.0,"max_hp_loss":0.0,"gold_gain":0.0,"event_name":"The Mausoleum","player_choice":"Opened","floor":22.0,"gold_loss":0.0,"damage_taken":0.0,"relics_obtained":["Boot"]},{"damage_healed":0,"gold_gain":0,"player_choice":"Upgraded","damage_taken":0,"max_hp_gain":0,"max_hp_loss":0,"event_name":"Upgrade Shrine","floor":36,"gold_loss":0,"cards_upgraded":["Self Repair"]},{"damage_healed":0,"gold_gain":0,"player_choice":"Forge","damage_taken":0,"max_hp_gain":0,"max_hp_loss":0,"event_name":"Accursed Blacksmith","floor":46,"gold_loss":0,"cards_upgraded":["Sunder"]}],"is_beta":false,"boss_relics":[{"not_picked":["White Beast Statue","Nuclear Battery"],"picked":"Black Star"},{"not_picked":["Fusion Hammer","Cursed Key"],"picked":"Lizard Tail"}],"items_purged_floors":[30,38],"is_endless":false,"potions_floor_spawned":[2,6,12,14,23,25,31,33,35,37,41],"killed_by":"The Heart","ascension_level":0}