{"gold_per_floor":[116,66,66,80,91,109,120,151,174,174,4,33,49,66,66,66],"floor_reached":16,"playtime":1060,"items_purged":[],"score":114,"play_id":"7b065d7c-8244-47e4-9b51-a24d021a1745","local_time":"20190204171053","is_ascension_mode":false,"campfire_choices":[{"floor":10.0,"key":"REST"},{"floor":15.0,"key":"REST"}],"neow_cost":"NONE","seed_source_timestamp":65864641611051,"circlet_count":0,"master_deck":["Defend_G","Defend_G","Defend_G","Defend_G","Defend_G","Strike_G","Strike_G","Strike_G","Strike_G","Survivor","Neutralize","Blind","Terror","Quick Slash","Tactician","Deflect","Underhanded Strike","Corpse Explosion","Mayhem","Dagger Spray","Bouncing Flask","Backflip"],"special_seed":0,"relics":["Ring of the Snake","Blood Vial","Omamori","Happy Flower"],"potions_floor_usage":[16],"damage_taken":[{"damage":0.0,"enemies":"2 Louse","floor":1.0,"turns":3.0},{"damage":0.0,"enemies":"Jaw Worm","floor":4.0,"turns":4.0},{"damage":0.0,"enemies":"Cultist","floor":5.0,"turns":5.0},{"damage":2.0,"enemies":"Looter","floor":6.0,"turns":3.0},{"damage":0.0,"enemies":"Blue Slaver","floor":7.0,"turns":4.0},{"damage":46.0,"enemies":"Gremlin Nob","floor":8.0,"turns":5.0},{"damage":19.0,"enemies":"3 Sentries","floor":12.0,"turns":4.0},{"damage":7.0,"enemies":"Exordium Thugs","floor":13.0,"turns":4.0},{"damage":2.0,"enemies":"Lots of Slimes","floor":14.0,"turns":2.0},{"damage":49,"enemies":"Slime Boss","floor":16,"turns":8}],"seed_played":"3996948296555161707","potions_obtained":[{"floor":4.0,"key":"SneckoOil"},{"floor":5.0,"key":"Dexterity Potion"},{"floor":7.0,"key":"GamblersBrew"},{"floor":13.0,"key":"LiquidBronze"},{"floor":14.0,"key":"Swift Potion"}],"is_trial":false,"path_per_floor":["M","?","?","M","M","M","M","E","T","R","$","E","M","M","R","B"],"character_chosen":"THE_SILENT","items_purchased":["Mayhem"],"campfire_rested":2,"item_purchase_floors":[11],"current_hp_per_floor":[70,70,70,70,70,68,68,22,22,43,43,26,21,21,42,0],"gold":66,"neow_bonus":"RANDOM_COLORLESS","is_prod":false,"is_daily":false,"chose_seed":false,"campfire_upgraded":0,"win_rate":0.0,"timestamp":1549289453,"path_taken":["M","?","?","?","M","M","M","E","T","R","$","E","M","M","R","BOSS"],"build_version":"2019-01-23","purchased_purges":0,"victory":false,"max_hp_per_floor":[70,70,70,70,70,70,70,70,70,70,70,70,70,70,70,70],"card_choices":[{"not_picked":["Underhanded Strike","Caltrops"],"picked":"Terror","floor":1.0},{"not_picked":["Sucker Punch","Slice"],"picked":"Quick Slash","floor":4.0},{"not_picked":["All Out Attack","Calculated Gamble"],"picked":"Tactician","floor":5.0},{"not_picked":["Flechettes","Dodge and Roll"],"picked":"Deflect","floor":6.0},{"not_picked":["Deflect","Prepared"],"picked":"Underhanded Strike","floor":7.0},{"not_picked":["Escape Plan","Dodge and Roll"],"picked":"Corpse Explosion","floor":8.0},{"not_picked":["Prepared","Deflect"],"picked":"Dagger Spray","floor":12.0},{"not_picked":["Bane","Deadly Poison"],"picked":"Bouncing Flask","floor":13.0},{"not_picked":["Blade Dance","Sucker Punch"],"picked":"Backflip","floor":14.0}],"player_experience":180126,"relics_obtained":[{"floor":8.0,"key":"Blood Vial"},{"floor":9.0,"key":"Omamori"},{"floor":12.0,"key":"Happy Flower"}],"event_choices":[{"cards_removed":["Strike_G"],"damage_healed":0.0,"max_hp_gain":0.0,"max_hp_loss":0.0,"gold_gain":0.0,"event_name":"The Cleric","player_choice":"Card Removal","floor":2.0,"gold_loss":50.0,"damage_taken":0.0},{"damage_healed":0.0,"max_hp_gain":0.0,"max_hp_loss":0.0,"gold_gain":0.0,"event_name":"Shining Light","player_choice":"Ignored","floor":3.0,"gold_loss":0.0,"damage_taken":0.0}],"is_beta":false,"boss_relics":[],"items_purged_floors":[],"is_endless":false,"potions_floor_spawned":[4,5,7,13,14],"killed_by":"Slime Boss","ascension_level":0}