{"gold_per_floor":[112,112,128,147,78,92,102,129,182,182,182,182,199,233,233,337,337,352,366,380,380,380,407,407,424,424,442,454,466,466],"floor_reached":30,"playtime":1504,"items_purged":[],"score":333,"play_id":"520505e3-02d7-41c4-925e-18f3cb4af644","local_time":"20180730113321","is_ascension_mode":true,"campfire_choices":[{"data":"Shockwave","floor":12.0,"key":"SMITH"},{"floor":15.0,"key":"REST"},{"floor":24.0,"key":"REST"}],"neow_cost":"NONE","seed_source_timestamp":137964933449050,"circlet_count":0,"master_deck":["Strike_R","Strike_R","Strike_R","Strike_R","Strike_R","Defend_R","Defend_R","Defend_R+1","Defend_R+1","Bash","Clothesline","Cleave","Shockwave+1","Flame Barrier","Fiend Fire","Sword Boomerang","Cleave","Fiend Fire","Rampage","Immolate","Headbutt+1","Uppercut","Intimidate","Juggernaut","Flex","Shockwave"],"special_seed":0,"relics":["Burning Blood","War Paint","Thread and Needle","Vajra","Sundial","Singing Bowl","Fusion Hammer","Oddly Smooth Stone","Kunai"],"potions_floor_usage":[30],"damage_taken":[{"damage":0.0,"enemies":"2 Louse","floor":1.0,"turns":2.0},{"damage":6.0,"enemies":"Jaw Worm","floor":3.0,"turns":4.0},{"damage":0.0,"enemies":"Small Slimes","floor":4.0,"turns":3.0},{"damage":5.0,"enemies":"Red Slaver","floor":6.0,"turns":5.0},{"damage":0.0,"enemies":"2 Fungi Beasts","floor":7.0,"turns":3.0},{"damage":32.0,"enemies":"3 Sentries","floor":8.0,"turns":7.0},{"damage":8.0,"enemies":"Lots of Slimes","floor":13.0,"turns":2.0},{"damage":15.0,"enemies":"Gremlin Nob","floor":14.0,"turns":4.0},{"damage":60.0,"enemies":"The Guardian","floor":16.0,"turns":9.0},{"damage":16.0,"enemies":"Shell Parasite","floor":18.0,"turns":4.0},{"damage":0.0,"enemies":"Chosen","floor":19.0,"turns":3.0},{"damage":4.0,"enemies":"Centurion and Healer","floor":20.0,"turns":4.0},{"damage":51.0,"enemies":"Book of Stabbing","floor":23.0,"turns":6.0},{"damage":35,"enemies":"Slaver and Parasite","floor":25,"turns":6},{"damage":14,"enemies":"3 Cultists","floor":27,"turns":5},{"damage":13,"enemies":"Snake Plant","floor":28,"turns":3},{"damage":10,"enemies":"Centurion and Healer","floor":29,"turns":6},{"damage":23,"enemies":"Slavers","floor":30,"turns":3}],"seed_played":"-545775786779930348","potions_obtained":[{"floor":3.0,"key":"Weak Potion"},{"floor":6.0,"key":"SkillPotion"},{"floor":14.0,"key":"FearPotion"},{"floor":19.0,"key":"Regen Potion"},{"floor":20.0,"key":"Swift Potion"},{"floor":25,"key":"FearPotion"},{"floor":29,"key":"Regen Potion"}],"is_trial":false,"path_per_floor":["M","?","M","M","$","M","M","E","T","?","T","R","M","E","R","B",null,"M","M","M","?","?","E","R","M","T","M","M","M"],"character_chosen":"IRONCLAD","items_purchased":["Flame Barrier"],"campfire_rested":2,"item_purchase_floors":[5],"current_hp_per_floor":[80,80,80,80,80,80,80,54,54,54,54,54,52,45,69,15,65,55,61,75,75,75,30,54,25,25,19,12,10,0],"gold":466,"neow_bonus":"RANDOM_COMMON_RELIC","is_prod":false,"is_daily":false,"chose_seed":false,"campfire_upgraded":1,"win_rate":0,"timestamp":1532939601,"path_taken":["M","?","M","?","$","M","M","E","T","?","?","R","M","E","R","BOSS","M","M","M","?","?","E","R","M","T","M","M","M","E"],"build_version":"2018-07-26","purchased_purges":0,"victory":false,"max_hp_per_floor":[80,80,80,80,80,80,80,80,80,80,80,80,80,82,82,82,82,82,82,82,82,82,82,82,82,82,84,84,86,86],"card_choices":[{"not_picked":["Wild Strike","Heavy Blade"],"picked":"Clothesline","floor":1.0},{"not_picked":["Armaments","Flex"],"picked":"Cleave","floor":3.0},{"not_picked":["Wild Strike","True Grit"],"picked":"Shockwave","floor":4.0},{"not_picked":["Body Slam","Sentinel"],"picked":"Fiend Fire","floor":6.0},{"not_picked":["Havoc","Reckless Charge"],"picked":"Sword Boomerang","floor":7.0},{"not_picked":["Brutality","Twin Strike"],"picked":"Cleave","floor":8.0},{"not_picked":["Ghostly Armor","Iron Wave"],"picked":"Rampage","floor":13.0},{"not_picked":["Entrench","Heavy Blade","Fiend Fire"],"picked":"Singing Bowl","floor":14.0},{"not_picked":["Dark Embrace","Brutality"],"picked":"Immolate","floor":16.0},{"not_picked":["Power Through+1","Body Slam"],"picked":"Headbutt+1","floor":18.0},{"not_picked":["Iron Wave+1","Perfected Strike+1"],"picked":"Uppercut","floor":19.0},{"not_picked":["Heavy Blade","Pommel Strike"],"picked":"Intimidate","floor":20.0},{"not_picked":["Sentinel","Thunderclap"],"picked":"Juggernaut","floor":23.0},{"not_picked":["Havoc","Pommel Strike"],"picked":"Flex","floor":25},{"not_picked":["True Grit","Anger+1","Pommel Strike"],"picked":"Singing Bowl","floor":27},{"not_picked":["Wild Strike","Anger"],"picked":"Shockwave","floor":28},{"not_picked":["Flex","Thunderclap","Reckless Charge+1"],"picked":"Singing Bowl","floor":29}],"player_experience":156789,"relics_obtained":[{"floor":8.0,"key":"Thread and Needle"},{"floor":9.0,"key":"Vajra"},{"floor":11.0,"key":"Sundial"},{"floor":14.0,"key":"Singing Bowl"},{"floor":23.0,"key":"Oddly Smooth Stone"},{"floor":26,"key":"Kunai"}],"event_choices":[{"event_name":"Shining Light","player_choice":"Ignored","floor":2.0,"damage_taken":0.0},{"event_name":"Match and Keep!","player_choice":"1 cards matched","floor":10.0,"damage_taken":0.0},{"event_name":"Drug Dealer","player_choice":"Ignored","floor":21.0,"damage_taken":0.0},{"event_name":"Ghosts","player_choice":"Ignored","floor":22.0,"damage_taken":0.0}],"is_beta":false,"boss_relics":[{"not_picked":["Coffee Dripper","Runic Pyramid"],"picked":"Fusion Hammer"}],"items_purged_floors":[],"is_endless":false,"potions_floor_spawned":[3,6,14,19,20,25,29],"killed_by":"Slavers","ascension_level":5}