{"gold_per_floor":[118,18,30,30,46,46,77,92,92,112,112,146,166,19,19,115,115,132,144,144,144,144,144,244,244,244,50,84,101,23,43,43,140,140,151,69,69,87,187,203,216,0,26,43,43,43,63,11,11,11],"floor_reached":50,"playtime":4676,"items_purged":[],"score":497,"play_id":"026a7191-588f-436e-b429-44cfe132707b","local_time":"20190213203723","is_ascension_mode":false,"campfire_choices":[{"data":"Hologram","floor":6,"key":"SMITH"},{"floor":15,"key":"REST"},{"floor":23,"key":"REST"},{"data":"Double Energy","floor":25,"key":"SMITH"},{"floor":32,"key":"REST"},{"floor":45,"key":"REST"},{"data":"Hello World","floor":49,"key":"SMITH"}],"neow_cost":"NONE","seed_source_timestamp":3242837945701,"circlet_count":0,"master_deck":["Strike_B","Strike_B","Strike_B","Strike_B+1","Defend_B","Defend_B","Defend_B","Defend_B","Dualcast","Biased Cognition","Streamline","Hello World+1","Hologram+1","White Noise","Genetic Algorithm","Double Energy+1","Chill","Streamline+1","White Noise","Blizzard","Reboot","Steam+1","Cold Snap+1","Darkness","Writhe","Chill","Skim+1","Skim+1","Gash","Beam Cell","Leap","Electrodynamics","Go for the Eyes+1","Chaos","Blizzard","Hologram+1","Lockon+1","Storm+1","FTL","Streamline+1","Darkness+1","Double Energy+1","Barrage","Melter+1"],"relics":["Cracked Core","Happy Flower","Bottled Lightning","Mango","Orichalcum","Nuclear Battery","Mercury Hourglass","Letter Opener","Bag of Marbles","Blood Vial","Orrery","Red Mask","Whetstone","Bag of Preparation"],"potions_floor_usage":[7,10,16,33,33,38,50,50,50,50,50,50],"damage_taken":[{"damage":0,"enemies":"2 Louse","floor":1,"turns":2},{"damage":7,"enemies":"Small Slimes","floor":3,"turns":3},{"damage":1,"enemies":"Jaw Worm","floor":5,"turns":4},{"damage":39,"enemies":"Lagavulin","floor":7,"turns":10},{"damage":10,"enemies":"3 Louse","floor":8,"turns":2},{"damage":0,"enemies":"Blue Slaver","floor":10,"turns":3},{"damage":7,"enemies":"3 Sentries","floor":12,"turns":7},{"damage":1,"enemies":"Looter","floor":13,"turns":3},{"damage":22,"enemies":"The Guardian","floor":16,"turns":12},{"damage":8,"enemies":"Shell Parasite","floor":18,"turns":6},{"damage":23,"enemies":"3 Byrds","floor":19,"turns":5},{"damage":22,"enemies":"Book of Stabbing","floor":28,"turns":7},{"damage":15,"enemies":"Snake Plant","floor":29,"turns":4},{"damage":17,"enemies":"Snecko","floor":31,"turns":5},{"damage":50,"enemies":"Collector","floor":33,"turns":15},{"damage":30,"enemies":"3 Darklings","floor":35,"turns":4},{"damage":23,"enemies":"3 Shapes","floor":38,"turns":3},{"damage":0,"enemies":"Sphere and 2 Shapes","floor":40,"turns":4},{"damage":17,"enemies":"Transient","floor":41,"turns":5},{"damage":31,"enemies":"Writhing Mass","floor":44,"turns":4},{"damage":6,"enemies":"Spire Growth","floor":47,"turns":4},{"damage":90,"enemies":"Time Eater","floor":50,"turns":15}],"seed_played":"5722093060935029621","potions_obtained":[{"floor":1,"key":"PowerPotion"},{"floor":7,"key":"Block Potion"},{"floor":10,"key":"SkillPotion"},{"floor":13,"key":"Block Potion"},{"floor":19,"key":"Dexterity Potion"},{"floor":29,"key":"SkillPotion"},{"floor":33,"key":"Regen Potion"},{"floor":35,"key":"Ancient Potion"},{"floor":47,"key":"EntropicBrew"}],"is_trial":false,"path_per_floor":["M","$","M","?","M","R","E","M","T","M","?","E","M","$","R","B",null,"M","M","?","?","?","R","?","R","T","$","E","M","$","M","R","B",null,"M","$","?","M","?","M","M","?","T","M","R","?","M","?","R","B"],"character_chosen":"DEFECT","items_purchased":["Hello World","Hologram","Orichalcum","Chill","Bag of Marbles","Gash","Beam Cell","FTL"],"campfire_rested":4,"item_purchase_floors":[2,2,14,27,27,30,30,36],"current_hp_per_floor":[75,75,68,68,67,67,28,18,18,18,43,50,49,49,75,53,89,81,58,58,58,58,84,84,84,84,84,62,49,49,34,60,12,89,59,59,59,47,47,49,34,34,34,5,31,78,72,72,72,0],"gold":11,"neow_bonus":"ONE_RANDOM_RARE_CARD","is_prod":false,"is_daily":false,"chose_seed":false,"campfire_upgraded":3,"win_rate":0.0,"timestamp":1550108243,"path_taken":["M","$","M","?","M","R","E","M","T","M","?","E","M","?","R","BOSS","M","M","?","?","?","R","?","R","T","$","E","?","$","M","R","BOSS","M","$","?","M","?","?","M","?","T","M","R","?","M","?","R","BOSS"],"build_version":"2019-01-23","purchased_purges":0,"victory":false,"max_hp_per_floor":[75,75,75,75,75,75,75,75,75,75,75,89,89,89,89,89,89,89,89,89,89,89,89,89,89,89,89,89,89,89,89,89,89,89,89,89,89,89,89,89,89,89,89,89,89,78,78,78,78,78],"card_choices":[{"not_picked":["Steam Power","Cold Snap"],"picked":"Streamline","floor":1},{"not_picked":["Barrage","Sweeping Beam"],"picked":"White Noise","floor":3},{"not_picked":["Stack","Streamline"],"picked":"Genetic Algorithm","floor":5},{"not_picked":["Reinforced Body","Ball Lightning"],"picked":"Double Energy","floor":7},{"not_picked":["Stack","Compile Driver"],"picked":"Chill","floor":8},{"not_picked":["Multi-Cast","Coolheaded"],"picked":"Streamline","floor":10},{"not_picked":["Loop","Gash"],"picked":"White Noise","floor":12},{"not_picked":["Defragment","Sweeping Beam"],"picked":"Blizzard","floor":13},{"not_picked":["Machine Learning","Creative AI"],"picked":"Reboot","floor":16},{"not_picked":["Leap","Tempest"],"picked":"Steam+1","floor":18},{"not_picked":["Leap+1","Stack"],"picked":"Cold Snap+1","floor":19},{"not_picked":["Go for the Eyes+1","Genetic Algorithm"],"picked":"Skim+1","floor":28},{"not_picked":["Storm","Hologram"],"picked":"Skim+1","floor":29},{"not_picked":["Ball Lightning","Fission"],"picked":"Leap","floor":31},{"not_picked":["Machine Learning","Creative AI"],"picked":"Electrodynamics","floor":33},{"not_picked":["Conserve Battery","Redo"],"picked":"Go for the Eyes+1","floor":34},{"not_picked":["Sweeping Beam","Lockon"],"picked":"Chaos","floor":34},{"not_picked":["Sweeping Beam","Gash"],"picked":"Blizzard","floor":34},{"not_picked":["Ball Lightning+1","Streamline"],"picked":"Hologram+1","floor":34},{"not_picked":["Double Energy","Darkness"],"picked":"Lockon+1","floor":34},{"not_picked":["Heatsinks+1","Stack+1"],"picked":"Storm+1","floor":35},{"not_picked":["Multi-Cast","Go for the Eyes"],"picked":"Streamline+1","floor":38},{"not_picked":["Coolheaded+1","Beam Cell+1"],"picked":"Darkness+1","floor":40},{"not_picked":["Reinforced Body+1","Compile Driver+1"],"picked":"Double Energy+1","floor":41},{"not_picked":["Cold Snap","Go for the Eyes"],"picked":"Barrage","floor":44},{"not_picked":["Amplify","Fusion"],"picked":"Melter+1","floor":47}],"player_experience":20248,"relics_obtained":[{"floor":7,"key":"Happy Flower"},{"floor":9,"key":"Bottled Lightning"},{"floor":12,"key":"Mango"},{"floor":26,"key":"Letter Opener"},{"floor":28,"key":"Blood Vial"},{"floor":43,"key":"Whetstone"}],"event_choices":[{"damage_healed":0,"gold_gain":0,"player_choice":"Leave","damage_taken":0,"max_hp_gain":0,"max_hp_loss":0,"event_name":"The Cleric","floor":4,"gold_loss":0},{"damage_healed":25,"gold_gain":0,"player_choice":"Banana","damage_taken":0,"max_hp_gain":0,"max_hp_loss":0,"event_name":"Big Fish","floor":11,"gold_loss":0},{"damage_healed":0,"gold_gain":0,"player_choice":"Read","damage_taken":0,"max_hp_gain":0,"max_hp_loss":0,"event_name":"The Library","floor":20,"gold_loss":0,"cards_obtained":["Darkness"]},{"damage_healed":0,"gold_gain":0,"player_choice":"Opened","damage_taken":0,"relics_obtained":["Mercury Hourglass"],"max_hp_gain":0,"max_hp_loss":0,"event_name":"The Mausoleum","floor":21,"gold_loss":0,"cards_obtained":["Writhe"]},{"damage_healed":0,"gold_gain":0,"player_choice":"Ignored","damage_taken":0,"max_hp_gain":0,"max_hp_loss":0,"event_name":"Vampires","floor":22,"gold_loss":0},{"damage_healed":0,"gold_gain":100,"player_choice":"Pray","damage_taken":0,"max_hp_gain":0,"max_hp_loss":0,"event_name":"Golden Shrine","floor":24,"gold_loss":0},{"cards_removed":["Zap"],"damage_healed":0,"gold_gain":0,"player_choice":"Removed Skill","damage_taken":0,"max_hp_gain":0,"max_hp_loss":0,"event_name":"Falling","floor":37,"gold_loss":0},{"damage_healed":0,"gold_gain":100,"player_choice":"Pray","damage_taken":0,"max_hp_gain":0,"max_hp_loss":0,"event_name":"Golden Shrine","floor":39,"gold_loss":0},{"damage_healed":0,"gold_gain":0,"player_choice":"Paid","damage_taken":0,"relics_obtained":["Red Mask"],"max_hp_gain":0,"max_hp_loss":0,"event_name":"Tomb of Lord Red Mask","floor":42,"gold_loss":216},{"damage_healed":78,"gold_gain":0,"player_choice":"Heal","damage_taken":0,"max_hp_gain":0,"max_hp_loss":11,"event_name":"The Moai Head","floor":46,"gold_loss":0},{"damage_healed":0,"gold_gain":0,"player_choice":"Paid Gold","damage_taken":0,"relics_obtained":["Bag of Preparation"],"max_hp_gain":0,"max_hp_loss":0,"event_name":"WeMeetAgain","floor":48,"gold_loss":52}],"is_beta":false,"boss_relics":[{"not_picked":["Velvet Choker","Coffee Dripper"],"picked":"Nuclear Battery"},{"not_picked":["Empty Cage","Inserter"],"picked":"Orrery"}],"items_purged_floors":[],"is_endless":false,"potions_floor_spawned":[1,7,10,13,19,29,33,35,47],"killed_by":"Time Eater","ascension_level":0}