{"path_per_floor":["M","?","$","M","M","R","?","R","T","R","M","$","M","M","R","B",null,"M","?","?","?","M","$","R","E","T","R","?","R","E","M","R"],"character_chosen":"DEFECT","items_purchased":["Lantern"],"gold_per_floor":[117,117,42,52,70,70,70,70,70,70,82,82,100,118,118,214,214,232,232,232,232,245,95,95,124,124,124,124,124,155,165,165,165],"floor_reached":33,"campfire_rested":3,"playtime":1977,"item_purchase_floors":[23],"current_hp_per_floor":[69,69,69,69,62,62,47,47,47,47,47,47,47,47,69,41,75,65,51,51,51,51,51,57,18,18,48,32,62,72,59,67,0],"items_purged":["Regret"],"gold":165,"score":287,"play_id":"7254adef-a2ca-4bcd-9bc8-dd98f60a733b","local_time":"20180611200643","is_prod":false,"is_daily":false,"chose_seed":false,"is_ascension_mode":true,"campfire_upgraded":5,"win_rate":0,"timestamp":1528765603,"campfire_choices":[{"data":"Defragment","floor":6,"key":"SMITH"},{"data":"Dualcast","floor":8,"key":"SMITH"},{"data":"Zap","floor":10,"key":"SMITH"},{"floor":15,"key":"REST"},{"data":"Redo","floor":24,"key":"SMITH"},{"floor":27,"key":"REST"},{"floor":29,"key":"REST"},{"data":"Double Energy","floor":32,"key":"SMITH"}],"path_taken":["M","?","$","M","M","R","?","R","T","R","?","?","M","M","R","BOSS","M","?","?","?","?","$","R","E","T","R","?","R","E","M","R","BOSS"],"build_version":"2018-06-07v3","seed_source_timestamp":718949066379851,"purchased_purges":1,"victory":false,"master_deck":["Strike_B","Strike_B","Strike_B","Strike_B","Defend_B+1","Defend_B","Defend_B","Defend_B+1","Zap+1","Dualcast+1","Ball Lightning","Ball Lightning","Defragment+1","Auto Shields","Recycle+1","Sunder","Echo Form","FTL","Redo+1","Double Energy+1"],"max_hp_per_floor":[75,75,75,75,75,75,75,75,75,75,75,75,75,75,75,75,75,75,80,80,80,80,80,80,80,80,80,80,80,80,80,80,80],"relics":["Cracked Core","Bronze Scales","Omamori","Darkstone Periapt","Eternal Feather","Lantern","Bottled Tornado","Bag of Marbles","Nilry\u0027s Codex","Boot"],"card_choices":[{"not_picked":["Reprogram","Steam"],"picked":"Ball Lightning","floor":1},{"not_picked":["Rip and Tear","Cold Snap"],"picked":"Ball Lightning","floor":4},{"not_picked":["Tempest","Static Discharge"],"picked":"Defragment","floor":5},{"not_picked":["Steam","Static Discharge"],"picked":"Auto Shields","floor":11},{"not_picked":["Cold Snap","Leap"],"picked":"Recycle","floor":13},{"not_picked":["Force Field","Doom and Gloom"],"picked":"Sunder","floor":14},{"not_picked":["Buffer","Multi-Cast"],"picked":"Echo Form","floor":16},{"not_picked":["Compile Driver","Coolheaded","Beam Cell"],"picked":"SKIP","floor":18},{"not_picked":["Scrape+1","Coolheaded"],"picked":"Redo","floor":22},{"not_picked":["Doom and Gloom","Auto Shields+1","Blizzard"],"picked":"SKIP","floor":25},{"not_picked":["Chaos","Static Discharge","Barrage"],"picked":"SKIP","floor":30},{"not_picked":["Reboot","Turbo"],"picked":"Double Energy","floor":31}],"player_experience":162309,"potions_floor_usage":[16,16,25,30,31,33],"damage_taken":[{"damage":6,"enemies":"Jaw Worm","floor":1,"turns":3},{"damage":0,"enemies":"Small Slimes","floor":4,"turns":2},{"damage":7,"enemies":"2 Louse","floor":5,"turns":2},{"damage":0,"enemies":"Exordium Wildlife","floor":11,"turns":3},{"damage":0,"enemies":"2 Fungi Beasts","floor":13,"turns":3},{"damage":0,"enemies":"Red Slaver","floor":14,"turns":3},{"damage":28,"enemies":"Hexaghost","floor":16,"turns":7},{"damage":10,"enemies":"Spheric Guardian","floor":18,"turns":3},{"damage":0,"enemies":"3 Byrds","floor":22,"turns":2},{"damage":39,"enemies":"Slavers","floor":25,"turns":5},{"damage":18,"enemies":"Gremlin Leader","floor":30,"turns":5},{"damage":13,"enemies":"3 Cultists","floor":31,"turns":5},{"damage":69,"enemies":"Champ","floor":33,"turns":8}],"relics_obtained":[{"floor":9,"key":"Darkstone Periapt"},{"floor":25,"key":"Bottled Tornado"},{"floor":26,"key":"Bag of Marbles"},{"floor":28,"key":"Nilry\u0027s Codex"},{"floor":30,"key":"Boot"}],"event_choices":[{"event_name":"Big Fish","player_choice":"Box","floor":2,"damage_taken":0},{"event_name":"Shining Light","player_choice":"Entered Light","floor":7,"damage_taken":0},{"event_name":"Forgotten Altar","player_choice":"Shed Blood","floor":19,"damage_taken":0},{"event_name":"Upgrade Shrine","player_choice":"Upgraded","floor":20,"damage_taken":0},{"event_name":"The Library","player_choice":"Read","floor":21,"damage_taken":0},{"event_name":"Cursed Tome","player_choice":"Obtained Book","floor":28,"damage_taken":0}],"boss_relics":[{"not_picked":["Orrery","Astrolabe"],"picked":"Eternal Feather"}],"items_purged_floors":[3],"potions_floor_spawned":[1,4,11,25,30,31],"seed_played":"-6098895459833777903","killed_by":"Champ","ascension_level":1,"potions_obtained":[{"floor":1,"key":"AttackPotion"},{"floor":4,"key":"Dexterity Potion"},{"floor":11,"key":"Explosive Potion"},{"floor":25,"key":"Regen Potion"},{"floor":30,"key":"Block Potion"},{"floor":31,"key":"Poison Potion"}],"is_trial":false}