{"gold_per_floor":[109,126,126,301,76,76,87,99,122,122,137,157,179,191,191,293,293,305,324,324,339,339,339,359,359,359,375,392,407,85,105,105,105],"floor_reached":33,"playtime":2043,"items_purged":["Doubt"],"score":282,"play_id":"cf3e70d2-a9f6-4d0c-8d14-8de84c871c73","local_time":"20180720204000","is_ascension_mode":true,"campfire_choices":[{"data":"Combust","floor":6.0,"key":"SMITH"},{"data":"Flex","floor":10.0,"key":"SMITH"},{"data":"Infernal Blade","floor":15.0,"key":"SMITH"},{"data":"Double Tap","floor":23.0,"key":"SMITH"},{"floor":32,"key":"REST"}],"neow_cost":"","seed_source_timestamp":0,"circlet_count":0,"master_deck":["Strike_R","Strike_R","Strike_R","Strike_R","Strike_R","Defend_R+1","Defend_R","Defend_R","Defend_R","Bash","Combust+1","Clash","Iron Wave","Flex+1","Infernal Blade+1","Rage","Shrug It Off","Cleave","Double Tap+1","Thunderclap","Pommel Strike","Heavy Blade","Dropkick","Infernal Blade","Seeing Red+1","Offering+1","Headbutt","Armaments+1","Dropkick","Thunderclap+1","Heavy Blade+1","Apotheosis"],"special_seed":0,"relics":["Burning Blood","Lantern","Strawberry","Odd Mushroom","Orrery","Potion Belt","Frozen Egg 2","War Paint"],"potions_floor_usage":[31,33,33,33],"damage_taken":[{"damage":3.0,"enemies":"2 Louse","floor":1.0,"turns":3.0},{"damage":10.0,"enemies":"Jaw Worm","floor":2.0,"turns":4.0},{"damage":7.0,"enemies":"Small Slimes","floor":7.0,"turns":2.0},{"damage":4.0,"enemies":"Blue Slaver","floor":8.0,"turns":3.0},{"damage":7.0,"enemies":"Gremlin Gang","floor":11.0,"turns":4.0},{"damage":7.0,"enemies":"Looter","floor":12.0,"turns":2.0},{"damage":16.0,"floor":13.0,"turns":4.0},{"damage":12.0,"enemies":"Large Slime","floor":14.0,"turns":5.0},{"damage":51.0,"enemies":"Slime Boss","floor":16.0,"turns":9.0},{"damage":20.0,"enemies":"Shell Parasite","floor":18.0,"turns":4.0},{"damage":0.0,"enemies":"Chosen","floor":19.0,"turns":1.0},{"damage":22.0,"enemies":"Centurion and Healer","floor":21.0,"turns":2.0},{"damage":14.0,"enemies":"Chosen and Byrds","floor":24.0,"turns":3.0},{"damage":33.0,"enemies":"Sentry and Sphere","floor":27.0,"turns":5.0},{"damage":4.0,"enemies":"Snecko","floor":28.0,"turns":3.0},{"damage":8.0,"enemies":"Cultist and Chosen","floor":29.0,"turns":2.0},{"damage":34,"enemies":"Sentry and Sphere","floor":31,"turns":4},{"damage":67,"enemies":"Champ","floor":33,"turns":10}],"seed_played":"-4659690057891924665","potions_obtained":[{"floor":2.0,"key":"Regen Potion"},{"floor":11.0,"key":"Regen Potion"},{"floor":13.0,"key":"EssenceOfSteel"},{"floor":21.0,"key":"AttackPotion"},{"floor":25.0,"key":"Ancient Potion"},{"floor":28.0,"key":"Regen Potion"},{"floor":31,"key":"AttackPotion"}],"is_trial":false,"path_per_floor":["M","M","?","?","$","R","M","M","T","R","M","M","?","M","R","B",null,"M","M","?","M","?","R","M","?","T","M","M","M","$","M","R"],"character_chosen":"IRONCLAD","items_purchased":["Lantern","Apotheosis","War Paint"],"campfire_rested":1,"item_purchase_floors":[5,30,30],"current_hp_per_floor":[80,76,76,76,76,76,75,77,84,84,83,82,72,66,66,21,87,73,79,79,63,63,63,55,55,55,37,39,42,42,26,52,0],"gold":105,"neow_bonus":"","is_prod":false,"is_daily":false,"chose_seed":false,"campfire_upgraded":4,"win_rate":0,"timestamp":1532108400,"path_taken":["M","M","?","?","$","R","?","M","T","R","M","M","?","M","R","BOSS","M","M","?","M","?","R","M","?","T","?","M","M","$","M","R","BOSS"],"build_version":"2018-07-19v2","purchased_purges":1,"victory":false,"max_hp_per_floor":[80,80,80,80,80,80,80,80,87,87,87,87,87,87,87,87,87,87,87,87,87,87,87,87,87,87,87,87,87,87,87,87,87],"card_choices":[{"not_picked":["Perfected Strike","Armaments"],"picked":"Combust","floor":1.0},{"not_picked":["Ghostly Armor","Combust"],"picked":"Clash","floor":2.0},{"not_picked":["Perfected Strike","Intimidate"],"picked":"Iron Wave","floor":7.0},{"not_picked":["Blood for Blood","Seeing Red"],"picked":"Flex","floor":8.0},{"not_picked":["Heavy Blade","Cleave"],"picked":"Infernal Blade","floor":11.0},{"not_picked":["Perfected Strike","Carnage"],"picked":"Rage","floor":12.0},{"not_picked":["Twin Strike","Pummel"],"picked":"Shrug It Off","floor":13.0},{"not_picked":["Body Slam","Twin Strike"],"picked":"Cleave","floor":14.0},{"not_picked":["Limit Break","Bludgeon"],"picked":"Double Tap","floor":16.0},{"not_picked":["Iron Wave","Twin Strike"],"picked":"Thunderclap","floor":17.0},{"not_picked":["True Grit","Evolve"],"picked":"Pommel Strike","floor":17.0},{"not_picked":["Shockwave","Rampage"],"picked":"Heavy Blade","floor":17.0},{"not_picked":["Heavy Blade","Havoc"],"picked":"Dropkick","floor":17.0},{"not_picked":["Anger","Havoc"],"picked":"Infernal Blade","floor":17.0},{"not_picked":["Clash","Armaments+1"],"picked":"Seeing Red+1","floor":18.0},{"not_picked":["Shrug It Off","Rampage"],"picked":"Offering","floor":19.0},{"not_picked":["Body Slam","Disarm"],"picked":"Headbutt","floor":21.0},{"not_picked":["Pommel Strike","Sword Boomerang"],"picked":"Armaments+1","floor":24.0},{"not_picked":["Sentinel","Intimidate"],"picked":"Dropkick","floor":27.0},{"not_picked":["Second Wind","Twin Strike+1"],"picked":"Thunderclap+1","floor":28.0},{"not_picked":["True Grit","Iron Wave"],"picked":"Heavy Blade+1","floor":29.0},{"not_picked":["Feel No Pain+1","Combust+1","Evolve+1"],"picked":"SKIP","floor":31}],"player_experience":142705,"relics_obtained":[{"floor":9.0,"key":"Strawberry"},{"floor":13.0,"key":"Odd Mushroom"},{"floor":26.0,"key":"Frozen Egg 2"}],"event_choices":[{"event_name":"Scrap Ooze","player_choice":"unsuccessful","floor":3.0,"damage_taken":0.0},{"event_name":"Liars Game","player_choice":"agreed","floor":4.0,"damage_taken":0.0},{"event_name":"Mushrooms","player_choice":"Fought Mushrooms","floor":13.0,"damage_taken":0.0},{"event_name":"The Mausoleum","player_choice":"Yes","floor":20.0,"damage_taken":0.0},{"event_name":"Fountain of Cleansing","player_choice":"Removed Curse","floor":22.0,"damage_taken":0.0},{"event_name":"The Lab","player_choice":"Got Potions","floor":25.0,"damage_taken":0.0}],"is_beta":false,"boss_relics":[{"not_picked":["Black Blood","Busted Crown"],"picked":"Orrery"}],"items_purged_floors":[5],"is_endless":false,"potions_floor_spawned":[2,11,13,16,18,21,28,31],"killed_by":"Champ","ascension_level":3}