{"path_per_floor":["M","?","?","$","M","R","M","?","T","?","?","E","?","M","R","B",null,"M","$","?","M","M","R","?","M","T","R","?","R","?","?","R","B",null,"M","M","?","$","$","R","E","R","T","?","R","?","E","M","R","B"],"character_chosen":"THE_SILENT","items_purchased":["Noxious Fumes","Sundial","Footwork","Singing Bowl"],"gold_per_floor":[113,113,113,44,63,63,86,86,86,86,86,125,125,149,149,275,275,293,5,5,19,37,37,37,53,76,76,76,76,76,226,226,346,346,365,381,381,123,23,23,54,54,81,0,0,0,34,52,52,52],"floor_reached":51,"campfire_rested":2,"playtime":5824,"item_purchase_floors":[],"current_hp_per_floor":[70,53,53,53,50,50,50,50,50,38,38,32,32,29,50,24,70,70,70,70,62,51,51,35,28,28,28,28,28,28,28,28,3,35,34,33,23,23,23,23,25,25,25,25,25,25,22,18,29,37],"items_purged":["Masterful Stab+1","Strike_G"],"gold":52,"score":722,"play_id":"211e778e-f602-4d6b-8af9-12ba9bd525be","local_time":"20180610190707","is_prod":false,"is_daily":false,"chose_seed":false,"is_ascension_mode":false,"campfire_upgraded":8,"win_rate":0.0,"timestamp":1528675627,"campfire_choices":[{"data":"Noxious Fumes","floor":6.0,"key":"SMITH"},{"floor":15.0,"key":"REST"},{"data":"Adrenaline","floor":23.0,"key":"SMITH"},{"data":"Neutralize","floor":27.0,"key":"SMITH"},{"data":"Prepared","floor":29.0,"key":"SMITH"},{"data":"PiercingWail","floor":32.0,"key":"SMITH"},{"data":"Burst","floor":40.0,"key":"SMITH"},{"data":"Footwork","floor":42.0,"key":"SMITH"},{"data":"Deadly Poison","floor":45.0,"key":"SMITH"},{"floor":49,"key":"REST"}],"path_taken":["M","?","?","$","M","R","M","?","T","?","?","E","?","M","R","BOSS","M","$","?","M","M","R","?","M","T","R","?","R","?","?","R","BOSS","M","M","?","?","$","R","E","R","T","?","R","?","E","M","R","BOSS"],"build_version":"2018-06-07v3","seed_source_timestamp":0,"purchased_purges":2,"victory":true,"master_deck":["Defend_G","Defend_G","Defend_G","Defend_G","Defend_G","Survivor","Neutralize+1","PiercingWail+1","Noxious Fumes+1","Deadly Poison+1","Prepared+1","Backflip","Acrobatics","Adrenaline+1","Eviscerate+1","Glass Knife+1","Prepared+1","Ghostly","Ghostly","Ghostly","Ghostly","Ghostly","Burst+1","Master of Strategy+1","Finesse","Footwork+1","Malaise","Malaise"],"max_hp_per_floor":[70,70,70,70,70,70,70,70,70,70,70,70,70,70,70,70,70,70,70,70,70,70,70,35,35,35,35,35,35,35,35,35,35,35,35,35,35,35,35,35,37,37,37,37,37,37,39,39,39,39],"relics":["Ring of the Snake","Golden Idol","Juzu Bracelet","Kunai","Dream Catcher","Tingsha","Astrolabe","Sundial","Omamori","Runic Pyramid","Singing Bowl","Vajra","Potion Belt","Red Mask"],"card_choices":[{"not_picked":["Distraction","Slice"],"picked":"PiercingWail","floor":1.0},{"not_picked":["Acrobatics","Prepared"],"picked":"Deadly Poison","floor":5.0},{"not_picked":["Dash","Terror"],"picked":"Prepared","floor":7.0},{"not_picked":["Slice","Accuracy","Dodge and Roll"],"picked":"SKIP","floor":12.0},{"not_picked":["Accuracy","Underhanded Strike"],"picked":"Backflip","floor":14.0},{"not_picked":["Reflex","Deflect"],"picked":"Acrobatics","floor":15.0},{"not_picked":["Corpse Explosion","Unload"],"picked":"Adrenaline","floor":16.0},{"not_picked":["Reflex","Underhanded Strike","Sucker Punch"],"picked":"SKIP","floor":18.0},{"not_picked":["Sucker Punch","Finisher","Flying Knee"],"picked":"SKIP","floor":21.0},{"not_picked":["Outmaneuver+1","Poisoned Stab"],"picked":"Prepared+1","floor":22.0},{"not_picked":["Reflex+1","Predator","A Thousand Cuts"],"picked":"SKIP","floor":25.0},{"not_picked":["After Image","Storm of Steel"],"picked":"Burst","floor":33.0},{"not_picked":["Quick Slash+1","Sucker Punch","Choke"],"picked":"SKIP","floor":35.0},{"not_picked":["Acrobatics","Underhanded Strike","Finisher+1"],"picked":"SKIP","floor":36.0},{"not_picked":["Transmutation","Purity"],"picked":"Master of Strategy","floor":37.0},{"not_picked":["Good Instincts","Deep Breath"],"picked":"Finesse","floor":37.0},{"not_picked":["Blade Dance+1","Leg Sweep+1","Dagger Spray"],"picked":"Singing Bowl","floor":41.0},{"not_picked":["Wraith Form v2","Sucker Punch+1","Well Laid Plans"],"picked":"Singing Bowl","floor":47},{"not_picked":["Riddle With Holes+1","Terror"],"picked":"Malaise","floor":48},{"not_picked":["Bane+1","Acrobatics"],"picked":"Malaise","floor":49}],"player_experience":146997,"potions_floor_usage":[50,50,50,50,50,50,50],"damage_taken":[{"damage":0.0,"enemies":"2 Louse","floor":1.0,"turns":2.0},{"damage":3.0,"enemies":"Jaw Worm","floor":5.0,"turns":4.0},{"damage":0.0,"enemies":"Small Slimes","floor":7.0,"turns":3.0},{"damage":21.0,"enemies":"3 Sentries","floor":12.0,"turns":8.0},{"damage":3.0,"enemies":"Red Slaver","floor":14.0,"turns":4.0},{"damage":26.0,"enemies":"Slime Boss","floor":16.0,"turns":11.0},{"damage":0.0,"enemies":"3 Byrds","floor":18.0,"turns":3.0},{"damage":8.0,"enemies":"Shell Parasite","floor":21.0,"turns":6.0},{"damage":11.0,"enemies":"3 Cultists","floor":22.0,"turns":6.0},{"damage":7.0,"enemies":"Chosen and Byrds","floor":25.0,"turns":6.0},{"damage":25.0,"enemies":"Champ","floor":33.0,"turns":11.0},{"damage":1.0,"enemies":"3 Shapes","floor":35.0,"turns":4.0},{"damage":1.0,"enemies":"Orb Walker","floor":36.0,"turns":4.0},{"damage":0.0,"enemies":"Giant Head","floor":41.0,"turns":7.0},{"damage":5.0,"enemies":"2 Orb Walkers","floor":47.0,"turns":6.0},{"damage":4,"enemies":"Sphere and 2 Shapes","floor":48,"turns":4},{"damage":3,"enemies":"Donu and Deca","floor":50,"turns":10}],"relics_obtained":[{"floor":9.0,"key":"Kunai"},{"floor":12.0,"key":"Tingsha"},{"floor":26.0,"key":"Omamori"},{"floor":41.0,"key":"Vajra"},{"floor":43.0,"key":"Potion Belt"}],"event_choices":[{"event_name":"Golden Idol","player_choice":"Take Damage","floor":2.0,"damage_taken":0.0},{"event_name":"Accursed Blacksmith","player_choice":"Rummage","floor":3.0,"damage_taken":0.0},{"event_name":"Living Wall","player_choice":"Forget","floor":8.0,"damage_taken":0.0},{"event_name":"Scrap Ooze","player_choice":"success","floor":10.0,"damage_taken":12.0},{"event_name":"The Woman in Blue","player_choice":"Bought 0 Potions","floor":11.0,"damage_taken":0.0},{"event_name":"The Lab","player_choice":"Got Potions","floor":13.0,"damage_taken":0.0},{"event_name":"Beggar","player_choice":"Ignored","floor":20.0,"damage_taken":0.0},{"event_name":"Ghosts","player_choice":"Became a Ghost","floor":24.0,"damage_taken":0.0},{"event_name":"Vampires","player_choice":"Ignored","floor":28.0,"damage_taken":0.0},{"event_name":"Back to Basics","player_choice":"Elegance","floor":30.0,"damage_taken":0.0},{"event_name":"Nest","player_choice":"Stole From Cult","floor":31.0,"damage_taken":0.0},{"event_name":"SensoryStone","player_choice":"Memory 3","floor":37.0,"damage_taken":0.0},{"event_name":"Tomb of Lord Red Mask","player_choice":"Paid","floor":44.0,"damage_taken":0.0},{"event_name":"Upgrade Shrine","player_choice":"Upgraded","floor":46.0,"damage_taken":0.0}],"boss_relics":[{"not_picked":["Orrery","Ectoplasm"],"picked":"Astrolabe"},{"not_picked":["Tiny House","Philosopher\u0027s Stone"],"picked":"Runic Pyramid"}],"items_purged_floors":[],"potions_floor_spawned":[1,7,18,25,33,36,47,48],"seed_played":"3811735259085651263","ascension_level":0,"potions_obtained":[{"floor":1.0,"key":"Regen Potion"},{"floor":7.0,"key":"GhostInAJar"},{"floor":13.0,"key":"LiquidBronze"},{"floor":13.0,"key":"FearPotion"},{"floor":18.0,"key":"Ancient Potion"},{"floor":25.0,"key":"Poison Potion"},{"floor":33.0,"key":"Regen Potion"},{"floor":36.0,"key":"LiquidBronze"},{"floor":47,"key":"EntropicBrew"},{"floor":48,"key":"Energy Potion"}],"is_trial":false}