{"gold_per_floor":[132,168,168,234,234,234,296,141,168,15,15,77,115,151,151,253,253,322,366,432,492,138,138,197,197,197,197,197,247,247,13,13,114,114,150,150,191,208,248,248,287,287,287,287,287,302,364,402,402,402],"floor_reached":51,"playtime":2471,"items_purged":["Dualcast","Defend_B","Strike_B","Zap"],"score":1175,"play_id":"1bb942bf-1f0c-4956-81e4-a54743eec367","local_time":"20190217023427","is_ascension_mode":true,"campfire_choices":[{"data":"HandOfGreed","floor":6.0,"key":"SMITH"},{"data":"Hologram","floor":15.0,"key":"SMITH"},{"data":"Hologram","floor":23.0,"key":"SMITH"},{"data":"Biased Cognition","floor":25.0,"key":"SMITH"},{"floor":28.0,"key":"REST"},{"floor":30.0,"key":"REST"},{"data":"Double Energy","floor":32.0,"key":"SMITH"},{"floor":40.0,"key":"REST"},{"floor":49,"key":"REST"}],"neow_cost":"TEN_PERCENT_HP_LOSS","seed_source_timestamp":39480015552689,"circlet_count":0,"master_deck":["AscendersBane","Strike_B","Strike_B","Defend_B","Defend_B","Defend_B","HandOfGreed+1","Purity","Steam","Gash","Glacier","Capacitor","Hologram+1","Gash","FTL","Core Surge","Biased Cognition+1","Conserve Battery","Hologram+1","Gash","Leap+1","Coolheaded+1","Chill","Double Energy+1","Echo Form"],"special_seed":0,"relics":["Cracked Core","Prayer Wheel","Oddly Smooth Stone","Busted Crown","Lee\u0027s Waffle","Orichalcum","Unceasing Top","Inserter","Turnip"],"potions_floor_usage":[50,50],"damage_taken":[{"damage":1.0,"enemies":"Cultist","floor":1.0,"turns":3.0},{"damage":12.0,"enemies":"Jaw Worm","floor":2.0,"turns":2.0},{"damage":4.0,"enemies":"Small Slimes","floor":7.0,"turns":6.0},{"damage":19.0,"enemies":"Exordium Thugs","floor":12.0,"turns":4.0},{"damage":3.0,"enemies":"2 Fungi Beasts","floor":13.0,"turns":4.0},{"damage":7.0,"enemies":"Blue Slaver","floor":14.0,"turns":4.0},{"damage":8.0,"enemies":"The Guardian","floor":16.0,"turns":13.0},{"damage":10.0,"enemies":"2 Thieves","floor":18.0,"turns":4.0},{"damage":16.0,"enemies":"Shell Parasite","floor":19.0,"turns":7.0},{"damage":11.0,"enemies":"3 Cultists","floor":20.0,"turns":6.0},{"damage":0.0,"enemies":"Centurion and Healer","floor":21.0,"turns":11.0},{"damage":30.0,"enemies":"Slavers","floor":24.0,"turns":8.0},{"damage":11.0,"enemies":"Colosseum Slavers","floor":29.0,"turns":6.0},{"damage":12.0,"enemies":"Collector","floor":33.0,"turns":15.0},{"damage":0.0,"enemies":"3 Darklings","floor":35.0,"turns":6.0},{"damage":10.0,"enemies":"Orb Walker","floor":37.0,"turns":7.0},{"damage":11.0,"enemies":"3 Darklings","floor":38.0,"turns":5.0},{"damage":8.0,"enemies":"Maw","floor":39.0,"turns":10.0},{"damage":8.0,"enemies":"Spire Growth","floor":41.0,"turns":7.0},{"damage":1,"enemies":"Transient","floor":46,"turns":5},{"damage":8,"enemies":"4 Shapes","floor":47,"turns":12},{"damage":2,"enemies":"Jaw Worm Horde","floor":48,"turns":5},{"damage":8,"enemies":"Time Eater","floor":50,"turns":15}],"seed_played":"2435646242724952781","potions_obtained":[{"floor":1.0,"key":"SteroidPotion"},{"floor":14.0,"key":"Fire Potion"},{"floor":16.0,"key":"Explosive Potion"},{"floor":20.0,"key":"Weak Potion"},{"floor":33.0,"key":"Dexterity Potion"},{"floor":37.0,"key":"Fire Potion"}],"is_trial":false,"path_per_floor":["M","M","?","?","T","R","M","$","T","$","?","M","M","M","R","B",null,"M","M","M","M","$","R","E","R","T","?","R","?","R","$","R","B",null,"M","$","M","M","M","R","M","M","?","T","?","?","M","M","M","R","B",null],"character_chosen":"DEFECT","items_purchased":["Capacitor","Hologram","Lee\u0027s Waffle","Double Energy"],"campfire_rested":4,"item_purchase_floors":[8,10,22,31],"current_hp_per_floor":[63,51,56,56,56,56,52,52,52,52,52,33,30,23,23,15,56,46,30,19,19,76,76,46,46,46,24,48,37,61,61,61,49,73,73,73,63,52,44,68,60,60,60,60,60,59,51,49,72,64],"gold":402,"neow_bonus":"RANDOM_COLORLESS_2","is_prod":false,"is_daily":false,"chose_seed":false,"campfire_upgraded":5,"win_rate":0,"timestamp":1550381667,"path_taken":["M","?","?","?","?","R","M","?","T","$","?","M","?","M","R","BOSS","M","M","M","M","$","R","E","R","T","?","R","?","R","$","R","BOSS","M","$","M","M","M","R","M","?","T","?","?","?","M","M","R","BOSS"],"build_version":"2018-11-15","purchased_purges":4,"victory":true,"max_hp_per_floor":[64,64,69,69,69,69,69,69,69,69,69,69,69,69,69,69,69,69,69,69,69,76,76,76,76,76,81,81,81,81,81,81,81,81,81,81,81,81,81,81,81,81,81,81,77,77,77,77,77,77],"card_choices":[{"not_picked":["Rebound","Recycle","Force Field"],"picked":"SKIP","floor":1.0},{"not_picked":["Stack","Reprogram"],"picked":"Steam","floor":2.0},{"not_picked":["Sweeping Beam","Coolheaded"],"picked":"Gash","floor":7.0},{"not_picked":["Redo","Stack"],"picked":"Glacier","floor":7.0},{"not_picked":["Amplify","Chaos","Ball Lightning"],"picked":"SKIP","floor":12.0},{"not_picked":["Skim","Reprogram","Sweeping Beam"],"picked":"SKIP","floor":12.0},{"not_picked":["Beam Cell","Capacitor"],"picked":"Gash","floor":13.0},{"not_picked":["Stack","Storm","Redo"],"picked":"SKIP","floor":13.0},{"not_picked":["Sweeping Beam","Double Energy"],"picked":"FTL","floor":14.0},{"not_picked":["Hello World","Aggregate"],"picked":"Core Surge","floor":14.0},{"not_picked":["Electrodynamics","Reboot"],"picked":"Biased Cognition","floor":16.0},{"not_picked":["Stack"],"picked":"SKIP","floor":18.0},{"not_picked":["Melter"],"picked":"SKIP","floor":18.0},{"not_picked":[],"picked":"Conserve Battery","floor":19.0},{"not_picked":[],"picked":"Hologram","floor":19.0},{"not_picked":[],"picked":"Gash","floor":20.0},{"not_picked":[],"picked":"Leap+1","floor":20.0},{"not_picked":[],"picked":"Coolheaded+1","floor":21.0},{"not_picked":["Loop"],"picked":"SKIP","floor":21.0},{"not_picked":[],"picked":"Chill","floor":24.0},{"not_picked":[],"picked":"Echo Form","floor":33.0},{"not_picked":["Compile Driver"],"picked":"SKIP","floor":35.0},{"not_picked":["Turbo"],"picked":"SKIP","floor":35.0},{"not_picked":["BootSequence"],"picked":"SKIP","floor":37.0},{"not_picked":["Sweeping Beam"],"picked":"SKIP","floor":37.0},{"not_picked":["BootSequence"],"picked":"SKIP","floor":37.0},{"not_picked":["Sweeping Beam"],"picked":"SKIP","floor":37.0},{"not_picked":["Gash+1"],"picked":"SKIP","floor":38.0},{"not_picked":["Loop"],"picked":"SKIP","floor":38.0},{"not_picked":["Capacitor"],"picked":"SKIP","floor":39.0},{"not_picked":["Steam Power+1"],"picked":"SKIP","floor":39.0},{"not_picked":["Undo"],"picked":"SKIP","floor":41},{"not_picked":["Lockon"],"picked":"SKIP","floor":41},{"not_picked":["Skim"],"picked":"SKIP","floor":46},{"not_picked":["Rip and Tear"],"picked":"SKIP","floor":46},{"not_picked":["Redo"],"picked":"SKIP","floor":47},{"not_picked":["Go for the Eyes"],"picked":"SKIP","floor":47},{"not_picked":["Beam Cell"],"picked":"SKIP","floor":48},{"not_picked":["Genetic Algorithm"],"picked":"SKIP","floor":48}],"player_experience":152443,"relics_obtained":[{"floor":5.0,"key":"Prayer Wheel"},{"floor":9.0,"key":"Oddly Smooth Stone"},{"floor":24.0,"key":"Orichalcum"},{"floor":26.0,"key":"Unceasing Top"},{"floor":43,"key":"Turnip"}],"event_choices":[{"damage_healed":0.0,"max_hp_gain":5.0,"max_hp_loss":0.0,"gold_gain":0.0,"event_name":"Big Fish","player_choice":"Donut","floor":3.0,"gold_loss":0.0,"damage_taken":0.0},{"damage_healed":0.0,"max_hp_gain":0.0,"max_hp_loss":0.0,"gold_gain":66.0,"event_name":"Golden Wing","player_choice":"Gained Gold","floor":4.0,"gold_loss":0.0,"damage_taken":0.0},{"cards_removed":["Strike_B"],"damage_healed":0.0,"max_hp_gain":0.0,"max_hp_loss":0.0,"gold_gain":0.0,"event_name":"Bonfire Elementals","player_choice":"Offered Basic","floor":11.0,"gold_loss":0.0,"damage_taken":0.0},{"damage_healed":0.0,"max_hp_gain":5.0,"max_hp_loss":0.0,"gold_gain":0.0,"event_name":"Forgotten Altar","player_choice":"Shed Blood","floor":27.0,"gold_loss":0.0,"damage_taken":27.0},{"damage_healed":0.0,"max_hp_gain":0.0,"max_hp_loss":0.0,"gold_gain":0.0,"event_name":"Colosseum","player_choice":"Fight","floor":29.0,"gold_loss":0.0,"damage_taken":0.0},{"damage_healed":0.0,"max_hp_gain":0.0,"max_hp_loss":0.0,"gold_gain":0.0,"event_name":"Colosseum","player_choice":"Fled From Nobs","floor":29.0,"gold_loss":0.0,"damage_taken":0.0},{"damage_healed":0,"gold_gain":0,"player_choice":"Ignored","damage_taken":0,"max_hp_gain":0,"max_hp_loss":0,"event_name":"Mysterious Sphere","floor":42,"gold_loss":0},{"damage_healed":0,"gold_gain":0,"player_choice":"Ignored","damage_taken":0,"max_hp_gain":0,"max_hp_loss":0,"event_name":"Tomb of Lord Red Mask","floor":44,"gold_loss":0},{"damage_healed":0,"gold_gain":0,"player_choice":"Max HP","damage_taken":0,"max_hp_gain":0,"max_hp_loss":4,"event_name":"Winding Halls","floor":45,"gold_loss":0}],"is_beta":false,"boss_relics":[{"not_picked":["Ectoplasm","Fusion Hammer"],"picked":"Busted Crown"},{"not_picked":["Snecko Eye","White Beast Statue"],"picked":"Inserter"}],"items_purged_floors":[8,10,22,31],"is_endless":false,"potions_floor_spawned":[1,14,16,20,24,33,37,39,46,48],"ascension_level":16}