{"gold_per_floor":[11,11,22,97,97,97,132,132,207,207,54,69,82,96,96,168,168,178,178,194,204,63,63,89,6,6,6,6,21,21,121,121,197,197,209,209,259,277,294,294,312,312,312,312,91,110,110,120,120,120],"floor_reached":51,"playtime":3433,"items_purged":["Strike_G"],"score":1065,"play_id":"12181f2d-e45c-4e56-b6b8-6fe2991e363c","local_time":"20190209124031","is_ascension_mode":true,"campfire_choices":[{"floor":6.0,"key":"REST"},{"data":"Neutralize","floor":8.0,"key":"SMITH"},{"floor":15.0,"key":"REST"},{"data":"Footwork","floor":23.0,"key":"SMITH"},{"data":"Phantasmal Killer","floor":27.0,"key":"SMITH"},{"data":"Crippling Poison","floor":30.0,"key":"SMITH"},{"floor":32.0,"key":"REST"},{"data":"Adrenaline","floor":40,"key":"SMITH"},{"data":"Cloak And Dagger","floor":44,"key":"SMITH"},{"data":"Cloak And Dagger","floor":49,"key":"SMITH"}],"neow_cost":"NO_GOLD","seed_source_timestamp":0,"circlet_count":0,"master_deck":["AscendersBane","Defend_G","Defend_G","Defend_G","Defend_G","Strike_G","Strike_G","Survivor","Neutralize+1","Flying Knee","Quick Slash","Bullet Time+1","Skewer","Backflip","PiercingWail","Dodge and Roll","Backstab","Crippling Poison+1","Adrenaline","Footwork+1","Adrenaline+1","Phantasmal Killer+1","Caltrops","Deflect","Well Laid Plans+1","Cloak And Dagger","Dodge and Roll","Cloak And Dagger+1","Cloak And Dagger+1","Footwork+1","Backstab","Malaise","Blade Dance"],"special_seed":0,"relics":["Ring of the Snake","The Specimen","Matryoshka","Blood Vial","Kunai","Sozu","Mercury Hourglass","Bag of Preparation","Darkstone Periapt","Ice Cream","Frozen Egg 2","Eternal Feather","Pocketwatch","Bottled Tornado"],"potions_floor_usage":[],"damage_taken":[{"damage":3.0,"enemies":"Jaw Worm","floor":1.0,"turns":6.0},{"damage":8.0,"enemies":"2 Louse","floor":3.0,"turns":5.0},{"damage":22.0,"enemies":"Gremlin Nob","floor":7.0,"turns":5.0},{"damage":0.0,"enemies":"Cultist","floor":12.0,"turns":3.0},{"damage":0.0,"enemies":"2 Fungi Beasts","floor":13.0,"turns":4.0},{"damage":6.0,"enemies":"Red Slaver","floor":14.0,"turns":2.0},{"damage":1.0,"enemies":"The Guardian","floor":16.0,"turns":12.0},{"damage":6.0,"enemies":"Spheric Guardian","floor":18.0,"turns":7.0},{"damage":0.0,"enemies":"Chosen","floor":20.0,"turns":4.0},{"damage":3.0,"enemies":"Centurion and Healer","floor":21.0,"turns":7.0},{"damage":10.0,"enemies":"Slavers","floor":24.0,"turns":10.0},{"damage":8.0,"enemies":"Snake Plant","floor":29.0,"turns":4.0},{"damage":0.0,"enemies":"Colosseum Slavers","floor":31.0,"turns":2.0},{"damage":19.0,"enemies":"Colosseum Nobs","floor":31.0,"turns":5.0},{"damage":19.0,"enemies":"Champ","floor":33.0,"turns":18.0},{"damage":0,"enemies":"3 Shapes","floor":35,"turns":3},{"damage":30,"enemies":"2 Orb Walkers","floor":37,"turns":6},{"damage":0,"enemies":"Orb Walker","floor":38,"turns":3},{"damage":0,"enemies":"4 Shapes","floor":39,"turns":3},{"damage":0,"enemies":"3 Darklings","floor":41,"turns":6},{"damage":0,"enemies":"Sphere and 2 Shapes","floor":46,"turns":6},{"damage":11,"enemies":"Transient","floor":48,"turns":5},{"damage":19,"enemies":"Awakened One","floor":50,"turns":23}],"seed_played":"-58624459594136678","potions_obtained":[{"floor":3.0,"key":"Strength Potion"},{"floor":13.0,"key":"EntropicBrew"},{"floor":14.0,"key":"Poison Potion"}],"is_trial":false,"path_per_floor":["M","?","M","?","?","R","E","R","T","?","$","M","M","M","R","B",null,"M","?","M","M","$","R","E","$","T","R","?","M","R","?","R","B",null,"M","?","?","M","M","R","M","?","T","R","$","M","?","M","R","B",null],"character_chosen":"THE_SILENT","items_purchased":["Skewer","Backflip","PiercingWail","Adrenaline","Caltrops","Deflect","Footwork+1","Backstab"],"campfire_rested":3,"item_purchase_floors":[11,11,11,22,25,25,45,45],"current_hp_per_floor":[60,53,45,34,27,48,26,26,26,26,26,28,30,26,47,48,65,61,61,63,62,62,62,54,54,54,54,54,48,48,33,54,37,62,64,64,36,38,40,58,60,60,60,70,70,70,70,59,70,51],"gold":120,"neow_bonus":"REMOVE_TWO","is_prod":false,"is_daily":false,"chose_seed":false,"campfire_upgraded":7,"win_rate":0,"timestamp":1549734031,"path_taken":["M","?","M","?","?","R","E","R","T","?","?","M","?","M","R","BOSS","M","?","M","?","$","R","E","$","T","R","?","?","R","?","R","BOSS","M","?","?","M","M","R","M","?","T","R","$","M","?","M","R","BOSS"],"build_version":"2019-01-23","purchased_purges":1,"victory":true,"max_hp_per_floor":[70,70,70,70,70,70,70,70,70,70,70,70,70,70,70,70,70,70,70,70,70,70,70,70,70,70,70,70,70,70,70,70,70,70,70,70,70,70,70,70,70,70,70,70,70,70,70,70,70,70],"card_choices":[{"not_picked":["Eviscerate","Choke"],"picked":"Flying Knee","floor":1.0},{"not_picked":["Accuracy","Blade Dance"],"picked":"Quick Slash","floor":3.0},{"not_picked":["Bane","Underhanded Strike"],"picked":"Bullet Time","floor":7.0},{"not_picked":["PiercingWail","Slice"],"picked":"Dodge and Roll","floor":12.0},{"not_picked":["Endless Agony","Distraction"],"picked":"Backstab","floor":13.0},{"not_picked":["Outmaneuver","Backflip"],"picked":"Crippling Poison","floor":14.0},{"not_picked":["Night Terror","Corpse Explosion"],"picked":"Adrenaline","floor":16.0},{"not_picked":["Poisoned Stab","Flying Knee"],"picked":"Finisher","floor":18.0},{"not_picked":["Deadly Poison","All Out Attack","Bane"],"picked":"SKIP","floor":20.0},{"not_picked":["Underhanded Strike","Deadly Poison"],"picked":"Footwork","floor":21.0},{"not_picked":["Dagger Spray","Masterful Stab"],"picked":"Phantasmal Killer","floor":24.0},{"not_picked":["Endless Agony","Underhanded Strike"],"picked":"Well Laid Plans+1","floor":29.0},{"not_picked":["Quick Slash","Dagger Throw"],"picked":"Cloak And Dagger","floor":35},{"not_picked":["Outmaneuver","Bane"],"picked":"Dodge and Roll","floor":37},{"not_picked":["Deflect+1","Slice"],"picked":"Cloak And Dagger","floor":38},{"not_picked":["Flying Knee","PiercingWail+1"],"picked":"Cloak And Dagger","floor":39},{"not_picked":["Skewer","Riddle With Holes","Reflex+1"],"picked":"SKIP","floor":41},{"not_picked":["Backflip","Flechettes"],"picked":"Malaise","floor":46},{"not_picked":["Underhanded Strike+1","Concentrate"],"picked":"Blade Dance","floor":48}],"player_experience":433339,"relics_obtained":[{"floor":7.0,"key":"Matryoshka"},{"floor":9.0,"key":"Blood Vial"},{"floor":9.0,"key":"Kunai"},{"floor":24.0,"key":"Mercury Hourglass"},{"floor":26.0,"key":"Bag of Preparation"},{"floor":26.0,"key":"Darkstone Periapt"},{"floor":31.0,"key":"Ice Cream"},{"floor":31.0,"key":"Frozen Egg 2"},{"floor":37,"key":"Pocketwatch"},{"floor":43,"key":"Bottled Tornado"}],"event_choices":[{"damage_healed":0.0,"max_hp_gain":0.0,"max_hp_loss":0.0,"gold_gain":0.0,"event_name":"Scrap Ooze","player_choice":"Success","floor":2.0,"gold_loss":0.0,"damage_taken":7.0,"relics_obtained":["The Specimen"]},{"damage_healed":0.0,"max_hp_gain":0.0,"max_hp_loss":0.0,"gold_gain":75.0,"event_name":"World of Goop","player_choice":"Gather Gold","floor":4.0,"gold_loss":0.0,"damage_taken":11.0},{"cards_removed":["Strike_G"],"damage_healed":0.0,"max_hp_gain":0.0,"max_hp_loss":0.0,"gold_gain":0.0,"event_name":"Golden Wing","player_choice":"Card Removal","floor":5.0,"gold_loss":0.0,"damage_taken":7.0},{"damage_healed":0.0,"max_hp_gain":0.0,"max_hp_loss":0.0,"gold_gain":0.0,"event_name":"Living Wall","player_choice":"Grow","floor":10.0,"gold_loss":0.0,"damage_taken":0.0,"cards_upgraded":["Bullet Time"]},{"damage_healed":0.0,"max_hp_gain":0.0,"max_hp_loss":0.0,"gold_gain":0.0,"event_name":"N\u0027loth","player_choice":"Ignored","floor":19.0,"gold_loss":0.0,"damage_taken":0.0},{"damage_healed":0.0,"max_hp_gain":0.0,"max_hp_loss":0.0,"gold_gain":0.0,"event_name":"WeMeetAgain","player_choice":"Ignored","floor":28.0,"gold_loss":0.0,"damage_taken":0.0},{"damage_healed":0.0,"max_hp_gain":0.0,"max_hp_loss":0.0,"gold_gain":0.0,"event_name":"Colosseum","player_choice":"Fight","floor":31.0,"gold_loss":0.0,"damage_taken":0.0},{"damage_healed":0.0,"max_hp_gain":0.0,"max_hp_loss":0.0,"gold_gain":0.0,"event_name":"Colosseum","player_choice":"Fought Nobs","floor":31.0,"gold_loss":0.0,"damage_taken":0.0},{"damage_healed":0,"gold_gain":0,"player_choice":"Memory 1","damage_taken":0,"max_hp_gain":0,"max_hp_loss":0,"event_name":"SensoryStone","floor":36,"gold_loss":0},{"damage_healed":0,"gold_gain":0,"player_choice":"Fight","damage_taken":0,"max_hp_gain":0,"max_hp_loss":0,"event_name":"Mysterious Sphere","floor":37,"gold_loss":0},{"damage_healed":0,"gold_gain":0,"player_choice":"Ignored","damage_taken":0,"max_hp_gain":0,"max_hp_loss":0,"event_name":"Tomb of Lord Red Mask","floor":42,"gold_loss":0},{"cards_removed":["Finisher"],"damage_healed":0,"gold_gain":0,"player_choice":"Offered Uncommon","damage_taken":0,"max_hp_gain":0,"max_hp_loss":0,"event_name":"Bonfire Elementals","floor":47,"gold_loss":0}],"is_beta":false,"boss_relics":[{"not_picked":["Ectoplasm","Empty Cage"],"picked":"Sozu"},{"not_picked":["Snecko Eye","Runic Dome"],"picked":"Eternal Feather"}],"items_purged_floors":[45],"is_endless":false,"potions_floor_spawned":[3,13,14,18,31,35,38,41,46,48],"ascension_level":13}