{"path_per_floor":["M","M","M","M","M","E","R","$","T","E","M","T","E","M","R","B",null,"M","M","?","M"],"character_chosen":"THE_SILENT","items_purchased":["Outmaneuver","Well Laid Plans"],"gold_per_floor":[117,129,146,157,168,198,198,40,40,69,85,163,197,215,215,318,318,336,352,352,364,364],"floor_reached":22,"campfire_rested":1,"playtime":3364,"item_purchase_floors":[],"current_hp_per_floor":[69,68,68,60,54,40,40,40,40,27,17,27,8,8,32,1,80,73,32,32,18,0],"items_purged":["Defend_G"],"gold":364,"score":235,"play_id":"6e1f7b3c-a5d5-4d34-90d0-4e047df0786b","local_time":"20180528181846","is_prod":false,"is_daily":false,"chose_seed":false,"is_ascension_mode":false,"campfire_upgraded":1,"win_rate":0.0,"timestamp":1527549526,"campfire_choices":[{"data":"Finisher","floor":7.0,"key":"SMITH"},{"floor":15.0,"key":"REST"}],"path_taken":["M","M","M","?","M","E","R","?","T","E","M","?","E","M","R","BOSS","M","?","?","M","M"],"build_version":"2018-05-24","seed_source_timestamp":0,"purchased_purges":1,"victory":false,"master_deck":["Defend_G","Defend_G","Defend_G","Defend_G","Survivor","Neutralize","Unload","Dagger Throw","All Out Attack","Infinite Blades","Underhanded Strike","Finisher+1","Dagger Throw","Outmaneuver","Well Laid Plans","Poisoned Stab","Dash","Bullet Time","Infinite Blades","Outmaneuver","Envenom","Footwork+1","Footwork","Bite","Bite","Bite","Bite","Bite","Outmaneuver+1"],"max_hp_per_floor":[70,70,70,70,70,70,70,70,70,70,70,80,80,80,80,80,80,80,80,56,56,56],"relics":["Ring of the Snake","Ancient Tea Set","Dream Catcher","Potion Belt","Pear","Darkstone Periapt","Eternal Feather"],"card_choices":[{"not_picked":["Dodge and Roll","Endless Agony"],"picked":"Dagger Throw","floor":1.0},{"not_picked":["Eviscerate","Sucker Punch"],"picked":"All Out Attack","floor":2.0},{"not_picked":["Dodge and Roll","Deflect"],"picked":"Infinite Blades","floor":3.0},{"not_picked":["Acrobatics","Dagger Throw"],"picked":"Underhanded Strike","floor":4.0},{"not_picked":["Slice","Corpse Explosion"],"picked":"Finisher","floor":5.0},{"not_picked":["Predator","Bane"],"picked":"Dagger Throw","floor":6.0},{"not_picked":["Sucker Punch","Leg Sweep"],"picked":"Poisoned Stab","floor":10.0},{"not_picked":["Reflex","Eviscerate"],"picked":"Dash","floor":11.0},{"not_picked":["Flying Knee","Slice"],"picked":"Bullet Time","floor":13.0},{"not_picked":["Masterful Stab","Deflect"],"picked":"Infinite Blades","floor":14.0},{"not_picked":["Endless Agony","Dodge and Roll"],"picked":"Outmaneuver","floor":15.0},{"not_picked":["Bullet Time","Corpse Explosion"],"picked":"Envenom","floor":16.0},{"not_picked":["Skewer","Deadly Poison"],"picked":"Footwork+1","floor":18},{"not_picked":["Infinite Blades","Deadly Poison"],"picked":"Footwork","floor":19},{"not_picked":["Slice","Glass Knife"],"picked":"Outmaneuver+1","floor":21}],"player_experience":41814,"potions_floor_usage":[],"damage_taken":[{"damage":1.0,"enemies":"Cultist","floor":1.0,"turns":4.0},{"damage":1.0,"enemies":"Jaw Worm","floor":2.0,"turns":4.0},{"damage":0.0,"enemies":"Small Slimes","floor":3.0,"turns":2.0},{"damage":8.0,"enemies":"2 Fungi Beasts","floor":4.0,"turns":3.0},{"damage":6.0,"enemies":"Gremlin Gang","floor":5.0,"turns":5.0},{"damage":14.0,"enemies":"Gremlin Nob","floor":6.0,"turns":3.0},{"damage":13.0,"enemies":"Lagavulin","floor":10.0,"turns":5.0},{"damage":10.0,"enemies":"Lots of Slimes","floor":11.0,"turns":2.0},{"damage":19.0,"enemies":"3 Sentries","floor":13.0,"turns":5.0},{"damage":0.0,"enemies":"Exordium Wildlife","floor":14.0,"turns":3.0},{"damage":31.0,"enemies":"The Guardian","floor":16.0,"turns":11.0},{"damage":7,"enemies":"Chosen","floor":18,"turns":4},{"damage":41,"enemies":"3 Byrds","floor":19,"turns":6},{"damage":22,"enemies":"Centurion and Healer","floor":21,"turns":6},{"damage":26,"enemies":"Snecko","floor":22,"turns":4}],"relics_obtained":[{"floor":6.0,"key":"Ancient Tea Set"},{"floor":9.0,"key":"Dream Catcher"},{"floor":10.0,"key":"Potion Belt"},{"floor":12.0,"key":"Pear"},{"floor":13.0,"key":"Darkstone Periapt"}],"event_choices":[{"event_name":"Vampires","player_choice":"Became a vampire","floor":20,"damage_taken":0}],"boss_relics":[],"items_purged_floors":[],"potions_floor_spawned":[1,3,6,14,16,21],"seed_played":"1207475926513079502","killed_by":"Snecko","ascension_level":0,"potions_obtained":[{"floor":1.0,"key":"PowerPotion"},{"floor":3.0,"key":"FearPotion"},{"floor":6.0,"key":"GhostInAJar"},{"floor":14.0,"key":"PowerPotion"},{"floor":16.0,"key":"AttackPotion"},{"floor":21,"key":"PowerPotion"}],"is_trial":false}