{"gold_per_floor":[119,139,89,14,14,14,14,14,14,33,53,53,70,84,84,184,184,200,210,224,235,135,167,167,192,273,273,273,273,285,84,84,181,181,195,195,249,249,99,127,139,171,183,195,224,282,294,306],"floor_reached":48,"playtime":1893,"items_purged":["Strike_R","True Grit+1","Defend_R","Strike_R"],"score":513,"play_id":"493bf7df-d88f-43e0-82c3-931ae5a506f2","local_time":"20190209162437","is_ascension_mode":false,"campfire_choices":[{"data":"Bash","floor":6.0,"key":"SMITH"},{"data":"Dropkick","floor":8.0,"key":"SMITH"},{"data":"Shrug It Off","floor":12.0,"key":"SMITH"},{"floor":15.0,"key":"REST"},{"floor":24.0,"key":"REST"},{"floor":28.0,"key":"REST"},{"floor":32.0,"key":"REST"},{"floor":41.0,"key":"REST"}],"neow_cost":"NONE","seed_source_timestamp":0,"circlet_count":0,"master_deck":["Strike_R","Bash+1","Dropkick+1","Shrug It Off+1","Bludgeon+1","Bloodletting+1","Clash+1","Dropkick+1","Feed+1"],"special_seed":0,"relics":["Burning Blood","Pen Nib","Blue Candle","Astrolabe","Molten Egg 2","Singing Bowl","Pear","Black Star","Shovel","Gambling Chip","MawBank","Du-Vu Doll","Boot"],"potions_floor_usage":[45],"damage_taken":[{"damage":5.0,"enemies":"Jaw Worm","floor":1.0,"turns":4.0},{"damage":2.0,"enemies":"2 Louse","floor":2.0,"turns":3.0},{"damage":1.0,"enemies":"Cultist","floor":10.0,"turns":3.0},{"damage":12.0,"enemies":"3 Louse","floor":11.0,"turns":4.0},{"damage":2.0,"enemies":"2 Fungi Beasts","floor":13.0,"turns":3.0},{"damage":5.0,"enemies":"Looter","floor":14.0,"turns":3.0},{"damage":66.0,"enemies":"The Guardian","floor":16.0,"turns":14.0},{"damage":44.0,"enemies":"3 Byrds","floor":18.0,"turns":8.0},{"damage":1.0,"enemies":"Shell Parasite","floor":19.0,"turns":2.0},{"damage":4.0,"enemies":"Snake Plant","floor":20.0,"turns":2.0},{"damage":8.0,"enemies":"Cultist and Chosen","floor":21.0,"turns":4.0},{"damage":29.0,"enemies":"Slavers","floor":23.0,"turns":4.0},{"damage":33.0,"enemies":"Gremlin Leader","floor":25.0,"turns":4.0},{"damage":22.0,"enemies":"Snecko","floor":30.0,"turns":4.0},{"damage":62.0,"enemies":"Collector","floor":33.0,"turns":5.0},{"damage":3.0,"enemies":"Orb Walker","floor":35.0,"turns":2.0},{"damage":31.0,"enemies":"2 Orb Walkers","floor":37.0,"turns":4.0},{"damage":91.0,"enemies":"Reptomancer","floor":40.0,"turns":5.0},{"damage":22.0,"enemies":"3 Shapes","floor":42.0,"turns":5.0},{"damage":20,"enemies":"Writhing Mass","floor":45,"turns":3},{"damage":18,"enemies":"4 Shapes","floor":48,"turns":5}],"seed_played":"-7094380229972039806","potions_obtained":[{"floor":2.0,"key":"FairyPotion"},{"floor":11.0,"key":"EssenceOfSteel"},{"floor":14.0,"key":"AttackPotion"},{"floor":19.0,"key":"SteroidPotion"},{"floor":33.0,"key":"Fire Potion"},{"floor":42.0,"key":"Explosive Potion"},{"floor":45,"key":"Swift Potion"}],"is_trial":false,"path_per_floor":["M","M","?","$","?","R","$","R","T","M","M","R","M","M","R","B",null,"M","M","M","M","$","E","R","E","T","?","R","?","M","$","R","B",null,"M","?","?","?","$","E","R","M","T","?","M","T","?","M"],"character_chosen":"IRONCLAD","items_purchased":["Dropkick+1"],"campfire_rested":5,"item_purchase_floors":[31],"current_hp_per_floor":[88,88,88,88,85,85,85,85,85,88,82,82,86,87,88,28,88,50,55,57,55,55,32,58,33,43,43,73,73,59,59,89,35,104,106,106,83,83,83,12,43,29,29,29,17,17,17,0],"gold":306,"neow_bonus":"TEN_PERCENT_HP_BONUS","is_prod":false,"is_daily":false,"chose_seed":false,"campfire_upgraded":3,"win_rate":0,"timestamp":1549718677,"path_taken":["M","M","?","$","?","R","?","R","T","M","?","R","M","M","R","BOSS","M","M","M","M","$","E","R","E","T","?","R","?","M","$","R","BOSS","M","?","?","?","?","E","R","M","T","?","?","?","?","M"],"build_version":"2019-01-23","purchased_purges":4,"victory":false,"max_hp_per_floor":[88,88,88,88,88,88,88,88,88,88,88,88,88,88,88,88,88,88,88,88,88,88,88,88,90,100,100,100,100,102,102,102,104,104,106,106,108,103,103,105,105,107,107,107,109,109,109,109],"card_choices":[{"not_picked":["Cleave","Havoc","Anger"],"picked":"SKIP","floor":1.0},{"not_picked":["Shrug It Off","Pommel Strike"],"picked":"Dropkick","floor":2.0},{"not_picked":["Clothesline","Seeing Red"],"picked":"Shrug It Off","floor":10.0},{"not_picked":["Flex","Feel No Pain","Sentinel"],"picked":"SKIP","floor":11.0},{"not_picked":["Havoc","Iron Wave","Sentinel"],"picked":"SKIP","floor":13.0},{"not_picked":["Rupture","Fire Breathing","Power Through"],"picked":"SKIP","floor":14.0},{"not_picked":["Second Wind","Seeing Red","Warcry"],"picked":"SKIP","floor":18.0},{"not_picked":["Body Slam","Sword Boomerang+1","Entrench"],"picked":"SKIP","floor":19.0},{"not_picked":["Flex","Thunderclap"],"picked":"Clash+1","floor":20.0},{"not_picked":["Exhume","Flame Barrier","Pommel Strike"],"picked":"SKIP","floor":21.0},{"not_picked":["Shockwave","Reckless Charge","Seeing Red"],"picked":"SKIP","floor":23.0},{"not_picked":["Armaments","Body Slam+1","Limit Break"],"picked":"Singing Bowl","floor":25.0},{"not_picked":["Shrug It Off","Fire Breathing","Armaments+1"],"picked":"Singing Bowl","floor":30.0},{"not_picked":["Reaper+1","Impervious","Juggernaut"],"picked":"Singing Bowl","floor":33.0},{"not_picked":["Thunderclap+1","Pummel+1","Perfected Strike+1"],"picked":"Singing Bowl","floor":35.0},{"not_picked":["Anger+1","Iron Wave+1","Sword Boomerang+1"],"picked":"Singing Bowl","floor":37.0},{"not_picked":["Thunderclap+1","Berserk","Cleave+1"],"picked":"Singing Bowl","floor":40.0},{"not_picked":["Anger+1","Headbutt+1","Twin Strike+1"],"picked":"Singing Bowl","floor":42.0},{"not_picked":["Heavy Blade+1","Pommel Strike+1","Disarm+1"],"picked":"Singing Bowl","floor":45}],"player_experience":262357,"relics_obtained":[{"floor":9.0,"key":"Blue Candle"},{"floor":23.0,"key":"Molten Egg 2"},{"floor":25.0,"key":"Singing Bowl"},{"floor":26.0,"key":"Pear"},{"floor":37.0,"key":"Shovel"},{"floor":40.0,"key":"Gambling Chip"},{"floor":40.0,"key":"MawBank"},{"floor":43.0,"key":"Du-Vu Doll"},{"floor":46,"key":"Boot"}],"event_choices":[{"cards_removed":["Defend_R"],"damage_healed":0.0,"max_hp_gain":0.0,"max_hp_loss":0.0,"gold_gain":0.0,"event_name":"The Cleric","player_choice":"Card Removal","floor":3.0,"gold_loss":50.0,"damage_taken":0.0},{"damage_healed":0.0,"max_hp_gain":0.0,"max_hp_loss":0.0,"gold_gain":0.0,"event_name":"Scrap Ooze","player_choice":"Success","floor":5.0,"gold_loss":0.0,"damage_taken":3.0,"relics_obtained":["Pen Nib"]},{"damage_healed":0.0,"max_hp_gain":0.0,"max_hp_loss":0.0,"gold_gain":0.0,"event_name":"Ghosts","player_choice":"Ignored","floor":27.0,"gold_loss":0.0,"damage_taken":0.0},{"damage_healed":0.0,"max_hp_gain":0.0,"max_hp_loss":0.0,"gold_gain":0.0,"event_name":"Vampires","player_choice":"Ignored","floor":29.0,"gold_loss":0.0,"damage_taken":0.0},{"damage_healed":0.0,"max_hp_gain":0.0,"max_hp_loss":0.0,"gold_gain":0.0,"event_name":"Tomb of Lord Red Mask","player_choice":"Ignored","floor":36.0,"gold_loss":0.0,"damage_taken":0.0},{"damage_healed":0.0,"max_hp_gain":0.0,"max_hp_loss":0.0,"gold_gain":0.0,"event_name":"Mysterious Sphere","player_choice":"Fight","floor":37.0,"gold_loss":0.0,"damage_taken":0.0},{"damage_healed":0.0,"max_hp_gain":0.0,"max_hp_loss":5.0,"gold_gain":0.0,"event_name":"Winding Halls","player_choice":"Max HP","floor":38.0,"gold_loss":0.0,"damage_taken":0.0},{"damage_healed":0.0,"max_hp_gain":0.0,"max_hp_loss":0.0,"gold_gain":0.0,"event_name":"The Woman in Blue","player_choice":"Bought 0 Potions","floor":44.0,"gold_loss":0.0,"damage_taken":0.0},{"damage_healed":0,"gold_gain":0,"cards_transformed":["Strike_R"],"player_choice":"Transformed","damage_taken":0,"max_hp_gain":0,"max_hp_loss":0,"event_name":"Transmorgrifier","floor":47,"gold_loss":0,"cards_obtained":["Feed"]}],"is_beta":false,"boss_relics":[{"not_picked":["Sozu","White Beast Statue"],"picked":"Astrolabe"},{"not_picked":["Mark of Pain","Eternal Feather"],"picked":"Black Star"}],"items_purged_floors":[4,22,31,39],"is_endless":false,"potions_floor_spawned":[2,10,11,14,19,21,25,33,35,42,45],"killed_by":"4 Shapes","ascension_level":0}