{"gold_per_floor":[117,135,33,49,67,67,102,102,102,102,102],"floor_reached":11,"playtime":340,"items_purged":[],"score":110,"play_id":"7d2c958e-2c53-4a9e-b1b1-d6b446e5f214","local_time":"20190203190421","is_ascension_mode":true,"campfire_choices":[{"data":"Barricade","floor":6,"key":"SMITH"},{"data":"Disarm","floor":8,"key":"SMITH"},{"data":"Disarm","floor":10,"key":"SMITH"}],"neow_cost":"PERCENT_DAMAGE","seed_source_timestamp":114193684695443,"circlet_count":0,"master_deck":["AscendersBane","Strike_R","Strike_R","Strike_R","Strike_R","Strike_R","Defend_R","Defend_R","Defend_R","Defend_R","Bash","Barricade+1","Intimidate","Disarm+1","Disarm+1","Cleave","Spot Weakness","Reaper"],"relics":["Burning Blood","Pantograph","Molten Egg 2"],"potions_floor_usage":[2,7],"damage_taken":[{"damage":11,"enemies":"2 Louse","floor":1,"turns":3},{"damage":4,"enemies":"Jaw Worm","floor":2,"turns":4},{"damage":6,"enemies":"Cultist","floor":4,"turns":3},{"damage":8,"enemies":"Blue Slaver","floor":5,"turns":5},{"damage":42,"enemies":"Lagavulin","floor":7,"turns":10},{"damage":19,"enemies":"Large Slime","floor":11,"turns":10}],"seed_played":"-9152659059396763390","potions_obtained":[{"floor":1,"key":"Block Potion"},{"floor":4,"key":"Poison Potion"},{"floor":7,"key":"Strength Potion"}],"is_trial":false,"path_per_floor":["M","M","$","M","M","R","E","R","T","R","M"],"character_chosen":"IRONCLAD","items_purchased":["Disarm","Cleave"],"campfire_rested":0,"item_purchase_floors":[3,3],"current_hp_per_floor":[46,48,48,48,46,46,10,10,10,10,0],"gold":102,"neow_bonus":"THREE_RARE_CARDS","is_prod":false,"is_daily":false,"chose_seed":false,"campfire_upgraded":3,"win_rate":0,"timestamp":1549231461,"path_taken":["M","M","$","M","M","R","E","R","T","R","M"],"build_version":"2018-11-15","purchased_purges":0,"victory":false,"max_hp_per_floor":[80,80,80,80,80,80,80,80,80,80,80],"card_choices":[{"not_picked":["Immolate","Brutality"],"picked":"Barricade","floor":0},{"not_picked":["Wild Strike","Havoc"],"picked":"Intimidate","floor":1},{"not_picked":["Wild Strike","Blood for Blood"],"picked":"Disarm","floor":2},{"not_picked":["Perfected Strike","Corruption"],"picked":"Spot Weakness","floor":4},{"not_picked":["Evolve","Sentinel","Whirlwind"],"picked":"SKIP","floor":5},{"not_picked":["Sentinel","Infernal Blade"],"picked":"Reaper","floor":7}],"player_experience":76862,"relics_obtained":[{"floor":7,"key":"Pantograph"},{"floor":9,"key":"Molten Egg 2"}],"event_choices":[],"is_beta":false,"boss_relics":[],"items_purged_floors":[],"is_endless":false,"potions_floor_spawned":[1,4,7],"killed_by":"Large Slime","ascension_level":10}