{"gold_per_floor":[116,191,116,131,131,162,162,177,224,224,224,224,75,52,52,157,157,157,5,5,5,5,5,5,5,5,5,5,5,5,5,5,5,5,5,0,0,0,0,0,0,0,0,0,0,0,0,0,0,0],"floor_reached":51,"playtime":1400,"items_purged":["Defend_R","Regret"],"score":709,"play_id":"dcc68549-d5e7-45c7-99f1-1f08ca260ea2","local_time":"20190211183529","is_ascension_mode":false,"campfire_choices":[{"data":"Infernal Blade","floor":7.0,"key":"SMITH"},{"data":"Perfected Strike","floor":12.0,"key":"SMITH"},{"data":"Perfected Strike","floor":15.0,"key":"SMITH"},{"floor":25.0,"key":"REST"},{"floor":32.0,"key":"REST"},{"floor":47,"key":"REST"},{"floor":49,"key":"REST"}],"neow_cost":"NONE","seed_source_timestamp":79868494509280,"circlet_count":0,"master_deck":["Strike_R","Strike_R","Strike_R","Strike_R","Strike_R","Defend_R","Defend_R","Bash","Perfected Strike+1","Infernal Blade+1","Flex","Pommel Strike","Bludgeon","J.A.X.","Heavy Blade","Pommel Strike+1","Limit Break","Searing Blow","Flame Barrier+1","Exhume+1","Shrug It Off+1","Armaments+1","Flex+1","Secret Technique+1"],"special_seed":0,"relics":["Burning Blood","Ancient Tea Set","Red Skull","Boot","Ectoplasm","Regal Pillow","Ornamental Fan","Toxic Egg 2","Pocketwatch","FaceOfCleric","Nunchaku","Kunai","Mark of Pain","Red Mask","Old Coin","Shovel","Oddly Smooth Stone"],"potions_floor_usage":[33,50,50,50],"damage_taken":[{"damage":2.0,"enemies":"Small Slimes","floor":1.0,"turns":4.0},{"damage":1.0,"enemies":"Cultist","floor":4.0,"turns":3.0},{"damage":28.0,"enemies":"Gremlin Nob","floor":6.0,"turns":4.0},{"damage":0.0,"enemies":"Jaw Worm","floor":8.0,"turns":1.0},{"damage":57.0,"enemies":"The Guardian","floor":16.0,"turns":9.0},{"damage":16.0,"enemies":"3 Byrds","floor":18.0,"turns":4.0},{"damage":10.0,"enemies":"Chosen","floor":21.0,"turns":3.0},{"damage":19.0,"enemies":"Snake Plant","floor":22.0,"turns":2.0},{"damage":36.0,"enemies":"Book of Stabbing","floor":23.0,"turns":3.0},{"damage":13.0,"enemies":"Sentry and Sphere","floor":27.0,"turns":3.0},{"damage":0.0,"enemies":"Snecko","floor":30.0,"turns":2.0},{"damage":16.0,"enemies":"Colosseum Slavers","floor":31.0,"turns":2.0},{"damage":7.0,"enemies":"Colosseum Nobs","floor":31.0,"turns":2.0},{"damage":28,"enemies":"Automaton","floor":33,"turns":4},{"damage":14,"enemies":"3 Shapes","floor":35,"turns":2},{"damage":45,"enemies":"2 Orb Walkers","floor":37,"turns":5},{"damage":3,"enemies":"Orb Walker","floor":40,"turns":2},{"damage":3,"enemies":"Mind Bloom Boss Battle","floor":42,"turns":3},{"damage":33,"enemies":"Sphere and 2 Shapes","floor":45,"turns":4},{"damage":54,"enemies":"Maw","floor":48,"turns":7},{"damage":63,"enemies":"Time Eater","floor":50,"turns":7}],"seed_played":"-7123752204101066467","potions_obtained":[{"floor":1.0,"key":"Fire Potion"},{"floor":6.0,"key":"Block Potion"},{"floor":8.0,"key":"Energy Potion"},{"floor":31.0,"key":"SteroidPotion"},{"floor":37,"key":"AttackPotion"}],"is_trial":false,"path_per_floor":["M","?","$","M","?","E","R","M","T","?","?","R","$","$","R","B",null,"M","$","?","M","M","E","?","R","T","M","?","?","M","?","R","B",null,"M","?","?","$","$","M","$","?","T","?","M","?","R","M","R","B",null],"character_chosen":"IRONCLAD","items_purchased":["Perfected Strike","Pommel Strike","Regal Pillow"],"campfire_rested":4,"item_purchase_floors":[13,14,19],"current_hp_per_floor":[88,77,77,82,88,66,66,72,72,72,72,72,72,72,72,21,88,78,78,78,74,61,31,14,56,56,49,49,49,56,47,90,69,97,90,90,52,52,52,56,56,60,60,60,34,34,79,32,77,21],"gold":0,"neow_bonus":"TEN_PERCENT_HP_BONUS","is_prod":false,"is_daily":false,"chose_seed":false,"campfire_upgraded":3,"win_rate":0,"timestamp":1549899329,"path_taken":["M","?","$","M","?","E","R","?","T","?","?","R","?","$","R","BOSS","M","$","?","M","M","E","?","R","T","M","?","?","?","?","R","BOSS","M","?","?","?","$","M","$","?","T","?","?","?","R","M","R","BOSS"],"build_version":"2019-01-23","purchased_purges":2,"victory":true,"max_hp_per_floor":[88,88,88,88,88,88,88,88,88,88,88,88,88,88,88,88,88,88,88,88,88,88,88,93,93,93,93,93,93,94,96,96,97,97,98,98,99,99,99,100,100,101,101,101,102,102,102,103,103,104],"card_choices":[{"not_picked":["Sentinel","Clash","True Grit"],"picked":"SKIP","floor":1.0},{"not_picked":["Warcry","Flex"],"picked":"Perfected Strike","floor":4.0},{"not_picked":["Battle Trance","True Grit"],"picked":"Infernal Blade","floor":6.0},{"not_picked":["Thunderclap","Reckless Charge"],"picked":"Flex","floor":8.0},{"not_picked":["Limit Break","Juggernaut"],"picked":"Bludgeon","floor":16.0},{"not_picked":["Cleave","Body Slam","True Grit"],"picked":"SKIP","floor":18.0},{"not_picked":["Anger","Wild Strike"],"picked":"Heavy Blade","floor":21.0},{"not_picked":["Cleave","Metallicize"],"picked":"Pommel Strike+1","floor":22.0},{"not_picked":["Thunderclap+1","Sword Boomerang"],"picked":"Limit Break","floor":23.0},{"not_picked":["Wild Strike","Sword Boomerang"],"picked":"Searing Blow","floor":27.0},{"not_picked":["Clothesline","Cleave+1"],"picked":"Flame Barrier+1","floor":30.0},{"not_picked":["Offering+1","Juggernaut"],"picked":"Exhume+1","floor":33},{"not_picked":["Uppercut","Headbutt+1"],"picked":"Shrug It Off+1","floor":35},{"not_picked":["Sentinel+1","Fiend Fire","Searing Blow+1"],"picked":"SKIP","floor":40},{"not_picked":["Rampage","Ghostly Armor+1"],"picked":"Armaments+1","floor":42},{"not_picked":["Sever Soul","Wild Strike"],"picked":"Flex+1","floor":45},{"not_picked":["Swift Strike","Thinking Ahead+1"],"picked":"Secret Technique+1","floor":46},{"not_picked":["Armaments+1","Warcry+1","Anger"],"picked":"SKIP","floor":48}],"player_experience":320111,"relics_obtained":[{"floor":6.0,"key":"Ancient Tea Set"},{"floor":9.0,"key":"Red Skull"},{"floor":23.0,"key":"Ornamental Fan"},{"floor":26.0,"key":"Toxic Egg 2"},{"floor":31.0,"key":"Nunchaku"},{"floor":31.0,"key":"Kunai"},{"floor":37,"key":"Old Coin"},{"floor":42,"key":"Shovel"},{"floor":43,"key":"Oddly Smooth Stone"}],"event_choices":[{"damage_healed":0.0,"max_hp_gain":0.0,"max_hp_loss":0.0,"gold_gain":75.0,"event_name":"World of Goop","player_choice":"Gather Gold","floor":2.0,"gold_loss":0.0,"damage_taken":11.0},{"damage_healed":6.0,"max_hp_gain":0.0,"max_hp_loss":0.0,"gold_gain":0.0,"event_name":"Wheel of Change","player_choice":"Full Heal","floor":5.0,"gold_loss":0.0,"damage_taken":0.0},{"cards_removed":["Defend_R"],"damage_healed":0.0,"max_hp_gain":0.0,"max_hp_loss":0.0,"gold_gain":0.0,"event_name":"Living Wall","player_choice":"Forget","floor":10.0,"gold_loss":0.0,"damage_taken":0.0},{"damage_healed":0.0,"max_hp_gain":0.0,"max_hp_loss":0.0,"gold_gain":0.0,"event_name":"Big Fish","player_choice":"Box","floor":11.0,"gold_loss":0.0,"damage_taken":0.0,"relics_obtained":["Boot"],"cards_obtained":["Regret"]},{"damage_healed":0.0,"max_hp_gain":0.0,"max_hp_loss":0.0,"gold_gain":0.0,"event_name":"Drug Dealer","player_choice":"Obtain J.A.X.","floor":20.0,"gold_loss":0.0,"damage_taken":0.0,"cards_obtained":["J.A.X."]},{"damage_healed":0.0,"max_hp_gain":5.0,"max_hp_loss":0.0,"gold_gain":0.0,"event_name":"Forgotten Altar","player_choice":"Shed Blood","floor":24.0,"gold_loss":0.0,"damage_taken":22.0},{"damage_healed":0.0,"max_hp_gain":0.0,"max_hp_loss":0.0,"gold_gain":0.0,"event_name":"The Mausoleum","player_choice":"Opened","floor":28.0,"gold_loss":0.0,"damage_taken":0.0,"relics_obtained":["Pocketwatch"]},{"damage_healed":0.0,"max_hp_gain":0.0,"max_hp_loss":0.0,"gold_gain":0.0,"event_name":"FaceTrader","player_choice":"Trade","floor":29.0,"gold_loss":0.0,"damage_taken":0.0,"relics_obtained":["FaceOfCleric"]},{"damage_healed":0.0,"max_hp_gain":0.0,"max_hp_loss":0.0,"gold_gain":0.0,"event_name":"Colosseum","player_choice":"Fight","floor":31.0,"gold_loss":0.0,"damage_taken":0.0},{"damage_healed":0.0,"max_hp_gain":0.0,"max_hp_loss":0.0,"gold_gain":0.0,"event_name":"Colosseum","player_choice":"Fought Nobs","floor":31.0,"gold_loss":0.0,"damage_taken":0.0},{"damage_healed":0,"gold_gain":0,"player_choice":"Paid","damage_taken":0,"relics_obtained":["Red Mask"],"max_hp_gain":0,"max_hp_loss":0,"event_name":"Tomb of Lord Red Mask","floor":36,"gold_loss":5},{"damage_healed":0,"gold_gain":0,"player_choice":"Fight","damage_taken":0,"max_hp_gain":0,"max_hp_loss":0,"event_name":"Mysterious Sphere","floor":37,"gold_loss":0},{"damage_healed":0,"gold_gain":0,"player_choice":"Fight","damage_taken":0,"max_hp_gain":0,"max_hp_loss":0,"event_name":"MindBloom","floor":42,"gold_loss":0},{"cards_removed":["Perfected Strike"],"damage_healed":0,"gold_gain":0,"player_choice":"Removed Attack","damage_taken":0,"max_hp_gain":0,"max_hp_loss":0,"event_name":"Falling","floor":44,"gold_loss":0},{"damage_healed":0,"gold_gain":0,"player_choice":"Memory 1","damage_taken":0,"max_hp_gain":0,"max_hp_loss":0,"event_name":"SensoryStone","floor":46,"gold_loss":0}],"is_beta":false,"boss_relics":[{"not_picked":["Tiny House","Busted Crown"],"picked":"Ectoplasm"},{"not_picked":["Runic Dome","White Beast Statue"],"picked":"Mark of Pain"}],"items_purged_floors":[3,13],"is_endless":false,"potions_floor_spawned":[1,6,8,18,21,30,31,31,37,42],"ascension_level":0}