{"gold_per_floor":[119,134,84,9,28,103,103,115,189,206,206,217,217,232],"floor_reached":14,"playtime":339,"items_purged":["Strike_R"],"score":84,"play_id":"a1c1b4d1-6979-4b75-ab9c-ef521f24dbe1","local_time":"20190209150534","is_ascension_mode":false,"campfire_choices":[{"data":"Bash","floor":7,"key":"SMITH"},{"floor":13,"key":"REST"}],"neow_cost":"NONE","seed_source_timestamp":64181758945587,"circlet_count":0,"master_deck":["Strike_R","Strike_R","Strike_R","Strike_R","Defend_R","Defend_R","Defend_R","Bash+1","Shrug It Off"],"relics":["Burning Blood","Bottled Lightning"],"potions_floor_usage":[],"damage_taken":[{"damage":4,"enemies":"Cultist","floor":1,"turns":4},{"damage":1,"enemies":"2 Louse","floor":2,"turns":2},{"damage":5,"enemies":"Small Slimes","floor":5,"turns":4},{"damage":21,"enemies":"3 Louse","floor":8,"turns":4},{"damage":47,"enemies":"Gremlin Gang","floor":10,"turns":6},{"damage":12,"enemies":"Blue Slaver","floor":12,"turns":3},{"damage":10,"enemies":"Large Slime","floor":14,"turns":6}],"seed_played":"-4894947545431341449","potions_obtained":[{"floor":1,"key":"EssenceOfSteel"},{"floor":10,"key":"SkillPotion"}],"is_trial":false,"path_per_floor":["M","M","?","$","M","?","R","M","T","M","?","M","R","M"],"character_chosen":"IRONCLAD","items_purchased":[],"campfire_rested":1,"item_purchase_floors":[],"current_hp_per_floor":[80,80,80,80,80,69,69,54,54,13,13,7,31,27],"gold":232,"neow_bonus":"THREE_CARDS","is_prod":false,"is_daily":false,"chose_seed":false,"campfire_upgraded":1,"win_rate":0,"timestamp":1549713934,"path_taken":["M","M","?","$","M","?","R","M","T","M","?","M","R","M"],"build_version":"2019-01-23","purchased_purges":1,"victory":false,"max_hp_per_floor":[80,80,80,80,80,80,80,80,80,80,80,80,80,80],"card_choices":[{"not_picked":["Armaments","Burning Pact","Iron Wave"],"picked":"SKIP","floor":1},{"not_picked":["Rampage","Anger","Armaments"],"picked":"SKIP","floor":2},{"not_picked":["Perfected Strike","Thunderclap"],"picked":"Shrug It Off","floor":5},{"not_picked":["Intimidate","Evolve","Perfected Strike"],"picked":"SKIP","floor":8},{"not_picked":["Sword Boomerang","Offering","Wild Strike"],"picked":"SKIP","floor":10},{"not_picked":["Blood for Blood","Pommel Strike","Inflame"],"picked":"SKIP","floor":12},{"not_picked":["True Grit","Dual Wield","Perfected Strike"],"picked":"SKIP","floor":14}],"player_experience":262018,"relics_obtained":[{"floor":9,"key":"Bottled Lightning"}],"event_choices":[{"cards_removed":["Defend_R"],"damage_healed":0,"gold_gain":0,"player_choice":"Card Removal","damage_taken":0,"max_hp_gain":0,"max_hp_loss":0,"event_name":"The Cleric","floor":3,"gold_loss":50},{"damage_healed":0,"gold_gain":75,"player_choice":"Gather Gold","damage_taken":11,"max_hp_gain":0,"max_hp_loss":0,"event_name":"World of Goop","floor":6,"gold_loss":0},{"damage_healed":0,"gold_gain":0,"player_choice":"Searched \u00270\u0027 times","damage_taken":0,"max_hp_gain":0,"max_hp_loss":0,"event_name":"Dead Adventurer","floor":11,"gold_loss":0}],"is_beta":false,"boss_relics":[],"items_purged_floors":[4],"is_endless":false,"potions_floor_spawned":[1,10],"killed_by":"Large Slime","ascension_level":0}