{"gold_per_floor":[109,121,121,121,141,177,177,211,237,262,278,278,293,311,311,407,407,431,431,40,61,76,76,89,89,167,167,188,226,226,40,40,40],"floor_reached":33,"playtime":24481,"items_purged":[],"score":499,"play_id":"d164f405-c2b5-49dd-926b-26a7ff784ad7","local_time":"20190216040312","is_ascension_mode":true,"campfire_choices":[{"data":"Glass Knife","floor":7,"key":"SMITH"},{"floor":12,"key":"REST"},{"data":"Noxious Fumes","floor":15,"key":"SMITH"},{"floor":23,"key":"REST"},{"floor":25,"key":"REST"},{"data":"Footwork","floor":27,"key":"SMITH"},{"floor":32,"key":"REST"}],"neow_cost":"NONE","seed_source_timestamp":358338985503200,"circlet_count":0,"master_deck":["AscendersBane","Defend_G","Defend_G","Defend_G","Defend_G","Defend_G","Strike_G","Strike_G","Survivor","Neutralize","Dash","All Out Attack","Dagger Throw","Glass Knife+1","Bouncing Flask","Crippling Poison","Noxious Fumes+1","Footwork+1","Backflip","Wraith Form v2","Blur","Caltrops","PiercingWail+1","Deflect","Ghostly","Ghostly","Ghostly","Ghostly","Ghostly","Footwork+1"],"relics":["Ring of the Snake","Orichalcum","Golden Idol","Boot","Ancient Tea Set","Vajra","Empty Cage","FossilizedHelix","Letter Opener","Frozen Egg 2","Art of War"],"potions_floor_usage":[6,9,16,18,29,33],"damage_taken":[{"damage":0,"enemies":"2 Louse","floor":1,"turns":3},{"damage":0,"enemies":"Small Slimes","floor":2,"turns":3},{"damage":0,"enemies":"Cultist","floor":5,"turns":3},{"damage":14,"enemies":"Gremlin Nob","floor":6,"turns":5},{"damage":7,"enemies":"3 Sentries","floor":8,"turns":5},{"damage":11,"enemies":"Large Slime","floor":10,"turns":4},{"damage":11,"enemies":"Exordium Thugs","floor":11,"turns":4},{"damage":2,"enemies":"Looter","floor":13,"turns":2},{"damage":0,"enemies":"Large Slime","floor":14,"turns":4},{"damage":8,"enemies":"Slime Boss","floor":16,"turns":8},{"damage":18,"enemies":"3 Byrds","floor":18,"turns":4},{"damage":0,"enemies":"Shell Parasite","floor":21,"turns":7},{"damage":17,"enemies":"Shelled Parasite and Fungi","floor":22,"turns":7},{"damage":9,"enemies":"Chosen and Byrds","floor":24,"turns":5},{"damage":9,"enemies":"Centurion and Healer","floor":28,"turns":9},{"damage":47,"enemies":"Slavers","floor":29,"turns":5},{"damage":24,"enemies":"Champ","floor":33,"turns":14}],"seed_played":"1518759340021257645","potions_obtained":[{"floor":2,"key":"SpeedPotion"},{"floor":5,"key":"Swift Potion"},{"floor":8,"key":"Fruit Juice"},{"floor":10,"key":"LiquidBronze"},{"floor":21,"key":"FearPotion"},{"floor":24,"key":"Block Potion"},{"floor":28,"key":"Dexterity Potion"}],"is_trial":false,"path_per_floor":["M","M","?","?","M","E","R","E","T","M","M","R","M","M","R","B",null,"M","?","$","M","M","R","M","R","T","R","M","E","?","$","R","B"],"character_chosen":"THE_SILENT","items_purchased":["FossilizedHelix","Caltrops","Footwork+1","Art of War"],"campfire_rested":4,"item_purchase_floors":[20,20,31,31],"current_hp_per_floor":[59,59,59,59,59,45,45,38,43,32,21,42,40,40,40,32,61,43,43,43,43,26,47,38,59,59,59,50,3,3,3,13,0],"gold":40,"neow_bonus":"RANDOM_COMMON_RELIC","is_prod":false,"is_daily":false,"chose_seed":false,"campfire_upgraded":3,"win_rate":0,"timestamp":1550314992,"path_taken":["M","M","?","?","M","E","R","E","T","M","M","R","M","M","R","BOSS","M","?","$","M","M","R","M","R","T","R","?","E","?","?","R","BOSS"],"build_version":"2019-01-23","purchased_purges":0,"victory":false,"max_hp_per_floor":[66,66,66,66,66,66,66,66,71,71,71,71,71,71,71,71,71,71,71,71,71,71,71,71,71,71,71,71,71,35,35,35,35],"card_choices":[{"not_picked":["Blade Dance","Deadly Poison"],"picked":"Dash","floor":1},{"not_picked":["Outmaneuver","Catalyst"],"picked":"All Out Attack","floor":2},{"not_picked":["Backflip","Deflect"],"picked":"Dagger Throw","floor":5},{"not_picked":["Poisoned Stab","Tactician"],"picked":"Glass Knife","floor":6},{"not_picked":["Flechettes","Backstab"],"picked":"Bouncing Flask","floor":8},{"not_picked":["Skewer","Flying Knee"],"picked":"Crippling Poison","floor":10},{"not_picked":["Prepared","Blur"],"picked":"Noxious Fumes","floor":11},{"not_picked":["Blade Dance","Outmaneuver"],"picked":"Footwork","floor":13},{"not_picked":["Sucker Punch","Underhanded Strike"],"picked":"Backflip","floor":14},{"not_picked":["Phantasmal Killer","A Thousand Cuts"],"picked":"Wraith Form v2","floor":16},{"not_picked":["Deadly Poison","Blade Dance","Prepared"],"picked":"SKIP","floor":18},{"not_picked":["Sucker Punch","PiercingWail","Bane"],"picked":"SKIP","floor":21},{"not_picked":["Accuracy","Outmaneuver","Infinite Blades"],"picked":"SKIP","floor":22},{"not_picked":["Dagger Spray","Cloak And Dagger"],"picked":"PiercingWail+1","floor":24},{"not_picked":["Concentrate","Prepared","Blade Dance"],"picked":"SKIP","floor":28},{"not_picked":["Dagger Throw","Sucker Punch"],"picked":"Deflect","floor":29}],"player_experience":920546,"relics_obtained":[{"floor":6,"key":"Boot"},{"floor":8,"key":"Ancient Tea Set"},{"floor":9,"key":"Vajra"},{"floor":26,"key":"Letter Opener"},{"floor":29,"key":"Frozen Egg 2"}],"event_choices":[{"damage_healed":0,"gold_gain":0,"player_choice":"Take Wound","damage_taken":0,"relics_obtained":["Golden Idol"],"max_hp_gain":0,"max_hp_loss":0,"event_name":"Golden Idol","floor":3,"gold_loss":0,"cards_obtained":["Injury"]},{"cards_removed":["Injury"],"damage_healed":0,"gold_gain":0,"player_choice":"Forget","damage_taken":0,"max_hp_gain":0,"max_hp_loss":0,"event_name":"Living Wall","floor":4,"gold_loss":0},{"damage_healed":0,"gold_gain":0,"cards_transformed":["Strike_G"],"player_choice":"Transformed","damage_taken":0,"max_hp_gain":0,"max_hp_loss":0,"event_name":"Transmorgrifier","floor":19,"gold_loss":0,"cards_obtained":["Blur"]},{"damage_healed":0,"gold_gain":0,"player_choice":"Became a Ghost","damage_taken":0,"max_hp_gain":0,"max_hp_loss":36,"event_name":"Ghosts","floor":30,"gold_loss":0,"cards_obtained":["Ghostly","Ghostly","Ghostly","Ghostly","Ghostly"]}],"is_beta":false,"boss_relics":[{"not_picked":["Busted Crown","White Beast Statue"],"picked":"Empty Cage"}],"items_purged_floors":[],"is_endless":false,"potions_floor_spawned":[2,5,8,10,13,21,24,28],"killed_by":"Champ","ascension_level":14}