{"gold_per_floor":[115,115,42,117,130,169,184,184,184,199,199,199,199,213,213,338,338,358,358,381,404,427,8,24,24,48,60,72,131,143,191,203,215],"floor_reached":33,"playtime":2269,"items_purged":["Well Laid Plans"],"score":290,"play_id":"d2bb1d7e-0646-4988-b40f-3272dc2f0dcf","local_time":"20190206145817","is_ascension_mode":false,"campfire_choices":[{"data":"Blade Dance","floor":8.0,"key":"SMITH"},{"data":"Dagger Spray","floor":11.0,"key":"SMITH"},{"data":"Outmaneuver","floor":13.0,"key":"SMITH"},{"data":"Backstab","floor":15.0,"key":"SMITH"},{"floor":25.0,"key":"REST"},{"floor":30.0,"key":"REST"},{"floor":32.0,"key":"REST"}],"neow_cost":"NONE","seed_source_timestamp":40869471530585,"circlet_count":0,"master_deck":["Defend_G+1","Defend_G+1","Defend_G+1","Defend_G+1","Defend_G+1","Strike_G+1","Strike_G+1","Strike_G+1","Strike_G+1","Strike_G+1","Survivor","Neutralize","Dagger Spray+1","Backstab+1","Cloak And Dagger","Blade Dance+1","Outmaneuver+1","Unload","Dodge and Roll+1","Iron Wave","Dagger Throw","Quick Slash+1","Envenom","Noxious Fumes","Footwork"],"special_seed":0,"relics":["Ring of the Snake","NeowsBlessing","Golden Idol","FossilizedHelix","The Courier","Ice Cream","Runic Pyramid","Pen Nib","MawBank","Vajra","Blue Candle"],"potions_floor_usage":[33,33,33],"damage_taken":[{"damage":0.0,"enemies":"Jaw Worm","floor":1.0,"turns":1.0},{"damage":0.0,"enemies":"Small Slimes","floor":5.0,"turns":1.0},{"damage":0.0,"enemies":"Lagavulin","floor":6.0,"turns":1.0},{"damage":0.0,"enemies":"Cultist","floor":7.0,"turns":3.0},{"damage":2.0,"enemies":"Gremlin Gang","floor":10.0,"turns":4.0},{"damage":2.0,"enemies":"Large Slime","floor":14.0,"turns":7.0},{"damage":48.0,"enemies":"Hexaghost","floor":16.0,"turns":16.0},{"damage":0.0,"enemies":"Spheric Guardian","floor":18.0,"turns":3.0},{"damage":0.0,"enemies":"Shell Parasite","floor":20.0,"turns":5.0},{"damage":29.0,"enemies":"Centurion and Healer","floor":21.0,"turns":9.0},{"damage":15.0,"enemies":"Cultist and Chosen","floor":22.0,"turns":9.0},{"damage":21.0,"enemies":"Shelled Parasite and Fungi","floor":24.0,"turns":6.0},{"damage":15.0,"enemies":"Slavers","floor":31.0,"turns":6.0},{"damage":56,"enemies":"Collector","floor":33,"turns":11}],"seed_played":"6859584444100545313","potions_obtained":[{"floor":5.0,"key":"Swift Potion"},{"floor":6.0,"key":"Weak Potion"},{"floor":10.0,"key":"Energy Potion"},{"floor":16.0,"key":"Dexterity Potion"},{"floor":20.0,"key":"Swift Potion"},{"floor":24.0,"key":"SkillPotion"}],"is_trial":false,"path_per_floor":["M","?","$","?","M","E","M","R","T","M","R","?","R","M","R","B",null,"M","?","M","M","M","$","M","R","T","$","?","T","R","E","R","B"],"character_chosen":"THE_SILENT","items_purchased":["Backstab","Pen Nib","Envenom","Noxious Fumes","Footwork"],"campfire_rested":3,"item_purchase_floors":[3,23,23,23,23],"current_hp_per_floor":[70,70,70,59,59,59,59,59,59,57,57,57,57,55,55,7,70,70,70,70,41,26,26,5,26,26,26,26,26,47,32,53,0],"gold":215,"neow_bonus":"THREE_ENEMY_KILL","is_prod":false,"is_daily":false,"chose_seed":false,"campfire_upgraded":4,"win_rate":0,"timestamp":1549454297,"path_taken":["M","?","$","?","M","E","M","R","T","M","R","?","R","?","R","BOSS","M","?","?","?","M","$","M","R","T","$","?","?","R","E","R","BOSS"],"build_version":"2019-01-23","purchased_purges":1,"victory":false,"max_hp_per_floor":[70,70,70,70,70,70,70,70,70,70,70,70,70,70,70,70,70,70,70,70,70,70,70,70,70,70,70,70,70,70,70,70,70],"card_choices":[{"not_picked":["Deflect","Acrobatics"],"picked":"Dagger Spray","floor":1.0},{"not_picked":["Heel Hook","Prepared"],"picked":"Cloak And Dagger","floor":5.0},{"not_picked":["Sucker Punch","PiercingWail"],"picked":"Blade Dance","floor":6.0},{"not_picked":["Tactician","Quick Slash"],"picked":"Outmaneuver","floor":7.0},{"not_picked":["Setup","Underhanded Strike","Poisoned Stab"],"picked":"SKIP","floor":10.0},{"not_picked":["Escape Plan","Flechettes"],"picked":"Well Laid Plans","floor":14.0},{"not_picked":["Storm of Steel","Envenom"],"picked":"Unload","floor":16.0},{"not_picked":["PiercingWail","Footwork"],"picked":"Dodge and Roll+1","floor":18.0},{"not_picked":["Slice","Poisoned Stab+1"],"picked":"Dagger Throw","floor":20.0},{"not_picked":["Prepared+1","Sucker Punch"],"picked":"Quick Slash+1","floor":21.0},{"not_picked":["Blur","Distraction","Backflip"],"picked":"SKIP","floor":22.0},{"not_picked":["Escape Plan","Venomology","Backflip+1"],"picked":"SKIP","floor":24.0},{"not_picked":["Dash","Prepared","Cloak And Dagger+1"],"picked":"SKIP","floor":31.0}],"player_experience":215099,"relics_obtained":[{"floor":6.0,"key":"FossilizedHelix"},{"floor":9.0,"key":"The Courier"},{"floor":26.0,"key":"MawBank"},{"floor":29.0,"key":"Vajra"},{"floor":31.0,"key":"Blue Candle"}],"event_choices":[{"damage_healed":0.0,"max_hp_gain":0.0,"max_hp_loss":0.0,"gold_gain":0.0,"event_name":"Golden Idol","player_choice":"Take Wound","floor":2.0,"gold_loss":0.0,"damage_taken":0.0,"relics_obtained":["Golden Idol"],"cards_obtained":["Injury"]},{"damage_healed":0.0,"max_hp_gain":0.0,"max_hp_loss":0.0,"gold_gain":75.0,"event_name":"World of Goop","player_choice":"Gather Gold","floor":4.0,"gold_loss":0.0,"damage_taken":11.0},{"damage_healed":0.0,"max_hp_gain":0.0,"max_hp_loss":0.0,"gold_gain":0.0,"event_name":"Dead Adventurer","player_choice":"Searched \u00271\u0027 times","floor":12.0,"gold_loss":0.0,"damage_taken":0.0,"relics_obtained":["Ice Cream"]},{"cards_removed":["Injury"],"damage_healed":0.0,"max_hp_gain":0.0,"max_hp_loss":0.0,"gold_gain":0.0,"event_name":"NoteForYourself","player_choice":"Took Card","floor":19.0,"gold_loss":0.0,"damage_taken":0.0,"cards_obtained":["Iron Wave"]},{"damage_healed":0.0,"max_hp_gain":0.0,"max_hp_loss":0.0,"gold_gain":0.0,"event_name":"Back to Basics","player_choice":"Simplicity","floor":28.0,"gold_loss":0.0,"damage_taken":0.0,"cards_upgraded":["Defend_G","Defend_G","Defend_G","Defend_G","Defend_G","Strike_G","Strike_G","Strike_G","Strike_G","Strike_G"]}],"is_beta":false,"boss_relics":[{"not_picked":["HoveringKite","Astrolabe"],"picked":"Runic Pyramid"}],"items_purged_floors":[23],"is_endless":false,"potions_floor_spawned":[5,6,10,16,20,24],"killed_by":"Collector","ascension_level":0}