{"gold_per_floor":[112,41,41,41,10,53,7,7,54,54,98,116,116,116,116,246,246,269,269,269,359,371,371,390,390,390,409,420,434,447,458,458,458],"floor_reached":33,"playtime":2023,"items_purged":[],"score":255,"play_id":"b576a8a8-74c7-4877-b83f-e84f66f5996e","local_time":"20190204085238","is_ascension_mode":false,"campfire_choices":[{"floor":8.0,"key":"REST"},{"floor":15.0,"key":"REST"},{"floor":23.0,"key":"REST"},{"floor":25.0,"key":"REST"},{"floor":32.0,"key":"REST"}],"neow_cost":"PERCENT_DAMAGE","seed_source_timestamp":34648544531211,"circlet_count":0,"master_deck":["Strike_R","Strike_R","Strike_R","Defend_R","Defend_R","Defend_R","Bash","Apotheosis","Deep Breath","Combust","Metallicize","Armaments","Battle Trance","Clothesline","Pommel Strike","Anger","Offering","Heavy Blade+1","Clothesline+1","Fiend Fire+1","Spot Weakness+1","J.A.X.","Good Instincts","Flex","Metallicize+1","Wild Strike","Feed","Shrug It Off"],"special_seed":0,"relics":["Burning Blood","Bloody Idol","Frozen Egg 2","Oddly Smooth Stone","Bag of Marbles","Astrolabe","Gremlin Horn"],"potions_floor_usage":[],"damage_taken":[{"damage":1.0,"enemies":"Cultist","floor":1.0,"turns":4.0},{"damage":25.0,"enemies":"3 Sentries","floor":6.0,"turns":6.0},{"damage":24.0,"enemies":"Gremlin Nob","floor":11.0,"turns":5.0},{"damage":12.0,"enemies":"Small Slimes","floor":12.0,"turns":3.0},{"damage":43.0,"enemies":"Slime Boss","floor":16.0,"turns":8.0},{"damage":42.0,"enemies":"3 Byrds","floor":18.0,"turns":6.0},{"damage":33.0,"enemies":"2 Thieves","floor":22.0,"turns":5.0},{"damage":15.0,"enemies":"Snake Plant","floor":24.0,"turns":3.0},{"damage":19.0,"enemies":"Sentry and Sphere","floor":27.0,"turns":5.0},{"damage":21.0,"enemies":"Centurion and Healer","floor":28.0,"turns":6.0},{"damage":15.0,"enemies":"3 Cultists","floor":29.0,"turns":5.0},{"damage":21.0,"enemies":"Chosen and Byrds","floor":30.0,"turns":6.0},{"damage":23.0,"enemies":"Snake Plant","floor":31.0,"turns":4.0},{"damage":72,"enemies":"Automaton","floor":33,"turns":6}],"seed_played":"-5094871173030992336","potions_obtained":[{"floor":1.0,"key":"GamblersBrew"},{"floor":12.0,"key":"AttackPotion"},{"floor":16.0,"key":"Regen Potion"},{"floor":22.0,"key":"Swift Potion"},{"floor":24.0,"key":"FairyPotion"},{"floor":27.0,"key":"SpeedPotion"}],"is_trial":false,"path_per_floor":["M","$","?","$","?","E","$","R","T","?","E","M","?","?","R","B",null,"M","?","?","?","M","R","M","R","T","M","M","M","M","M","R","B"],"character_chosen":"IRONCLAD","items_purchased":["Metallicize","Armaments"],"campfire_rested":5,"item_purchase_floors":[2,7],"current_hp_per_floor":[61,61,41,41,41,22,22,46,46,46,28,22,22,22,46,9,80,44,44,44,25,22,46,42,66,66,58,48,44,34,22,46,0],"gold":458,"neow_bonus":"RANDOM_COLORLESS_2","is_prod":false,"is_daily":false,"chose_seed":false,"campfire_upgraded":0,"win_rate":0.0,"timestamp":1549259558,"path_taken":["M","?","?","$","?","E","$","R","T","?","E","?","?","?","R","BOSS","M","?","?","?","M","R","M","R","T","M","M","M","M","M","R","BOSS"],"build_version":"2019-01-23","purchased_purges":0,"victory":false,"max_hp_per_floor":[80,80,80,80,80,80,80,80,80,80,80,80,80,80,80,80,80,80,80,80,80,80,80,80,80,80,80,80,80,80,80,80,80],"card_choices":[{"not_picked":["Cleave","Headbutt"],"picked":"Combust","floor":1.0},{"not_picked":["Warcry","Sentinel","Iron Wave"],"picked":"SKIP","floor":6.0},{"not_picked":["Second Wind","Disarm"],"picked":"Pommel Strike","floor":11.0},{"not_picked":["Sword Boomerang","Flex"],"picked":"Anger","floor":12.0},{"not_picked":["Bludgeon","Dark Embrace+1"],"picked":"Offering","floor":16.0},{"not_picked":["Warcry","True Grit"],"picked":"Spot Weakness+1","floor":18.0},{"not_picked":["Warcry","Evolve+1"],"picked":"Flex","floor":22.0},{"not_picked":["Body Slam+1","Thunderclap+1","Iron Wave"],"picked":"SKIP","floor":24.0},{"not_picked":["Second Wind","Evolve+1"],"picked":"Metallicize+1","floor":27.0},{"not_picked":["True Grit+1","Armaments+1"],"picked":"Wild Strike","floor":28.0},{"not_picked":["Whirlwind","Headbutt","Corruption+1"],"picked":"SKIP","floor":29.0},{"not_picked":["Iron Wave","Feel No Pain+1"],"picked":"Feed","floor":30.0},{"not_picked":["Twin Strike","Heavy Blade"],"picked":"Shrug It Off","floor":31.0}],"player_experience":157725,"relics_obtained":[{"floor":6.0,"key":"Frozen Egg 2"},{"floor":9.0,"key":"Oddly Smooth Stone"},{"floor":11.0,"key":"Bag of Marbles"},{"floor":26.0,"key":"Gremlin Horn"}],"event_choices":[{"damage_healed":0.0,"max_hp_gain":0.0,"max_hp_loss":0.0,"gold_gain":0.0,"event_name":"Golden Idol","player_choice":"Take Damage","floor":3.0,"gold_loss":0.0,"damage_taken":20.0,"relics_obtained":["Golden Idol"]},{"damage_healed":0.0,"max_hp_gain":0.0,"max_hp_loss":0.0,"gold_gain":0.0,"event_name":"World of Goop","player_choice":"Left Gold","floor":5.0,"gold_loss":31.0,"damage_taken":0.0},{"damage_healed":0.0,"max_hp_gain":0.0,"max_hp_loss":0.0,"gold_gain":0.0,"event_name":"Match and Keep!","player_choice":"2 cards matched","floor":10.0,"gold_loss":0.0,"damage_taken":0.0,"cards_obtained":["Battle Trance","Clothesline"]},{"damage_healed":0.0,"max_hp_gain":0.0,"max_hp_loss":0.0,"gold_gain":0.0,"event_name":"Shining Light","player_choice":"Ignored","floor":13.0,"gold_loss":0.0,"damage_taken":0.0},{"damage_healed":0.0,"max_hp_gain":0.0,"max_hp_loss":0.0,"gold_gain":0.0,"event_name":"Dead Adventurer","player_choice":"Searched \u00270\u0027 times","floor":14.0,"gold_loss":0.0,"damage_taken":0.0},{"damage_healed":0.0,"max_hp_gain":0.0,"max_hp_loss":0.0,"gold_gain":0.0,"event_name":"Drug Dealer","player_choice":"Obtain J.A.X.","floor":19.0,"gold_loss":0.0,"damage_taken":0.0,"cards_obtained":["J.A.X."]},{"damage_healed":0.0,"max_hp_gain":0.0,"max_hp_loss":0.0,"gold_gain":0.0,"event_name":"Forgotten Altar","player_choice":"Gave Idol","floor":20.0,"relics_lost":["Golden Idol"],"gold_loss":0.0,"damage_taken":0.0,"relics_obtained":["Bloody Idol"]},{"damage_healed":0.0,"max_hp_gain":0.0,"max_hp_loss":0.0,"gold_gain":90.0,"event_name":"Knowing Skull","player_choice":"CARD GOLD ","floor":21.0,"potions_obtained":[],"gold_loss":0.0,"damage_taken":24.0,"cards_obtained":["Good Instincts"]}],"is_beta":false,"boss_relics":[{"not_picked":["Coffee Dripper","Philosopher\u0027s Stone"],"picked":"Astrolabe"}],"items_purged_floors":[],"is_endless":false,"potions_floor_spawned":[1,12,16,22,24,27],"killed_by":"Automaton","ascension_level":0}