{"gold_per_floor":[119,194,119,119,119,119,135,135,135,154,154,174,214,232,232,355,355,369,392,415,163,203,234,234,234,258,258,258,273,199,114,114,237,237,256,478,811,34,134,148,164,164,164,164,178,58,93,93,93,93],"floor_reached":51,"playtime":2064,"items_purged":["Defend_R","Clash","Strike_R","Strike_R"],"score":791,"play_id":"e9f18571-7b57-439e-b85f-ceb473e1b452","local_time":"20190211155955","is_ascension_mode":false,"campfire_choices":[{"floor":6.0,"key":"DIG"},{"floor":8.0,"key":"DIG"},{"floor":15.0,"key":"DIG"},{"floor":24.0,"key":"DIG"},{"floor":27.0,"key":"DIG"},{"floor":32.0,"key":"REST"},{"floor":42,"key":"DIG"},{"floor":44,"key":"DIG"},{"floor":49,"key":"REST"}],"neow_cost":"NONE","seed_source_timestamp":0,"circlet_count":0,"master_deck":["Strike_R","Strike_R","Strike_R","Defend_R","Defend_R","Defend_R","Bash+1","Barricade","Shrug It Off","Body Slam","Impervious","Body Slam+1","Impervious","Flame Barrier+1","RitualDagger+1","Necronomicurse","Enlightenment+1","Armaments","Metallicize+1","Metallicize"],"special_seed":0,"relics":["Burning Blood","Shovel","Bag of Preparation","Thread and Needle","Blue Candle","Pantograph","PreservedInsect","Sozu","Art of War","Red Mask","Darkstone Periapt","The Courier","Pen Nib","Sundial","Necronomicon","Orichalcum","Black Star","Mummified Hand","Anchor","War Paint","Whetstone","Dream Catcher","Bird Faced Urn","StoneCalendar","Question Card","Boot","Potion Belt","Meat on the Bone"],"potions_floor_usage":[],"damage_taken":[{"damage":10.0,"enemies":"Jaw Worm","floor":1.0,"turns":4.0},{"damage":1.0,"enemies":"2 Louse","floor":7.0,"turns":3.0},{"damage":0.0,"enemies":"Small Slimes","floor":10.0,"turns":3.0},{"damage":4.0,"enemies":"2 Fungi Beasts","floor":12.0,"turns":3.0},{"damage":39.0,"enemies":"3 Sentries","floor":13.0,"turns":10.0},{"damage":0.0,"enemies":"Large Slime","floor":14.0,"turns":10.0},{"damage":64.0,"enemies":"Hexaghost","floor":16.0,"turns":12.0},{"damage":0.0,"enemies":"3 Byrds","floor":18.0,"turns":6.0},{"damage":0.0,"enemies":"Chosen","floor":19.0,"turns":5.0},{"damage":7.0,"enemies":"Sentry and Sphere","floor":20.0,"turns":8.0},{"damage":1.0,"enemies":"Masked Bandits","floor":22.0,"turns":4.0},{"damage":46.0,"enemies":"Slavers","floor":23.0,"turns":8.0},{"damage":6.0,"enemies":"Snake Plant","floor":29.0,"turns":6.0},{"damage":20,"enemies":"Collector","floor":33,"turns":12},{"damage":0,"enemies":"Orb Walker","floor":35,"turns":4},{"damage":14,"enemies":"Mind Bloom Boss Battle","floor":39,"turns":10},{"damage":0,"enemies":"3 Darklings","floor":40,"turns":11},{"damage":0,"enemies":"Maw","floor":41,"turns":5},{"damage":0,"enemies":"Spire Growth","floor":45,"turns":5},{"damage":73,"enemies":"Reptomancer","floor":47,"turns":6},{"damage":64,"enemies":"Donu and Deca","floor":50,"turns":15}],"seed_played":"-2780850994894119220","potions_obtained":[{"floor":1.0,"key":"LiquidBronze"},{"floor":13.0,"key":"LiquidBronze"}],"is_trial":false,"path_per_floor":["M","?","$","?","T","R","M","R","T","M","?","M","E","M","R","B",null,"M","M","M","$","?","E","R","?","T","R","?","M","$","?","R","B",null,"M","?","?","$","?","M","M","R","T","R","M","$","E","?","R","B",null],"character_chosen":"IRONCLAD","items_purchased":["Art of War","Enlightenment","Mummified Hand","Anchor","War Paint","Whetstone","Dream Catcher"],"campfire_rested":2,"item_purchase_floors":[21,30,38,38,38,38,38],"current_hp_per_floor":[84,73,73,73,73,73,78,78,78,84,81,81,48,54,54,21,81,81,81,80,80,81,41,41,35,35,35,25,25,25,25,51,62,87,87,87,87,87,79,87,87,87,87,87,87,87,20,20,44,29],"gold":93,"neow_bonus":"TEN_PERCENT_HP_BONUS","is_prod":false,"is_daily":false,"chose_seed":false,"campfire_upgraded":0,"win_rate":0,"timestamp":1549889995,"path_taken":["M","?","$","?","?","R","M","R","T","?","?","M","E","M","R","BOSS","M","M","M","$","?","E","R","?","T","R","?","?","$","?","R","BOSS","M","?","?","$","?","M","M","R","T","R","M","$","E","?","R","BOSS"],"build_version":"2019-01-23","purchased_purges":4,"victory":true,"max_hp_per_floor":[88,88,88,88,88,88,88,88,88,88,81,81,81,81,81,81,81,81,81,81,81,81,81,81,81,81,81,87,87,87,87,87,87,87,87,87,87,87,87,87,87,87,87,87,87,87,87,83,83,83],"card_choices":[{"not_picked":["Entrench","Sword Boomerang","Cleave"],"picked":"SKIP","floor":1.0},{"not_picked":["Warcry","Reckless Charge"],"picked":"Clash","floor":7.0},{"not_picked":["True Grit","Twin Strike"],"picked":"Barricade","floor":10.0},{"not_picked":["Clash","Thunderclap","Inflame"],"picked":"SKIP","floor":12.0},{"not_picked":["Cleave","Double Tap"],"picked":"Shrug It Off","floor":13.0},{"not_picked":["Flame Barrier","Anger"],"picked":"Body Slam","floor":14.0},{"not_picked":["Dark Embrace","Double Tap"],"picked":"Impervious","floor":16.0},{"not_picked":["Wild Strike","Perfected Strike+1"],"picked":"Body Slam+1","floor":18.0},{"not_picked":["Anger","Pommel Strike","Warcry"],"picked":"SKIP","floor":19.0},{"not_picked":["Warcry","Headbutt","Heavy Blade"],"picked":"SKIP","floor":20.0},{"not_picked":["Sword Boomerang+1","Pommel Strike+1"],"picked":"Impervious","floor":22.0},{"not_picked":["Feel No Pain+1","Cleave"],"picked":"Flame Barrier","floor":23.0},{"not_picked":["Headbutt","True Grit","Limit Break"],"picked":"SKIP","floor":29.0},{"not_picked":["Feel No Pain+1","Ghostly Armor"],"picked":"Armaments","floor":35},{"not_picked":["Havoc+1","Entrench"],"picked":"Metallicize+1","floor":40},{"not_picked":["Shockwave+1","Flex+1"],"picked":"Metallicize","floor":41},{"not_picked":["Wild Strike+1","Blood for Blood+1","Power Through","Rage"],"picked":"SKIP","floor":45},{"not_picked":["Iron Wave","Heavy Blade+1","Disarm","Brutality"],"picked":"SKIP","floor":47}],"player_experience":311426,"relics_obtained":[{"floor":5.0,"key":"Shovel"},{"floor":6.0,"key":"Bag of Preparation"},{"floor":8.0,"key":"Thread and Needle"},{"floor":9.0,"key":"Blue Candle"},{"floor":13.0,"key":"Pantograph"},{"floor":15.0,"key":"PreservedInsect"},{"floor":22.0,"key":"Red Mask"},{"floor":23.0,"key":"Darkstone Periapt"},{"floor":24.0,"key":"The Courier"},{"floor":26.0,"key":"Pen Nib"},{"floor":27.0,"key":"Sundial"},{"floor":28.0,"key":"Necronomicon"},{"floor":39,"key":"Bird Faced Urn"},{"floor":42,"key":"StoneCalendar"},{"floor":43,"key":"Question Card"},{"floor":44,"key":"Boot"},{"floor":47,"key":"Potion Belt"},{"floor":47,"key":"Meat on the Bone"}],"event_choices":[{"damage_healed":0.0,"max_hp_gain":0.0,"max_hp_loss":0.0,"gold_gain":75.0,"event_name":"World of Goop","player_choice":"Gather Gold","floor":2.0,"gold_loss":0.0,"damage_taken":11.0},{"damage_healed":0.0,"max_hp_gain":0.0,"max_hp_loss":0.0,"gold_gain":0.0,"event_name":"Shining Light","player_choice":"Ignored","floor":4.0,"gold_loss":0.0,"damage_taken":0.0},{"damage_healed":0.0,"max_hp_gain":0.0,"max_hp_loss":7.0,"gold_gain":0.0,"event_name":"Golden Idol","player_choice":"Lose Max HP","floor":11.0,"gold_loss":0.0,"damage_taken":0.0,"relics_obtained":["Golden Idol"]},{"damage_healed":0.0,"max_hp_gain":0.0,"max_hp_loss":0.0,"gold_gain":0.0,"event_name":"Masked Bandits","player_choice":"Fought Bandits","floor":22.0,"gold_loss":0.0,"damage_taken":0.0},{"damage_healed":0.0,"max_hp_gain":0.0,"max_hp_loss":0.0,"gold_gain":0.0,"event_name":"Nest","player_choice":"Joined the Cult","floor":25.0,"gold_loss":0.0,"damage_taken":6.0,"cards_obtained":["RitualDagger"]},{"damage_healed":0.0,"max_hp_gain":0.0,"max_hp_loss":0.0,"gold_gain":0.0,"event_name":"Cursed Tome","player_choice":"Obtained Book","floor":28.0,"gold_loss":0.0,"damage_taken":16.0},{"damage_healed":0.0,"max_hp_gain":0.0,"max_hp_loss":0.0,"gold_gain":0.0,"event_name":"Addict","player_choice":"Obtained Relic","floor":31.0,"gold_loss":85.0,"damage_taken":0.0,"relics_obtained":["Orichalcum"]},{"damage_healed":0,"gold_gain":222,"player_choice":"Wore Mask","damage_taken":0,"max_hp_gain":0,"max_hp_loss":0,"event_name":"Tomb of Lord Red Mask","floor":36,"gold_loss":0},{"damage_healed":0,"gold_gain":333,"player_choice":"Gave Idol","damage_taken":0,"max_hp_gain":0,"max_hp_loss":0,"event_name":"The Moai Head","floor":37,"relics_lost":["Golden Idol"],"gold_loss":0},{"damage_healed":0,"gold_gain":0,"player_choice":"Fight","damage_taken":0,"max_hp_gain":0,"max_hp_loss":0,"event_name":"MindBloom","floor":39,"gold_loss":0},{"damage_healed":0,"gold_gain":0,"player_choice":"Max HP","damage_taken":0,"max_hp_gain":0,"max_hp_loss":4,"event_name":"Winding Halls","floor":48,"gold_loss":0}],"is_beta":false,"boss_relics":[{"not_picked":["Empty Cage","Tiny House"],"picked":"Sozu"},{"not_picked":["Lizard Tail","Busted Crown"],"picked":"Black Star"}],"items_purged_floors":[3,21,38,46],"is_endless":false,"potions_floor_spawned":[1,13,19,20,22,35,40,45],"ascension_level":0}