{"gold_per_floor":[114,79,79,92,108,108,437,454,454,454,329,363,363,378,378,483,533,543,643,478,478,530,550,550,550,550,550,567,582,617,634,634,734,734,745,758,758,758,775,775,369,383,460,460,475,475,475,487,487,487],"floor_reached":51,"playtime":6411,"items_purged":["Battle Trance+1"],"score":727,"play_id":"d413b004-30eb-41c8-858a-a47434c31069","local_time":"20190212215236","is_ascension_mode":false,"campfire_choices":[{"data":"Anger","floor":6,"key":"SMITH"},{"floor":10,"key":"REST"},{"data":"Double Tap","floor":13,"key":"SMITH"},{"data":"Body Slam","floor":15,"key":"SMITH"},{"data":"Rampage","floor":24,"key":"SMITH"},{"floor":32,"key":"REST"},{"data":"Clash","floor":40,"key":"PURGE"},{"floor":47,"key":"REST"},{"floor":49,"key":"REST"}],"neow_cost":"","seed_source_timestamp":5758112079601,"circlet_count":0,"master_deck":["Strike_R","Strike_R","Strike_R","Strike_R","Strike_R","Defend_R","Defend_R","Defend_R","Bash","Anger+1","Shockwave","Twin Strike","Shrug It Off+1","Body Slam+1","Impervious","Flex+1","Double Tap+1","Clash","Reaper+1","Inflame","Perfected Strike+1","Armaments+1","Rampage+1","PanicButton","Clothesline+1","Demon Form","Infernal Blade","Cleave","Searing Blow","Double Tap","Body Slam+1","Forethought","Madness","Mayhem","Pommel Strike+1","Perfected Strike","Infernal Blade+1","Writhe","Disarm+1","Second Wind"],"relics":["Burning Blood","Old Coin","Incense Burner","Peace Pipe","Tiny House","Nunchaku","Pear","War Paint","Shuriken","FossilizedHelix","MutagenicStrength","Ornamental Fan","Runic Pyramid","Strawberry","Happy Flower","Kunai"],"potions_floor_usage":[19,19,29,30,42,45,45],"damage_taken":[{"damage":7,"enemies":"Jaw Worm","floor":1,"turns":5},{"damage":0,"enemies":"Cultist","floor":4,"turns":3},{"damage":5,"enemies":"Small Slimes","floor":5,"turns":2},{"damage":25,"enemies":"Gremlin Nob","floor":7,"turns":4},{"damage":4,"enemies":"Blue Slaver","floor":8,"turns":3},{"damage":11,"enemies":"3 Sentries","floor":12,"turns":9},{"damage":6,"enemies":"Exordium Wildlife","floor":14,"turns":3},{"damage":41,"enemies":"The Guardian","floor":16,"turns":12},{"damage":46,"enemies":"2 Thieves","floor":18,"turns":4},{"damage":27,"enemies":"Colosseum Slavers","floor":19,"turns":5},{"damage":17,"enemies":"Colosseum Nobs","floor":19,"turns":4},{"damage":0,"enemies":"Shell Parasite","floor":23,"turns":5},{"damage":20,"enemies":"Sentry and Sphere","floor":28,"turns":5},{"damage":0,"enemies":"Snecko","floor":29,"turns":4},{"damage":49,"enemies":"Gremlin Leader","floor":30,"turns":6},{"damage":0,"enemies":"Cultist and Chosen","floor":31,"turns":6},{"damage":47,"enemies":"Champ","floor":33,"turns":12},{"damage":17,"enemies":"3 Darklings","floor":35,"turns":5},{"damage":2,"enemies":"Orb Walker","floor":36,"turns":3},{"damage":23,"enemies":"4 Shapes","floor":39,"turns":5},{"damage":4,"enemies":"Spire Growth","floor":42,"turns":4},{"damage":86,"enemies":"Sphere and 2 Shapes","floor":45,"turns":9},{"damage":14,"enemies":"Writhing Mass","floor":48,"turns":5},{"damage":67,"enemies":"Awakened One","floor":50,"turns":13}],"seed_played":"7972505342077579879","potions_obtained":[{"floor":4,"key":"Ancient Potion"},{"floor":8,"key":"FearPotion"},{"floor":12,"key":"SteroidPotion"},{"floor":17,"key":"SkillPotion"},{"floor":19,"key":"Energy Potion"},{"floor":28,"key":"EssenceOfSteel"},{"floor":30,"key":"SpeedPotion"},{"floor":31,"key":"Energy Potion"},{"floor":36,"key":"Fruit Juice"},{"floor":42,"key":"PowerPotion"},{"floor":45,"key":"Strength Potion"}],"is_trial":false,"path_per_floor":["M","$","?","M","M","R","E","M","T","R","$","E","R","M","R","B",null,"M","?","$","?","T","M","R","?","T","?","M","M","E","M","R","B",null,"M","M","?","?","M","R","$","M","T","?","M","?","R","M","R","B",null],"character_chosen":"IRONCLAD","items_purchased":["Shockwave","Impervious","Flex","Rampage","PanicButton","Perfected Strike","Strawberry","Happy Flower"],"campfire_rested":4,"item_purchase_floors":[2,11,11,20,20,41,41,41],"current_hp_per_floor":[79,79,79,80,80,80,61,63,63,80,80,75,75,75,75,40,85,59,49,49,80,80,86,86,86,86,86,72,78,52,58,86,45,95,84,88,78,78,61,61,68,70,70,96,28,28,60,52,84,46],"gold":487,"neow_bonus":"","is_prod":false,"is_daily":false,"chose_seed":false,"campfire_upgraded":4,"win_rate":0.0,"timestamp":1550026356,"path_taken":["M","$","?","M","?","R","E","M","T","R","$","E","R","M","R","BOSS","M","?","$","?","?","M","R","?","T","?","M","M","E","M","R","BOSS","M","M","?","?","M","R","$","M","T","?","M","?","R","M","R","BOSS"],"build_version":"2019-01-23","purchased_purges":1,"victory":true,"max_hp_per_floor":[80,80,80,80,80,80,80,80,80,80,80,80,80,80,80,80,85,85,95,95,95,95,95,95,95,95,95,95,95,95,95,95,95,95,95,95,95,95,95,95,102,102,102,102,107,107,107,107,107,107],"card_choices":[{"not_picked":["Sword Boomerang","Whirlwind"],"picked":"Anger","floor":1},{"not_picked":["Sword Boomerang","Uppercut"],"picked":"Clash","floor":4},{"not_picked":["Second Wind","True Grit"],"picked":"Twin Strike","floor":5},{"not_picked":["Armaments","Body Slam"],"picked":"Shrug It Off","floor":7},{"not_picked":["Whirlwind","Bloodletting"],"picked":"Body Slam","floor":8},{"not_picked":["Pommel Strike","Twin Strike"],"picked":"Double Tap","floor":12},{"not_picked":["Cleave","Warcry"],"picked":"Clash","floor":14},{"not_picked":["Juggernaut","Double Tap"],"picked":"Reaper","floor":16},{"not_picked":["Warcry","Body Slam"],"picked":"Inflame","floor":17},{"not_picked":["Ghostly Armor","Pommel Strike"],"picked":"Perfected Strike+1","floor":18},{"not_picked":["Power Through","Bloodletting"],"picked":"Armaments+1","floor":19},{"not_picked":["Warcry","Anger"],"picked":"Clothesline+1","floor":23},{"not_picked":["Pommel Strike+1","Armaments+1"],"picked":"Demon Form","floor":28},{"not_picked":["Clothesline+1","Feel No Pain"],"picked":"Infernal Blade","floor":29},{"not_picked":["Offering","Rupture+1"],"picked":"Cleave","floor":30},{"not_picked":["Corruption","Bloodletting"],"picked":"Searing Blow","floor":31},{"not_picked":["Reaper","Bludgeon"],"picked":"Double Tap","floor":33},{"not_picked":["Cleave","Clothesline"],"picked":"Body Slam+1","floor":35},{"not_picked":["Iron Wave","Armaments+1"],"picked":"Battle Trance+1","floor":36},{"not_picked":["Secret Weapon","Secret Technique"],"picked":"Forethought","floor":37},{"not_picked":["Impatience","Discovery"],"picked":"Madness","floor":37},{"not_picked":["Jack Of All Trades","PanicButton"],"picked":"Mayhem","floor":37},{"not_picked":["Armaments","Sword Boomerang+1"],"picked":"Pommel Strike+1","floor":39},{"not_picked":["Twin Strike+1","Carnage+1"],"picked":"Infernal Blade+1","floor":42},{"not_picked":["Body Slam","Infernal Blade+1"],"picked":"Disarm+1","floor":45},{"not_picked":["Entrench+1","Bloodletting"],"picked":"Second Wind","floor":48}],"player_experience":0,"relics_obtained":[{"floor":7,"key":"Old Coin"},{"floor":9,"key":"Incense Burner"},{"floor":12,"key":"Peace Pipe"},{"floor":19,"key":"Nunchaku"},{"floor":19,"key":"Pear"},{"floor":22,"key":"War Paint"},{"floor":26,"key":"FossilizedHelix"},{"floor":30,"key":"Ornamental Fan"},{"floor":43,"key":"Kunai"}],"event_choices":[{"damage_healed":0,"gold_gain":0,"player_choice":"Leave","damage_taken":0,"max_hp_gain":0,"max_hp_loss":0,"event_name":"FaceTrader","floor":3,"gold_loss":0},{"damage_healed":0,"gold_gain":0,"player_choice":"Fight","damage_taken":0,"max_hp_gain":0,"max_hp_loss":0,"event_name":"Colosseum","floor":19,"gold_loss":0},{"damage_healed":0,"gold_gain":0,"player_choice":"Fought Nobs","damage_taken":0,"max_hp_gain":0,"max_hp_loss":0,"event_name":"Colosseum","floor":19,"gold_loss":0},{"damage_healed":31,"gold_gain":0,"player_choice":"Heal","damage_taken":0,"max_hp_gain":0,"max_hp_loss":0,"event_name":"The Library","floor":21,"gold_loss":0},{"damage_healed":0,"gold_gain":0,"player_choice":"Opened","damage_taken":0,"relics_obtained":["Shuriken"],"max_hp_gain":0,"max_hp_loss":0,"event_name":"The Mausoleum","floor":25,"gold_loss":0},{"damage_healed":0,"gold_gain":0,"player_choice":"Inject Mutagens","damage_taken":0,"relics_obtained":["MutagenicStrength"],"max_hp_gain":0,"max_hp_loss":0,"event_name":"Drug Dealer","floor":27,"gold_loss":0},{"damage_healed":0,"gold_gain":0,"player_choice":"Memory 3","damage_taken":10,"max_hp_gain":0,"max_hp_loss":0,"event_name":"SensoryStone","floor":37,"gold_loss":0},{"cards_removed":["Defend_R"],"damage_healed":0,"gold_gain":0,"player_choice":"Removed Skill","damage_taken":0,"max_hp_gain":0,"max_hp_loss":0,"event_name":"Falling","floor":38,"gold_loss":0},{"damage_healed":26,"gold_gain":0,"player_choice":"Writhe","damage_taken":0,"max_hp_gain":0,"max_hp_loss":0,"event_name":"Winding Halls","floor":44,"gold_loss":0,"cards_obtained":["Writhe"]},{"damage_healed":0,"gold_gain":0,"player_choice":"Ignored","damage_taken":0,"max_hp_gain":0,"max_hp_loss":0,"event_name":"Tomb of Lord Red Mask","floor":46,"gold_loss":0}],"is_beta":false,"boss_relics":[{"not_picked":["Cursed Key","Lizard Tail"],"picked":"Tiny House"},{"not_picked":["Eternal Feather","Astrolabe"],"picked":"Runic Pyramid"}],"items_purged_floors":[41],"is_endless":false,"potions_floor_spawned":[4,8,12,16,19,19,28,30,31,36,42,45],"ascension_level":0}