{"gold_per_floor":[213,288,288,308,40,40,72,72,95,120,140,140,140,171,171,275,275,289,304,55,55,16,16,16,33,59,36,46,56,56,56,56,158,158,177,193,122,132,150,150,150,175,198,198,96,56,56,76,76,76],"floor_reached":51,"playtime":5740,"items_purged":["Strike_G","Strike_G"],"score":957,"play_id":"f502f0d7-1ea9-415c-9381-0a0d90df09fa","local_time":"20190203210857","is_ascension_mode":true,"campfire_choices":[{"data":"Neutralize","floor":6,"key":"SMITH"},{"floor":8,"key":"REST"},{"data":"Skewer","floor":15,"key":"SMITH"},{"data":"Blur","floor":23,"key":"SMITH"},{"data":"Noxious Fumes","floor":30,"key":"SMITH"},{"data":"Backflip","floor":32,"key":"SMITH"},{"floor":40,"key":"REST"},{"floor":44,"key":"REST"},{"data":"Outmaneuver","floor":47,"key":"SMITH"},{"floor":49,"key":"REST"}],"neow_cost":"NONE","seed_source_timestamp":251524292186000,"circlet_count":0,"master_deck":["Defend_G","Defend_G","Defend_G","Defend_G","Survivor","Neutralize+1","Riddle With Holes","Masterful Stab","Skewer+1","Footwork+1","Neutralize","Die Die Die","Leg Sweep","Well Laid Plans+1","Blur+1","Escape Plan","Dash","Backflip+1","Noxious Fumes+1","Die Die Die","Riddle With Holes+1","Phantasmal Killer+1","Deadly Poison+1","Deflect","Outmaneuver+1","Footwork+1","Backflip"],"relics":["Ring of the Snake","Oddly Smooth Stone","Peace Pipe","Blood Vial","Pen Nib","Strawberry","Philosopher\u0027s Stone","Bag of Marbles","Astrolabe","Mango","Dream Catcher"],"potions_floor_usage":[7,10,16,16,19,33,41,42,42,50,50,50],"damage_taken":[{"damage":1,"enemies":"2 Louse","floor":1,"turns":5},{"damage":0,"enemies":"Jaw Worm","floor":4,"turns":5},{"damage":15,"enemies":"3 Sentries","floor":7,"turns":10},{"damage":6,"enemies":"Gremlin Nob","floor":10,"turns":3},{"damage":0,"enemies":"Cultist","floor":11,"turns":3},{"damage":24,"enemies":"3 Sentries","floor":14,"turns":10},{"damage":24,"enemies":"Slime Boss","floor":16,"turns":7},{"damage":9,"enemies":"3 Byrds","floor":18,"turns":5},{"damage":0,"enemies":"Chosen","floor":19,"turns":3},{"damage":0,"enemies":"Colosseum Slavers","floor":24,"turns":4},{"damage":0,"enemies":"Snake Plant","floor":25,"turns":5},{"damage":0,"enemies":"Cultist and Chosen","floor":28,"turns":6},{"damage":0,"enemies":"Centurion and Healer","floor":29,"turns":5},{"damage":33,"enemies":"Champ","floor":33,"turns":14},{"damage":12,"enemies":"3 Darklings","floor":35,"turns":3},{"damage":11,"enemies":"Orb Walker","floor":36,"turns":3},{"damage":9,"enemies":"Sphere and 2 Shapes","floor":38,"turns":6},{"damage":12,"enemies":"Jaw Worm Horde","floor":39,"turns":2},{"damage":6,"enemies":"Transient","floor":41,"turns":3},{"damage":21,"enemies":"Giant Head","floor":42,"turns":12},{"damage":0,"enemies":"Spire Growth","floor":48,"turns":3},{"damage":22,"enemies":"Time Eater","floor":50,"turns":8}],"seed_played":"4966605137239528416","potions_obtained":[{"floor":7,"key":"FearPotion"},{"floor":10,"key":"Fire Potion"},{"floor":11,"key":"Regen Potion"},{"floor":16,"key":"SkillPotion"},{"floor":18,"key":"EssenceOfSteel"},{"floor":25,"key":"GhostInAJar"},{"floor":28,"key":"SmokeBomb"},{"floor":39,"key":"Block Potion"},{"floor":42,"key":"GamblersBrew"}],"is_trial":false,"path_per_floor":["M","?","?","M","$","R","E","R","T","E","M","?","?","E","R","B",null,"M","M","$","?","$","R","?","M","T","$","M","M","R","?","R","B",null,"M","M","$","M","M","R","M","E","T","R","$","?","R","M","R","B",null],"character_chosen":"THE_SILENT","items_purchased":["Oddly Smooth Stone","Explosive Potion","Well Laid Plans","Blur","Escape Plan","Backflip","Energy Potion","Deflect","SteroidPotion","FearPotion"],"campfire_rested":4,"item_purchase_floors":[5,5,20,20,22,27,37,37,45,45],"current_hp_per_floor":[62,51,51,51,51,51,36,57,57,53,55,55,55,40,40,32,66,59,61,61,61,61,61,63,65,65,65,67,69,69,62,62,31,66,56,47,47,40,30,53,49,44,44,71,71,71,71,73,91,69],"gold":76,"neow_bonus":"HUNDRED_GOLD","is_prod":false,"is_daily":false,"chose_seed":false,"campfire_upgraded":6,"win_rate":0,"timestamp":1549253337,"path_taken":["M","?","?","?","$","R","E","R","T","E","M","?","?","E","R","BOSS","M","M","$","?","?","R","?","M","T","?","M","M","R","?","R","BOSS","M","M","$","M","M","R","M","E","T","R","?","?","R","M","R","BOSS"],"build_version":"2019-01-23","purchased_purges":2,"victory":true,"max_hp_per_floor":[70,70,70,70,70,70,70,70,70,70,70,70,70,77,77,77,77,77,77,77,77,77,77,77,77,77,77,77,77,77,77,77,77,77,77,77,77,77,77,77,77,91,91,91,91,91,91,91,91,91],"card_choices":[{"not_picked":["Outmaneuver","Tactician"],"picked":"Riddle With Holes","floor":1},{"not_picked":["Slice","Infinite Blades"],"picked":"Masterful Stab","floor":4},{"not_picked":["Quick Slash","PiercingWail"],"picked":"Skewer","floor":7},{"not_picked":["Outmaneuver","PiercingWail"],"picked":"Footwork","floor":10},{"not_picked":["PiercingWail","Blade Dance","Sucker Punch"],"picked":"SKIP","floor":11},{"not_picked":["PiercingWail","Blade Dance","Sucker Punch"],"picked":"SKIP","floor":11},{"not_picked":["Quick Slash","Slice","Dagger Throw"],"picked":"SKIP","floor":14},{"not_picked":["Night Terror","After Image"],"picked":"Die Die Die","floor":16},{"not_picked":["Footwork","Riddle With Holes"],"picked":"Leg Sweep","floor":18},{"not_picked":["Cloak And Dagger","Reflex","Blade Dance"],"picked":"SKIP","floor":19},{"not_picked":["Footwork","Deadly Poison"],"picked":"Dash","floor":25},{"not_picked":["Catalyst+1","Masterful Stab"],"picked":"Noxious Fumes","floor":28},{"not_picked":["Flechettes","Accuracy","Riddle With Holes"],"picked":"SKIP","floor":29},{"not_picked":["Bullet Time","Glass Knife"],"picked":"Die Die Die","floor":33},{"not_picked":["Escape Plan","All Out Attack","PiercingWail"],"picked":"SKIP","floor":35},{"not_picked":["Reflex","Quick Slash+1","Sucker Punch+1"],"picked":"SKIP","floor":36},{"not_picked":["Deadly Poison","Underhanded Strike","Bane+1"],"picked":"SKIP","floor":38},{"not_picked":["Poisoned Stab","Infinite Blades+1","Slice"],"picked":"SKIP","floor":39},{"not_picked":["Acrobatics","Blade Dance","Infinite Blades"],"picked":"SKIP","floor":42},{"not_picked":["Cloak And Dagger+1","Acrobatics"],"picked":"Outmaneuver","floor":44},{"not_picked":["Deadly Poison+1","Envenom"],"picked":"Footwork+1","floor":48},{"not_picked":["Deadly Poison+1","Slice+1"],"picked":"Backflip","floor":49}],"player_experience":873351,"relics_obtained":[{"floor":7,"key":"Peace Pipe"},{"floor":9,"key":"Blood Vial"},{"floor":10,"key":"Pen Nib"},{"floor":14,"key":"Strawberry"},{"floor":26,"key":"Bag of Marbles"},{"floor":42,"key":"Mango"},{"floor":43,"key":"Dream Catcher"}],"event_choices":[{"damage_healed":0,"gold_gain":75,"player_choice":"Gather Gold","damage_taken":11,"max_hp_gain":0,"max_hp_loss":0,"event_name":"World of Goop","floor":2,"gold_loss":0},{"cards_removed":["Defend_G"],"damage_healed":0,"gold_gain":0,"player_choice":"Offered Basic","damage_taken":0,"max_hp_gain":0,"max_hp_loss":0,"event_name":"Bonfire Elementals","floor":3,"gold_loss":0},{"damage_healed":0,"gold_gain":0,"player_choice":"Grow","damage_taken":0,"max_hp_gain":0,"max_hp_loss":0,"event_name":"Living Wall","floor":12,"gold_loss":0,"cards_upgraded":["Footwork"]},{"damage_healed":0,"gold_gain":0,"player_choice":"1 cards matched","damage_taken":0,"max_hp_gain":0,"max_hp_loss":0,"event_name":"Match and Keep!","floor":13,"gold_loss":0,"cards_obtained":["Neutralize"]},{"damage_healed":0,"gold_gain":0,"player_choice":"Forge","damage_taken":0,"max_hp_gain":0,"max_hp_loss":0,"event_name":"Accursed Blacksmith","floor":21,"gold_loss":0,"cards_upgraded":["Well Laid Plans"]},{"damage_healed":0,"gold_gain":0,"player_choice":"Fight","damage_taken":0,"max_hp_gain":0,"max_hp_loss":0,"event_name":"Colosseum","floor":24,"gold_loss":0},{"damage_healed":0,"gold_gain":0,"player_choice":"Fled From Nobs","damage_taken":0,"max_hp_gain":0,"max_hp_loss":0,"event_name":"Colosseum","floor":24,"gold_loss":0},{"damage_healed":0,"gold_gain":0,"player_choice":"","damage_taken":7,"max_hp_gain":0,"max_hp_loss":0,"event_name":"Knowing Skull","floor":31,"potions_obtained":[],"gold_loss":0,"cards_obtained":[]},{"damage_healed":0,"gold_gain":0,"player_choice":"Bought 3 Potions","damage_taken":0,"max_hp_gain":0,"max_hp_loss":0,"event_name":"The Woman in Blue","floor":46,"gold_loss":0}],"is_beta":false,"boss_relics":[{"not_picked":["Fusion Hammer","White Beast Statue"],"picked":"Philosopher\u0027s Stone"},{"not_picked":["Sozu","HoveringKite"],"picked":"Astrolabe"}],"items_purged_floors":[5,20],"is_endless":false,"potions_floor_spawned":[7,10,11,16,18,25,28,39,41,42],"ascension_level":9}