{"gold_per_floor":[118,118,135,210,210,210,228,228,228,228,81,107,132,148,148,278,278,292,392,292,313,329,329,343,366,390,403,278,278,298,313,313,441,441,454,454,529,552,402,402,416,241,291,39,54,54,54,94,94,94],"floor_reached":51,"playtime":1167,"items_purged":["Strike_R","Barricade+1","Defend_R","Strike_R+1","Strike_R+1","Strike_R+1"],"score":819,"play_id":"1ff8a493-727d-4e91-b88c-c80b849264b5","local_time":"20190209002259","is_ascension_mode":false,"campfire_choices":[{"data":"Bash","floor":6.0,"key":"SMITH"},{"data":"Strike_R","floor":8.0,"key":"SMITH"},{"data":"Strike_R","floor":10.0,"key":"SMITH"},{"data":"Strike_R","floor":15.0,"key":"SMITH"},{"data":"Dropkick","floor":23.0,"key":"SMITH"},{"floor":32.0,"key":"RECALL"}],"neow_cost":"NONE","seed_source_timestamp":18607195135971,"circlet_count":0,"master_deck":["Bash+1","Dropkick+1","Juggernaut+1","Iron Wave+1","Dual Wield+1"],"special_seed":0,"relics":["Coffee Dripper","Golden Idol","Ornamental Fan","Lantern","Astrolabe","Anchor","Lizard Tail","Centennial Puzzle","Whetstone"],"potions_floor_usage":[50,50,50],"damage_taken":[{"damage":1.0,"enemies":"Jaw Worm","floor":1.0,"turns":3.0},{"damage":1.0,"enemies":"Cultist","floor":3.0,"turns":3.0},{"damage":0.0,"enemies":"2 Louse","floor":7.0,"turns":2.0},{"damage":11.0,"enemies":"Large Slime","floor":13.0,"turns":4.0},{"damage":0.0,"enemies":"Exordium Wildlife","floor":14.0,"turns":3.0},{"damage":33.0,"enemies":"Hexaghost","floor":16.0,"turns":6.0},{"damage":16.0,"enemies":"2 Thieves","floor":18.0,"turns":3.0},{"damage":6.0,"enemies":"3 Byrds","floor":21.0,"turns":3.0},{"damage":5.0,"enemies":"Snecko","floor":22.0,"turns":4.0},{"damage":4.0,"enemies":"Centurion and Healer","floor":24.0,"turns":4.0},{"damage":0.0,"enemies":"Chosen and Byrds","floor":25.0,"turns":3.0},{"damage":8.0,"enemies":"3 Cultists","floor":27.0,"turns":4.0},{"damage":4.0,"enemies":"Snake Plant","floor":30.0,"turns":2.0},{"damage":0.0,"enemies":"Chosen and Byrds","floor":31.0,"turns":4.0},{"damage":9.0,"enemies":"Champ","floor":33.0,"turns":4.0},{"damage":0.0,"enemies":"Orb Walker","floor":35.0,"turns":2.0},{"damage":46.0,"enemies":"3 Darklings","floor":38.0,"turns":6.0},{"damage":16.0,"enemies":"Sphere and 2 Shapes","floor":41.0,"turns":4.0},{"damage":0,"enemies":"Writhing Mass","floor":45,"turns":2},{"damage":0,"enemies":"Reptomancer","floor":48,"turns":1},{"damage":32,"enemies":"Time Eater","floor":50,"turns":3}],"seed_played":"7356538631055467960","potions_obtained":[{"floor":7.0,"key":"Dexterity Potion"},{"floor":14.0,"key":"AttackPotion"},{"floor":18.0,"key":"AttackPotion"},{"floor":21.0,"key":"Energy Potion"},{"floor":31.0,"key":"Dexterity Potion"},{"floor":41.0,"key":"Regen Potion"}],"is_trial":false,"path_per_floor":["M","?","M","?","?","R","M","R","T","R","$","T","M","M","R","B",null,"M","?","$","M","M","R","M","M","T","M","$","?","M","M","R","B",null,"M","?","?","M","$","R","M","$","T","$","M","R","?","E","R","B",null],"character_chosen":"IRONCLAD","items_purchased":["Dropkick","Strength Potion"],"campfire_rested":0,"item_purchase_floors":[11,44],"current_hp_per_floor":[79,79,78,67,67,67,67,67,67,67,67,67,56,56,56,23,74,58,58,58,52,47,47,43,43,43,35,35,35,31,31,31,22,74,74,70,63,17,17,17,1,1,1,1,1,1,1,1,1,19],"gold":94,"neow_bonus":"BOSS_RELIC","is_prod":false,"is_daily":false,"chose_seed":false,"campfire_upgraded":5,"win_rate":0,"timestamp":1549682579,"path_taken":["M","?","?","?","?","R","M","R","T","R","$","?","M","M","R","BOSS","M","?","$","M","?","R","M","M","T","M","$","?","M","M","R","BOSS","M","?","?","?","?","R","M","$","T","$","?","R","?","E","R","BOSS"],"build_version":"2018-11-15","purchased_purges":6,"victory":true,"max_hp_per_floor":[80,80,80,80,74,74,74,74,74,74,74,74,74,74,74,74,74,74,74,74,74,74,74,74,74,74,74,74,74,74,74,74,74,74,74,70,70,70,70,70,70,70,70,70,70,70,70,70,70,70],"card_choices":[{"not_picked":["Shrug It Off","Uppercut","Warcry"],"picked":"SKIP","floor":1.0},{"not_picked":["Clash","Disarm","Cleave"],"picked":"SKIP","floor":3.0},{"not_picked":["Heavy Blade","Reckless Charge","Dark Embrace"],"picked":"SKIP","floor":7.0},{"not_picked":["Flame Barrier","Heavy Blade","Sever Soul"],"picked":"SKIP","floor":13.0},{"not_picked":["Power Through","Warcry","Wild Strike"],"picked":"SKIP","floor":14.0},{"not_picked":["Twin Strike","Rage+1","Whirlwind+1"],"picked":"SKIP","floor":18.0},{"not_picked":["Reckless Charge+1","Seeing Red","Warcry"],"picked":"SKIP","floor":21.0},{"not_picked":["Flex","Pommel Strike","Shockwave"],"picked":"SKIP","floor":22.0},{"not_picked":["Twin Strike","Heavy Blade+1","Burning Pact+1"],"picked":"SKIP","floor":24.0},{"not_picked":["Shrug It Off","Wild Strike+1","Havoc"],"picked":"SKIP","floor":25.0},{"not_picked":["Body Slam+1","Bloodletting+1"],"picked":"Dual Wield+1","floor":27.0},{"not_picked":["Reckless Charge","Berserk","Dual Wield"],"picked":"SKIP","floor":30.0},{"not_picked":["Inflame","Rage","Evolve"],"picked":"SKIP","floor":31.0},{"not_picked":["Cleave","Thunderclap+1","Armaments+1"],"picked":"SKIP","floor":35.0},{"not_picked":["Wild Strike+1","Spot Weakness","Pommel Strike+1"],"picked":"SKIP","floor":38.0},{"not_picked":["Rage","Infernal Blade","Flame Barrier"],"picked":"SKIP","floor":41.0},{"not_picked":["Rupture+1","Hemokinesis","Headbutt"],"picked":"SKIP","floor":45},{"not_picked":["Wild Strike+1","Body Slam","Sentinel+1"],"picked":"SKIP","floor":48}],"player_experience":119970,"relics_obtained":[{"floor":9.0,"key":"Ornamental Fan"},{"floor":12.0,"key":"Lantern"},{"floor":26.0,"key":"Anchor"},{"floor":43,"key":"Centennial Puzzle"},{"floor":48,"key":"Whetstone"}],"event_choices":[{"cards_removed":["Defend_R"],"damage_healed":0.0,"max_hp_gain":0.0,"max_hp_loss":0.0,"gold_gain":0.0,"event_name":"Bonfire Elementals","player_choice":"Offered Basic","floor":2.0,"gold_loss":0.0,"damage_taken":0.0},{"damage_healed":0.0,"max_hp_gain":0.0,"max_hp_loss":0.0,"gold_gain":75.0,"event_name":"World of Goop","player_choice":"Gather Gold","floor":4.0,"gold_loss":0.0,"damage_taken":11.0},{"damage_healed":0.0,"max_hp_gain":0.0,"max_hp_loss":6.0,"gold_gain":0.0,"event_name":"Golden Idol","player_choice":"Lose Max HP","floor":5.0,"gold_loss":0.0,"damage_taken":0.0,"relics_obtained":["Golden Idol"]},{"damage_healed":0.0,"max_hp_gain":0.0,"max_hp_loss":0.0,"gold_gain":100.0,"event_name":"Golden Shrine","player_choice":"Pray","floor":19.0,"gold_loss":0.0,"damage_taken":0.0},{"damage_healed":0.0,"max_hp_gain":0.0,"max_hp_loss":0.0,"gold_gain":0.0,"event_name":"Ghosts","player_choice":"Ignored","floor":29.0,"gold_loss":0.0,"damage_taken":0.0},{"damage_healed":0.0,"max_hp_gain":0.0,"max_hp_loss":4.0,"gold_gain":0.0,"event_name":"Winding Halls","player_choice":"Max HP","floor":36.0,"gold_loss":0.0,"damage_taken":0.0},{"damage_healed":0.0,"max_hp_gain":0.0,"max_hp_loss":0.0,"gold_gain":75.0,"event_name":"FaceTrader","player_choice":"Touch","floor":37.0,"gold_loss":0.0,"damage_taken":7.0},{"damage_healed":0,"gold_gain":0,"player_choice":"Ignored","damage_taken":0,"max_hp_gain":0,"max_hp_loss":0,"event_name":"Upgrade Shrine","floor":47,"gold_loss":0}],"is_beta":false,"boss_relics":[{"not_picked":["Orrery","Sozu"],"picked":"Astrolabe"},{"not_picked":["Eternal Feather","Pandora\u0027s Box"],"picked":"Lizard Tail"}],"items_purged_floors":[11,20,28,39,42,44],"is_endless":false,"potions_floor_spawned":[7,14,18,21,24,31,33,35,41,48],"ascension_level":0}