{"gold_per_floor":[144,189,189,234,234,324,26,71,71,161,161,221,221,71,71,371,371,416,515,515,13,58,58,58,148,178,178,178,223,223,223,223,523,523,568,293,338,464,464,464,222,222,222,222,312,357,232,232,232,232],"floor_reached":51,"playtime":2271,"items_purged":["Pain","Regret","Clumsy"],"score":720,"play_id":"502a5491-207c-4a41-b808-d75b88cc329b","local_time":"20190212205210","daily_mods":["Shiny","Flight","Midas"],"is_ascension_mode":false,"campfire_choices":[{"floor":13.0,"key":"REST"},{"data":"1","floor":15.0,"key":"LIFT"},{"floor":23.0,"key":"REST"},{"data":"2","floor":24.0,"key":"LIFT"},{"floor":27.0,"key":"REST"},{"floor":28.0,"key":"REST"},{"data":"3","floor":30.0,"key":"LIFT"},{"floor":32.0,"key":"REST"},{"floor":40.0,"key":"REST"},{"floor":42.0,"key":"REST"},{"floor":44.0,"key":"DIG"},{"floor":49.0,"key":"REST"}],"neow_cost":"","seed_source_timestamp":82339978048461,"circlet_count":0,"master_deck":["Venomology","Corpse Explosion","Malaise","Phantasmal Killer","Die Die Die","Adrenaline","Envenom","Burst","Wraith Form v2","Tools of the Trade","Night Terror","Unload","After Image","Bullet Time+1","Storm of Steel","Glass Knife","A Thousand Cuts","Slice","Quick Slash","Blade Dance","Expertise","Noxious Fumes","Mayhem","Bouncing Flask","Cloak And Dagger+1","After Image","Bullet Time","PiercingWail","Dodge and Roll+1","Envenom+1","Accuracy+1"],"special_seed":17939,"relics":["Ring of the Snake","The Specimen","Shuriken","Singing Bowl","Girya","Odd Mushroom","Boot","Black Star","Letter Opener","Bottled Tornado","Question Card","Tiny Chest","Calling Bell","Pen Nib","Frozen Egg 2","Thread and Needle","DollysMirror","Calipers","Shovel","PreservedInsect","Ornamental Fan","Omamori"],"potions_floor_usage":[50],"damage_taken":[{"damage":0.0,"enemies":"Cultist","floor":1.0,"turns":2.0},{"damage":0.0,"enemies":"Small Slimes","floor":2.0,"turns":2.0},{"damage":18.0,"enemies":"Jaw Worm","floor":4.0,"turns":3.0},{"damage":9.0,"enemies":"3 Sentries","floor":6.0,"turns":2.0},{"damage":0.0,"enemies":"Lots of Slimes","floor":8.0,"turns":1.0},{"damage":14.0,"enemies":"Gremlin Nob","floor":10.0,"turns":3.0},{"damage":0.0,"enemies":"The Mushroom Lair","floor":12.0,"turns":1.0},{"damage":16.0,"enemies":"Slime Boss","floor":16.0,"turns":7.0},{"damage":20.0,"enemies":"Chosen","floor":18.0,"turns":4.0},{"damage":16.0,"enemies":"3 Byrds","floor":22.0,"turns":3.0},{"damage":50.0,"enemies":"Gremlin Leader","floor":25.0,"turns":6.0},{"damage":8.0,"enemies":"Snake Plant","floor":29.0,"turns":2.0},{"damage":61.0,"enemies":"Automaton","floor":33.0,"turns":7.0},{"damage":6.0,"enemies":"Orb Walker","floor":35.0,"turns":3.0},{"damage":4.0,"enemies":"3 Shapes","floor":37.0,"turns":3.0},{"damage":56.0,"enemies":"2 Orb Walkers","floor":38.0,"turns":6.0},{"damage":18.0,"enemies":"Reptomancer","floor":45.0,"turns":6.0},{"damage":9.0,"enemies":"Maw","floor":46.0,"turns":8.0},{"damage":54,"enemies":"Time Eater","floor":50,"turns":11}],"seed_played":"1988086906776939641","potions_obtained":[{"floor":1.0,"key":"EssenceOfSteel"},{"floor":6.0,"key":"Strength Potion"},{"floor":8.0,"key":"Swift Potion"},{"floor":12.0,"key":"Ancient Potion"},{"floor":16.0,"key":"Energy Potion"},{"floor":20.0,"key":"PowerPotion"},{"floor":20.0,"key":"AttackPotion"},{"floor":25.0,"key":"Regen Potion"},{"floor":37.0,"key":"AttackPotion"},{"floor":45.0,"key":"SpeedPotion"},{"floor":46.0,"key":"Swift Potion"}],"is_trial":false,"path_per_floor":["M","M","$","M","?","E","$","M","T","E","?","?","R","$","R","B",null,"M","?","?","$","M","R","R","E","T","R","R","M","R","?","R","B",null,"M","$","M","?","?","R","$","R","T","R","E","M","$","?","R","B",null],"character_chosen":"THE_SILENT","items_purchased":["Shuriken","Quick Slash","Boot","Noxious Fumes","Mayhem","Letter Opener","DollysMirror","Envenom+1"],"campfire_rested":8,"item_purchase_floors":[7,7,14,21,21,21,36,41],"current_hp_per_floor":[70,70,70,52,52,43,43,43,43,31,24,24,45,45,45,31,74,54,54,54,54,38,60,60,10,10,32,54,48,48,48,70,9,76,72,72,68,21,21,44,44,67,67,67,51,42,42,42,66,12],"gold":232,"neow_bonus":"","is_prod":false,"is_daily":true,"chose_seed":false,"campfire_upgraded":0,"win_rate":0,"timestamp":1549993930,"path_taken":["M","M","$","M","?","E","$","M","T","E","?","?","R","$","R","BOSS","M","?","?","$","M","R","R","E","T","R","R","?","R","?","R","BOSS","M","$","M","?","?","R","$","R","T","R","E","M","$","?","R","BOSS"],"build_version":"2019-01-23","purchased_purges":3,"victory":true,"max_hp_per_floor":[70,70,70,70,70,70,70,70,70,72,72,72,72,72,72,74,74,74,74,74,74,74,74,74,74,74,74,74,76,76,76,76,76,76,78,78,78,78,78,78,78,78,78,78,80,80,80,80,80,80],"card_choices":[{"not_picked":["Finisher","Footwork","Backflip"],"picked":"SKIP","floor":1.0},{"not_picked":["Prepared","Well Laid Plans","Bane"],"picked":"SKIP","floor":2.0},{"not_picked":["Deflect","Predator","Escape Plan"],"picked":"SKIP","floor":4.0},{"not_picked":["Expertise","Dagger Spray"],"picked":"Slice","floor":6.0},{"not_picked":["Dagger Spray","Choke","Bane"],"picked":"SKIP","floor":8.0},{"not_picked":["Slice","Dagger Spray","Dash"],"picked":"Singing Bowl","floor":10.0},{"not_picked":["Dagger Spray","Flying Knee"],"picked":"Blade Dance","floor":12.0},{"not_picked":["Storm of Steel","Glass Knife","Burst"],"picked":"Singing Bowl","floor":16.0},{"not_picked":["Poisoned Stab","Crippling Poison"],"picked":"Expertise","floor":18.0},{"not_picked":["Blade Dance","Flying Knee"],"picked":"Bouncing Flask","floor":22.0},{"not_picked":["Eviscerate","Prepared+1"],"picked":"Cloak And Dagger+1","floor":25.0},{"not_picked":["Sucker Punch","Slice+1","Backflip+1","Calculated Gamble"],"picked":"Singing Bowl","floor":29.0},{"not_picked":["Die Die Die","Tools of the Trade","Glass Knife"],"picked":"After Image","floor":33.0},{"not_picked":["Quick Slash","Slice","Dagger Spray+1","Blur"],"picked":"Singing Bowl","floor":35.0},{"not_picked":["Blur","Acrobatics","Poisoned Stab+1"],"picked":"PiercingWail","floor":37.0},{"not_picked":["Dagger Spray+1","Bane+1","Quick Slash+1"],"picked":"Dodge and Roll+1","floor":38.0},{"not_picked":["Backstab+1","Deflect","Footwork+1","Setup+1"],"picked":"Singing Bowl","floor":45.0},{"not_picked":["Tactician","Poisoned Stab","All Out Attack+1"],"picked":"Accuracy+1","floor":46.0}],"player_experience":363247,"relics_obtained":[{"floor":6.0,"key":"The Specimen"},{"floor":9.0,"key":"Singing Bowl"},{"floor":10.0,"key":"Girya"},{"floor":12.0,"key":"Odd Mushroom"},{"floor":25.0,"key":"Bottled Tornado"},{"floor":25.0,"key":"Question Card"},{"floor":26.0,"key":"Tiny Chest"},{"floor":34.0,"key":"Pen Nib"},{"floor":34.0,"key":"Frozen Egg 2"},{"floor":34.0,"key":"Thread and Needle"},{"floor":38.0,"key":"Calipers"},{"floor":43.0,"key":"Shovel"},{"floor":44.0,"key":"PreservedInsect"},{"floor":45.0,"key":"Ornamental Fan"},{"floor":45.0,"key":"Omamori"}],"event_choices":[{"damage_healed":0.0,"max_hp_gain":0.0,"max_hp_loss":0.0,"gold_gain":0.0,"event_name":"Shining Light","player_choice":"Ignored","floor":5.0,"gold_loss":0.0,"damage_taken":0.0},{"cards_removed":["Grand Finale"],"damage_healed":0.0,"max_hp_gain":0.0,"max_hp_loss":0.0,"gold_gain":0.0,"event_name":"Golden Wing","player_choice":"Card Removal","floor":11.0,"gold_loss":0.0,"damage_taken":7.0},{"damage_healed":0.0,"max_hp_gain":0.0,"max_hp_loss":0.0,"gold_gain":0.0,"event_name":"Mushrooms","player_choice":"Fought Mushrooms","floor":12.0,"gold_loss":0.0,"damage_taken":0.0},{"damage_healed":0.0,"max_hp_gain":0.0,"max_hp_loss":0.0,"gold_gain":99.0,"event_name":"Nest","player_choice":"Stole From Cult","floor":19.0,"gold_loss":0.0,"damage_taken":0.0},{"damage_healed":0.0,"max_hp_gain":0.0,"max_hp_loss":0.0,"gold_gain":0.0,"event_name":"Lab","player_choice":"Got Potions","floor":20.0,"gold_loss":0.0,"damage_taken":0.0},{"damage_healed":0.0,"max_hp_gain":0.0,"max_hp_loss":0.0,"gold_gain":0.0,"event_name":"Vampires","player_choice":"Ignored","floor":31.0,"gold_loss":0.0,"damage_taken":0.0},{"damage_healed":0.0,"max_hp_gain":0.0,"max_hp_loss":0.0,"gold_gain":0.0,"event_name":"Mysterious Sphere","player_choice":"Fight","floor":38.0,"gold_loss":0.0,"damage_taken":0.0},{"cards_removed":["Doppelganger"],"damage_healed":0.0,"max_hp_gain":0.0,"max_hp_loss":0.0,"gold_gain":0.0,"event_name":"Falling","player_choice":"Removed Skill","floor":39.0,"gold_loss":0.0,"damage_taken":0.0},{"damage_healed":0.0,"max_hp_gain":0.0,"max_hp_loss":0.0,"gold_gain":0.0,"event_name":"Upgrade Shrine","player_choice":"Upgraded","floor":48.0,"gold_loss":0.0,"damage_taken":0.0,"cards_upgraded":["Bullet Time"]}],"is_beta":false,"boss_relics":[{"not_picked":["Ectoplasm","Empty Cage"],"picked":"Black Star"},{"not_picked":["Runic Dome","White Beast Statue"],"picked":"Calling Bell"}],"items_purged_floors":[36,41,47],"is_endless":false,"potions_floor_spawned":[1,6,8,12,16,25,29,33,37,45,46],"ascension_level":0}