{"gold_per_floor":[361,376,376,17,28,43,73,93,165,184,214,214,243,262,262,364,364,374,299,399,498,408,408,436,436,487,499,103,122,122,155,155,256,256,274,286,286,203,303,328,328,357,357,384,384,403,54,74,74,74],"floor_reached":51,"playtime":1441,"items_purged":["Defend_R","Defend_R"],"score":940,"play_id":"828db691-8c94-4cec-9c47-c02f5167077e","local_time":"20190104124619","is_ascension_mode":true,"campfire_choices":[{"data":"Perfected Strike","floor":12.0,"key":"SMITH"},{"data":"Perfected Strike","floor":15.0,"key":"SMITH"},{"data":"Perfected Strike","floor":23.0,"key":"SMITH"},{"data":"Perfected Strike","floor":25.0,"key":"SMITH"},{"data":"Perfected Strike","floor":27.0,"key":"SMITH"},{"data":"Perfected Strike","floor":30.0,"key":"SMITH"},{"data":"Disarm","floor":32.0,"key":"SMITH"},{"floor":41,"key":"REST"},{"data":"Bash","floor":45,"key":"SMITH"},{"data":"Clash","floor":49,"key":"SMITH"}],"neow_cost":"PERCENT_DAMAGE","seed_source_timestamp":1558452914379,"circlet_count":0,"master_deck":["Strike_R","Strike_R","Strike_R","Strike_R","Strike_R","Bash+1","Perfected Strike+1","Disarm+1","Shrug It Off","Perfected Strike+1","Clash+1","Thunderclap+1","Perfected Strike+1","Perfected Strike+1","Perfected Strike+1","Perfected Strike+1","Feed+1","Perfected Strike+1","Flash of Steel+1","Twin Strike+1","Perfected Strike+1","Perfected Strike+1","Pommel Strike+1","Pommel Strike+1"],"special_seed":0,"relics":["Burning Blood","ClockworkSouvenir","Orichalcum","Ornamental Fan","Gambling Chip","Centennial Puzzle","Eternal Feather","Champion Belt","Mummified Hand","Molten Egg 2","MawBank","WingedGreaves","Paper Frog","Velvet Choker","Du-Vu Doll","Lantern","Pantograph","Charon\u0027s Ashes","PreservedInsect","DollysMirror"],"potions_floor_usage":[50,50,50],"damage_taken":[{"damage":1.0,"enemies":"Cultist","floor":1.0,"turns":3.0},{"damage":8.0,"enemies":"Jaw Worm","floor":2.0,"turns":4.0},{"damage":2.0,"enemies":"Small Slimes","floor":5.0,"turns":4.0},{"damage":14.0,"enemies":"3 Louse","floor":6.0,"turns":3.0},{"damage":26.0,"enemies":"Lagavulin","floor":7.0,"turns":7.0},{"damage":0.0,"enemies":"2 Fungi Beasts","floor":8.0,"turns":3.0},{"damage":3.0,"enemies":"Red Slaver","floor":10.0,"turns":3.0},{"damage":10.0,"enemies":"Gremlin Nob","floor":11.0,"turns":4.0},{"damage":18.0,"enemies":"Lagavulin","floor":13.0,"turns":5.0},{"damage":0.0,"enemies":"Exordium Wildlife","floor":14.0,"turns":2.0},{"damage":12.0,"enemies":"Hexaghost","floor":16.0,"turns":6.0},{"damage":11.0,"enemies":"3 Byrds","floor":18.0,"turns":6.0},{"damage":4.0,"enemies":"Colosseum Slavers","floor":20.0,"turns":2.0},{"damage":32.0,"enemies":"Colosseum Nobs","floor":20.0,"turns":4.0},{"damage":16.0,"enemies":"Slavers","floor":24.0,"turns":3.0},{"damage":4.0,"enemies":"Chosen","floor":29.0,"turns":2.0},{"damage":27.0,"enemies":"Book of Stabbing","floor":31.0,"turns":5.0},{"damage":60.0,"enemies":"Automaton","floor":33.0,"turns":8.0},{"damage":2.0,"enemies":"Orb Walker","floor":35.0,"turns":2.0},{"damage":17.0,"enemies":"3 Darklings","floor":36.0,"turns":3.0},{"damage":20,"enemies":"Mind Bloom Boss Battle","floor":39,"turns":3},{"damage":37,"enemies":"Nemesis","floor":40,"turns":3},{"damage":8,"enemies":"Reptomancer","floor":42,"turns":2},{"damage":7,"enemies":"Giant Head","floor":44,"turns":4},{"damage":18,"enemies":"Jaw Worm Horde","floor":46,"turns":2},{"damage":0,"enemies":"Transient","floor":48,"turns":5},{"damage":50,"enemies":"Donu and Deca","floor":50,"turns":4}],"seed_played":"-2948075101445527444","potions_obtained":[{"floor":1.0,"key":"Regen Potion"},{"floor":5.0,"key":"LiquidBronze"},{"floor":6.0,"key":"Strength Potion"},{"floor":13.0,"key":"Explosive Potion"},{"floor":24.0,"key":"AttackPotion"},{"floor":31.0,"key":"Energy Potion"},{"floor":42,"key":"AttackPotion"},{"floor":46,"key":"BloodPotion"}],"is_trial":false,"path_per_floor":["M","M","?","$","M","M","E","M","T","M","E","R","E","M","R","B",null,"M","$","?","?","?","R","E","R","T","R","$","M","R","E","R","B",null,"M","M","?","$","?","E","R","E","T","E","R","M","$","M","R","B",null],"character_chosen":"IRONCLAD","items_purchased":["ClockworkSouvenir","Orichalcum","WingedGreaves","Flash of Steel+1","DollysMirror","SteroidPotion","Pommel Strike+1","PowerPotion"],"campfire_rested":1,"item_purchase_floors":[4,4,28,38,47,47,47,47],"current_hp_per_floor":[61,59,59,59,63,55,50,56,56,59,55,55,43,49,49,43,80,75,75,51,51,51,60,50,59,59,68,68,70,79,58,67,13,80,80,69,69,69,55,24,60,62,62,65,77,69,69,75,87,52],"gold":74,"neow_bonus":"TWO_FIFTY_GOLD","is_prod":false,"is_daily":false,"chose_seed":false,"campfire_upgraded":9,"win_rate":0,"timestamp":1546616779,"path_taken":["M","?","?","$","M","M","E","M","T","M","E","R","E","M","R","BOSS","M","$","?","?","?","R","E","R","T","R","$","?","R","E","R","BOSS","M","M","?","$","?","E","R","E","T","E","R","M","$","M","R","BOSS"],"build_version":"2018-11-15","purchased_purges":2,"victory":true,"max_hp_per_floor":[80,80,80,80,80,80,80,80,80,80,80,80,80,80,80,80,80,80,80,80,80,80,80,80,80,80,80,80,80,80,80,80,80,80,80,80,80,80,80,80,80,84,84,88,88,92,92,92,92,96],"card_choices":[{"not_picked":["Entrench","Fire Breathing","Warcry"],"picked":"SKIP","floor":1.0},{"not_picked":["Sword Boomerang","Cleave"],"picked":"Perfected Strike","floor":2.0},{"not_picked":["Pummel","Second Wind","Armaments"],"picked":"SKIP","floor":5.0},{"not_picked":["Dropkick","Iron Wave"],"picked":"Shrug It Off","floor":6.0},{"not_picked":["Heavy Blade","Feed"],"picked":"Perfected Strike","floor":7.0},{"not_picked":["Headbutt","Body Slam"],"picked":"Clash","floor":8.0},{"not_picked":["Pummel","Sever Soul"],"picked":"Thunderclap","floor":10.0},{"not_picked":["Iron Wave","Disarm"],"picked":"Perfected Strike","floor":11.0},{"not_picked":["Second Wind","Rupture"],"picked":"Shrug It Off","floor":13.0},{"not_picked":["Clothesline","Rupture"],"picked":"Perfected Strike","floor":14.0},{"not_picked":["Body Slam","Ghostly Armor+1"],"picked":"Perfected Strike","floor":18.0},{"not_picked":["Iron Wave","Clothesline+1"],"picked":"Perfected Strike","floor":20.0},{"not_picked":["Demon Form","Shrug It Off","Armaments"],"picked":"SKIP","floor":24.0},{"not_picked":["Sword Boomerang+1","Heavy Blade+1","Burning Pact+1"],"picked":"SKIP","floor":29.0},{"not_picked":["Flame Barrier","Feel No Pain","Armaments"],"picked":"SKIP","floor":31.0},{"not_picked":["Reaper+1","Demon Form"],"picked":"Feed+1","floor":33.0},{"not_picked":["Armaments","Iron Wave+1"],"picked":"Perfected Strike+1","floor":35.0},{"not_picked":["Whirlwind+1","Flame Barrier","Sword Boomerang+1"],"picked":"SKIP","floor":36.0},{"not_picked":["Spot Weakness","Whirlwind+1"],"picked":"Twin Strike+1","floor":39},{"not_picked":["Carnage+1","Armaments","Anger+1"],"picked":"SKIP","floor":40},{"not_picked":["Limit Break","Cleave+1","Sever Soul+1"],"picked":"SKIP","floor":42},{"not_picked":["Sword Boomerang+1","Cleave+1","Ghostly Armor+1"],"picked":"SKIP","floor":44},{"not_picked":["Combust+1","Iron Wave+1"],"picked":"Perfected Strike+1","floor":46},{"not_picked":["Clothesline+1","Whirlwind+1"],"picked":"Pommel Strike+1","floor":48}],"player_experience":15711,"relics_obtained":[{"floor":7.0,"key":"Ornamental Fan"},{"floor":11.0,"key":"Gambling Chip"},{"floor":13.0,"key":"Centennial Puzzle"},{"floor":20.0,"key":"Champion Belt"},{"floor":20.0,"key":"Mummified Hand"},{"floor":24.0,"key":"Molten Egg 2"},{"floor":26.0,"key":"MawBank"},{"floor":31.0,"key":"Paper Frog"},{"floor":39,"key":"Du-Vu Doll"},{"floor":40,"key":"Lantern"},{"floor":42,"key":"Pantograph"},{"floor":43,"key":"Charon\u0027s Ashes"},{"floor":44,"key":"PreservedInsect"}],"event_choices":[{"damage_healed":0.0,"max_hp_gain":0.0,"max_hp_loss":0.0,"gold_gain":0.0,"cards_transformed":["Defend_R"],"event_name":"Living Wall","player_choice":"Change","floor":3.0,"gold_loss":0.0,"damage_taken":0.0,"cards_obtained":["Disarm"]},{"damage_healed":0.0,"max_hp_gain":0.0,"max_hp_loss":0.0,"gold_gain":0.0,"event_name":"Colosseum","player_choice":"Fight","floor":20.0,"gold_loss":0.0,"damage_taken":0.0},{"damage_healed":0.0,"max_hp_gain":0.0,"max_hp_loss":0.0,"gold_gain":0.0,"event_name":"Colosseum","player_choice":"Fought Nobs","floor":20.0,"gold_loss":0.0,"damage_taken":0.0},{"damage_healed":0.0,"max_hp_gain":0.0,"max_hp_loss":0.0,"gold_gain":99.0,"event_name":"Nest","player_choice":"Stole From Cult","floor":21.0,"gold_loss":0.0,"damage_taken":0.0},{"cards_removed":["Defend_R"],"damage_healed":0.0,"max_hp_gain":0.0,"max_hp_loss":0.0,"gold_gain":0.0,"event_name":"Designer","player_choice":"Upgrade and Remove","floor":22.0,"gold_loss":90.0,"damage_taken":0.0,"cards_upgraded":["Thunderclap"]},{"cards_removed":["Shrug It Off"],"damage_healed":0.0,"max_hp_gain":0.0,"max_hp_loss":0.0,"gold_gain":0.0,"event_name":"Falling","player_choice":"Removed Skill","floor":37.0,"gold_loss":0.0,"damage_taken":0.0},{"damage_healed":0,"gold_gain":0,"player_choice":"Fight","damage_taken":0,"max_hp_gain":0,"max_hp_loss":0,"event_name":"MindBloom","floor":39,"gold_loss":0}],"is_beta":false,"boss_relics":[{"not_picked":["Calling Bell","Busted Crown"],"picked":"Eternal Feather"},{"not_picked":["Cursed Key","Runic Dome"],"picked":"Velvet Choker"}],"items_purged_floors":[19,28],"is_endless":false,"potions_floor_spawned":[1,5,6,13,14,24,31,42,46,48],"ascension_level":2}