{"gold_per_floor":[111,36,52,127,145,176,191,191,191,191,191,205,216,234,234,338,338,338,263,213,213,163,163,163,163,163,163,163,163,163,163,163,163,163,163,113,113,113,113,113,113,113,113,63,63,63,63,63,63,63],"floor_reached":51,"playtime":2405,"items_purged":["Normality","Strike_B","Defend_B","Strike_B","Defend_B"],"score":797,"play_id":"a58ee5fc-cd56-4c0d-9e43-404dedb74061","local_time":"20190217220500","is_ascension_mode":false,"campfire_choices":[{"data":"Coolheaded","floor":8.0,"key":"SMITH"},{"data":"Zap","floor":10.0,"key":"SMITH"},{"data":"Skim","floor":15.0,"key":"SMITH"},{"floor":23.0,"key":"REST"},{"data":"Undo","floor":25.0,"key":"SMITH"},{"data":"Chaos","floor":28.0,"key":"SMITH"},{"data":"Conserve Battery","floor":32.0,"key":"SMITH"},{"data":"Echo Form","floor":42,"key":"SMITH"},{"data":"Seek","floor":49,"key":"SMITH"}],"neow_cost":"CURSE","seed_source_timestamp":29590019080894,"circlet_count":0,"master_deck":["Defend_B","Zap+1","Gash","Electrodynamics","Conserve Battery+1","Coolheaded+1","Genetic Algorithm","Undo+1","Conserve Battery+1","Skim+1","Echo Form+1","Coolheaded+1","Chaos+1","Seek+1"],"special_seed":0,"relics":["Cracked Core","Smiling Mask","Singing Bowl","Ectoplasm","Du-Vu Doll","Sundial","Old Coin","Bottled Tornado","Sozu","Mummified Hand","Dream Catcher"],"potions_floor_usage":[50],"damage_taken":[{"damage":0.0,"enemies":"Cultist","floor":1.0,"turns":3.0},{"damage":0.0,"enemies":"2 Louse","floor":3.0,"turns":2.0},{"damage":0.0,"enemies":"Small Slimes","floor":5.0,"turns":3.0},{"damage":28.0,"enemies":"Gremlin Nob","floor":6.0,"turns":4.0},{"damage":10.0,"enemies":"Exordium Thugs","floor":7.0,"turns":3.0},{"damage":0.0,"enemies":"Blue Slaver","floor":12.0,"turns":4.0},{"damage":1.0,"enemies":"2 Fungi Beasts","floor":13.0,"turns":3.0},{"damage":1.0,"enemies":"Exordium Thugs","floor":14.0,"turns":4.0},{"damage":12.0,"enemies":"Hexaghost","floor":16.0,"turns":13.0},{"damage":0.0,"enemies":"3 Byrds","floor":18.0,"turns":2.0},{"damage":12.0,"enemies":"Colosseum Slavers","floor":21.0,"turns":3.0},{"damage":52.0,"enemies":"Colosseum Nobs","floor":21.0,"turns":5.0},{"damage":10.0,"enemies":"Gremlin Leader","floor":24.0,"turns":5.0},{"damage":0.0,"enemies":"Spheric Guardian","floor":27.0,"turns":5.0},{"damage":0.0,"enemies":"Centurion and Healer","floor":30.0,"turns":3.0},{"damage":2.0,"enemies":"Champ","floor":33.0,"turns":6.0},{"damage":0,"enemies":"3 Shapes","floor":35,"turns":3},{"damage":3,"enemies":"Orb Walker","floor":38,"turns":4},{"damage":0,"enemies":"Giant Head","floor":40,"turns":9},{"damage":0,"enemies":"Sphere and 2 Shapes","floor":41,"turns":4},{"damage":7,"enemies":"3 Darklings","floor":45,"turns":3},{"damage":0,"enemies":"Writhing Mass","floor":47,"turns":4},{"damage":0,"enemies":"Sphere and 2 Shapes","floor":48,"turns":7},{"damage":2,"enemies":"Donu and Deca","floor":50,"turns":5}],"seed_played":"6814626687898315076","potions_obtained":[{"floor":1.0,"key":"Regen Potion"},{"floor":12.0,"key":"FearPotion"},{"floor":13.0,"key":"GamblersBrew"},{"floor":16.0,"key":"SteroidPotion"},{"floor":21.0,"key":"Weak Potion"},{"floor":24.0,"key":"Poison Potion"},{"floor":27.0,"key":"Strength Potion"}],"is_trial":false,"path_per_floor":["M","$","M","?","M","E","M","R","T","R","?","M","M","M","R","B",null,"M","?","$","?","$","R","E","R","T","M","R","?","M","?","R","B",null,"M","$","?","M","T","E","M","R","T","$","M","?","M","M","R","B",null],"character_chosen":"DEFECT","items_purchased":[],"campfire_rested":1,"item_purchase_floors":[],"current_hp_per_floor":[75,75,75,64,64,48,38,38,38,38,38,40,41,42,42,30,81,83,83,83,19,19,43,35,35,35,35,35,35,37,20,20,20,94,96,96,96,95,95,97,99,99,99,99,94,94,94,96,96,94],"gold":63,"neow_bonus":"TRANSFORM_TWO_CARDS","is_prod":false,"is_daily":false,"chose_seed":false,"campfire_upgraded":8,"win_rate":0,"timestamp":1550451900,"path_taken":["M","$","?","?","M","E","M","R","T","R","?","M","?","M","R","BOSS","M","?","$","?","$","R","E","R","T","M","R","?","?","?","R","BOSS","M","$","?","M","?","E","M","R","T","$","M","?","?","M","R","BOSS"],"build_version":"2018-11-15","purchased_purges":5,"victory":true,"max_hp_per_floor":[75,75,75,75,75,75,75,75,75,75,75,77,79,81,81,81,81,83,83,83,83,83,83,85,85,85,85,85,85,87,92,92,94,94,96,96,96,98,98,100,102,102,102,102,104,104,104,106,106,106],"card_choices":[{"not_picked":["Turbo","Leap"],"picked":"Conserve Battery","floor":1.0},{"not_picked":["Redo","Turbo","Storm"],"picked":"SKIP","floor":3.0},{"not_picked":["Melter","Barrage"],"picked":"Coolheaded","floor":5.0},{"not_picked":["Redo","Consume"],"picked":"Genetic Algorithm","floor":6.0},{"not_picked":["Leap","Reinforced Body"],"picked":"Undo","floor":7.0},{"not_picked":["Storm","Rebound","Gash"],"picked":"Singing Bowl","floor":12.0},{"not_picked":["Hologram","Steam","Stack"],"picked":"Singing Bowl","floor":13.0},{"not_picked":["Creative AI","Hello World","White Noise"],"picked":"Singing Bowl","floor":14.0},{"not_picked":["Fission","Hyperbeam"],"picked":"Echo Form","floor":16.0},{"not_picked":["Auto Shields","Redo","Compile Driver"],"picked":"Singing Bowl","floor":18.0},{"not_picked":["Turbo","Ball Lightning"],"picked":"Coolheaded+1","floor":21.0},{"not_picked":["Chill","Rainbow","Ball Lightning"],"picked":"Singing Bowl","floor":24.0},{"not_picked":["Leap+1","Compile Driver"],"picked":"Chaos","floor":27.0},{"not_picked":["Cold Snap","Melter","Barrage"],"picked":"Singing Bowl","floor":30.0},{"not_picked":["Rainbow","Electrodynamics","Core Surge"],"picked":"Singing Bowl","floor":33.0},{"not_picked":["Ball Lightning+1","Stack","Beam Cell+1"],"picked":"Singing Bowl","floor":35},{"not_picked":["Hologram+1","Leap","Turbo+1"],"picked":"Singing Bowl","floor":38},{"not_picked":["Lockon+1","Leap","Coolheaded"],"picked":"Singing Bowl","floor":40},{"not_picked":["Barrage+1","Storm+1","Beam Cell+1"],"picked":"Singing Bowl","floor":41},{"not_picked":["Self Repair+1","Conserve Battery","Coolheaded+1"],"picked":"Singing Bowl","floor":45},{"not_picked":["Hologram","Ball Lightning"],"picked":"Seek","floor":47},{"not_picked":["Barrage","Hologram","Loop"],"picked":"Singing Bowl","floor":48}],"player_experience":164924,"relics_obtained":[{"floor":6.0,"key":"Smiling Mask"},{"floor":9.0,"key":"Singing Bowl"},{"floor":21.0,"key":"Du-Vu Doll"},{"floor":21.0,"key":"Sundial"},{"floor":24.0,"key":"Old Coin"},{"floor":26.0,"key":"Bottled Tornado"},{"floor":39,"key":"Mummified Hand"},{"floor":40,"key":"Dream Catcher"}],"event_choices":[{"damage_healed":0.0,"max_hp_gain":0.0,"max_hp_loss":0.0,"gold_gain":75.0,"event_name":"World of Goop","player_choice":"Gather Gold","floor":4.0,"gold_loss":0.0,"damage_taken":11.0},{"damage_healed":0.0,"max_hp_gain":0.0,"max_hp_loss":0.0,"gold_gain":0.0,"event_name":"Match and Keep!","player_choice":"2 cards matched","floor":11.0,"gold_loss":0.0,"damage_taken":0.0,"cards_obtained":["Conserve Battery","Skim"]},{"cards_removed":["Dualcast"],"damage_healed":0.0,"max_hp_gain":0.0,"max_hp_loss":0.0,"gold_gain":0.0,"event_name":"Beggar","player_choice":"Gave Gold","floor":19.0,"gold_loss":75.0,"damage_taken":0.0},{"damage_healed":0.0,"max_hp_gain":0.0,"max_hp_loss":0.0,"gold_gain":0.0,"event_name":"Colosseum","player_choice":"Fight","floor":21.0,"gold_loss":0.0,"damage_taken":0.0},{"damage_healed":0.0,"max_hp_gain":0.0,"max_hp_loss":0.0,"gold_gain":0.0,"event_name":"Colosseum","player_choice":"Fought Nobs","floor":21.0,"gold_loss":0.0,"damage_taken":0.0},{"damage_healed":0.0,"max_hp_gain":0.0,"max_hp_loss":0.0,"gold_gain":0.0,"event_name":"Upgrade Shrine","player_choice":"Upgraded","floor":29.0,"gold_loss":0.0,"damage_taken":0.0,"cards_upgraded":["Conserve Battery"]},{"damage_healed":0.0,"max_hp_gain":5.0,"max_hp_loss":0.0,"gold_gain":0.0,"event_name":"Forgotten Altar","player_choice":"Shed Blood","floor":31.0,"gold_loss":0.0,"damage_taken":22.0},{"cards_removed":["Strike_B"],"damage_healed":0,"gold_gain":0,"player_choice":"Removed Attack","damage_taken":0,"max_hp_gain":0,"max_hp_loss":0,"event_name":"Falling","floor":37,"gold_loss":0},{"damage_healed":0,"gold_gain":0,"player_choice":"Ignored","damage_taken":0,"max_hp_gain":0,"max_hp_loss":0,"event_name":"SecretPortal","floor":46,"gold_loss":0}],"is_beta":false,"boss_relics":[{"not_picked":["Inserter","Black Star"],"picked":"Ectoplasm"},{"not_picked":["Orrery","Tiny House"],"picked":"Sozu"}],"items_purged_floors":[2,20,22,36,44],"is_endless":false,"potions_floor_spawned":[1,12,13,16,21,24,27,33,38,40,41],"ascension_level":0}