{"path_per_floor":["M","?","$","M","?","E","R","M","T","M","M","$","M","E","R","B",null,"M","M","$","?","T","E","$","E","T","M","R"],"character_chosen":"IRONCLAD","items_purchased":["Inflame","Lantern"],"gold_per_floor":[113,363,63,74,74,112,112,126,152,175,196,96,110,154,154,280,280,305,328,203,203,203,247,97,133,160,175,175,175],"floor_reached":29,"campfire_rested":2,"playtime":2800,"item_purchase_floors":[],"current_hp_per_floor":[43,43,43,49,29,20,44,50,57,54,74,74,77,56,82,53,87,61,69,69,69,69,63,63,24,24,29,29,0],"items_purged":["Regret","Strike_R","Strike_R","Strike_R"],"gold":175,"score":325,"play_id":"1f85dcd6-b845-4c3b-b9a1-f2e408b91296","local_time":"20180614233147","is_prod":false,"is_daily":false,"chose_seed":false,"is_ascension_mode":true,"campfire_upgraded":1,"win_rate":0,"timestamp":1529037107,"campfire_choices":[{"floor":7.0,"key":"REST"},{"floor":15.0,"key":"REST"},{"data":"Barricade","floor":28,"key":"SMITH"}],"path_taken":["M","?","?","M","?","E","R","?","T","M","?","$","M","E","R","BOSS","M","M","?","?","?","E","?","E","T","M","R","E"],"build_version":"2018-06-14","seed_source_timestamp":0,"purchased_purges":4,"victory":false,"master_deck":["Strike_R","Strike_R","Defend_R","Defend_R","Defend_R","Defend_R","Bash","Heavy Blade","Inflame","Inflame","Rage","Barricade+1","Entrench","Heavy Blade","Feed","Flex+1","Offering","Metallicize"],"max_hp_per_floor":[80,80,80,80,80,80,80,80,87,87,87,87,87,87,87,87,87,87,90,90,90,90,93,93,93,93,96,96,96],"special_seed":0,"relics":["Burning Blood","Torii","Lantern","Golden Idol","Art of War","Strawberry","Juzu Bracelet","Runic Pyramid","Champion Belt","Red Skull","Bottled Tornado","Happy Flower"],"card_choices":[{"not_picked":["Intimidate","Iron Wave"],"picked":"Heavy Blade","floor":1.0},{"not_picked":["Headbutt","Havoc"],"picked":"Inflame","floor":4.0},{"not_picked":["Iron Wave","Armaments"],"picked":"Rage","floor":6.0},{"not_picked":["Spot Weakness","Headbutt"],"picked":"Barricade","floor":8.0},{"not_picked":["Perfected Strike","Shrug It Off"],"picked":"Entrench","floor":10.0},{"not_picked":["Flex","Shrug It Off","Iron Wave"],"picked":"SKIP","floor":11.0},{"not_picked":["Whirlwind","Shrug It Off"],"picked":"Heavy Blade","floor":13.0},{"not_picked":["Perfected Strike","Barricade","Clash"],"picked":"SKIP","floor":14.0},{"not_picked":["Immolate","Juggernaut"],"picked":"Feed","floor":16.0},{"not_picked":["Battle Trance","Thunderclap"],"picked":"Flex+1","floor":18},{"not_picked":["Whirlwind+1","Shrug It Off+1","Warcry"],"picked":"SKIP","floor":19},{"not_picked":["Heavy Blade","Burning Pact+1"],"picked":"Metallicize","floor":23},{"not_picked":["Clothesline+1","Sword Boomerang","Twin Strike+1"],"picked":"SKIP","floor":25},{"not_picked":["Cleave+1","Pommel Strike+1","Twin Strike"],"picked":"SKIP","floor":27}],"player_experience":171033,"potions_floor_usage":[18,18,29,29],"damage_taken":[{"damage":3.0,"enemies":"Jaw Worm","floor":1.0,"turns":5.0},{"damage":0.0,"enemies":"Cultist","floor":4.0,"turns":2.0},{"damage":15.0,"enemies":"Gremlin Nob","floor":6.0,"turns":4.0},{"damage":0.0,"enemies":"Small Slimes","floor":8.0,"turns":2.0},{"damage":9.0,"enemies":"Blue Slaver","floor":10.0,"turns":3.0},{"damage":1.0,"enemies":"Large Slime","floor":11.0,"turns":7.0},{"damage":3.0,"enemies":"Lots of Slimes","floor":13.0,"turns":5.0},{"damage":27.0,"enemies":"Lagavulin","floor":14.0,"turns":9.0},{"damage":35.0,"enemies":"Slime Boss","floor":16.0,"turns":9.0},{"damage":32,"enemies":"Shell Parasite","floor":18,"turns":4},{"damage":1,"enemies":"Spheric Guardian","floor":19,"turns":3},{"damage":15,"enemies":"Book of Stabbing","floor":23,"turns":5},{"damage":45,"enemies":"Gremlin Leader","floor":25,"turns":16},{"damage":4,"enemies":"Cultist and Chosen","floor":27,"turns":6},{"damage":33,"enemies":"Slavers","floor":29,"turns":1}],"relics_obtained":[{"floor":6.0,"key":"Art of War"},{"floor":9.0,"key":"Strawberry"},{"floor":14.0,"key":"Juzu Bracelet"},{"floor":22,"key":"Champion Belt"},{"floor":23,"key":"Red Skull"},{"floor":25,"key":"Bottled Tornado"},{"floor":26,"key":"Happy Flower"}],"event_choices":[{"event_name":"Golden Shrine","player_choice":"Desecrate","floor":2.0,"damage_taken":0.0},{"event_name":"Golden Idol","player_choice":"Take Damage","floor":5.0,"damage_taken":0.0},{"event_name":"The Library","player_choice":"Read","floor":21,"damage_taken":0}],"boss_relics":[{"not_picked":["White Beast Statue","Lizard Tail"],"picked":"Runic Pyramid"}],"items_purged_floors":[],"is_endless":false,"potions_floor_spawned":[8,10,11,13,16,25],"seed_played":"-3931342656949505929","killed_by":"Slavers","ascension_level":2,"potions_obtained":[{"floor":8.0,"key":"Regen Potion"},{"floor":10.0,"key":"SkillPotion"},{"floor":11.0,"key":"Strength Potion"},{"floor":13.0,"key":"AttackPotion"},{"floor":16.0,"key":"Ancient Potion"},{"floor":25,"key":"Ancient Potion"}],"is_trial":false}