{"gold_per_floor":[119,138,153,167,184,215,215,231,284,209,209,222,222,104,104,208,208,228,228,32,45,60,60],"floor_reached":23,"playtime":803,"items_purged":["Strike_B"],"score":195,"play_id":"b2b1c781-fd51-4066-8585-a480ae2efe91","local_time":"20190212174017","is_ascension_mode":false,"campfire_choices":[{"data":"Consume","floor":7,"key":"SMITH"},{"floor":13,"key":"REST"},{"floor":15,"key":"REST"}],"neow_cost":"NONE","seed_source_timestamp":73305466286729,"circlet_count":0,"master_deck":["Strike_B","Defend_B","Defend_B","Defend_B","Defend_B","Zap","Dualcast","Conserve Battery","Double Energy","Loop","Defragment","Consume+1","Gash","Doom and Gloom","Defragment","Streamline","Biased Cognition","Barrage","Static Discharge"],"relics":["FrozenCore","FossilizedHelix","Vajra","Toy Ornithopter"],"potions_floor_usage":[],"damage_taken":[{"damage":0,"enemies":"Cultist","floor":1,"turns":4},{"damage":0,"enemies":"2 Louse","floor":2,"turns":3},{"damage":0,"enemies":"Small Slimes","floor":3,"turns":4},{"damage":3,"enemies":"Red Slaver","floor":4,"turns":3},{"damage":7,"enemies":"Blue Slaver","floor":5,"turns":3},{"damage":20,"enemies":"Gremlin Nob","floor":6,"turns":4},{"damage":11,"enemies":"Exordium Wildlife","floor":8,"turns":3},{"damage":11,"enemies":"3 Louse","floor":12,"turns":3},{"damage":43,"enemies":"Hexaghost","floor":16,"turns":7},{"damage":0,"enemies":"Spheric Guardian","floor":18,"turns":4},{"damage":22,"enemies":"3 Byrds","floor":21,"turns":7},{"damage":23,"enemies":"3 Cultists","floor":22,"turns":5},{"damage":25,"enemies":"Gremlin Leader","floor":23,"turns":5}],"seed_played":"409953056219970174","potions_obtained":[{"floor":2,"key":"Weak Potion"},{"floor":4,"key":"Strength Potion"},{"floor":16,"key":"SkillPotion"}],"is_trial":false,"path_per_floor":["M","M","M","M","M","E","R","M","T","$","?","M","R","$","R","B",null,"M","?","$","M","M","E"],"character_chosen":"DEFECT","items_purchased":["Defragment","Streamline","Toy Ornithopter"],"campfire_rested":2,"item_purchase_floors":[14,14,20],"current_hp_per_floor":[82,82,82,79,72,52,52,41,41,41,34,23,47,47,71,28,82,82,82,82,60,37,12],"gold":60,"neow_bonus":"TEN_PERCENT_HP_BONUS","is_prod":false,"is_daily":false,"chose_seed":false,"campfire_upgraded":1,"win_rate":0.0,"timestamp":1549982417,"path_taken":["M","M","M","M","M","E","R","M","T","?","?","M","R","$","R","BOSS","M","?","$","M","M","E"],"build_version":"2019-01-23","purchased_purges":1,"victory":false,"max_hp_per_floor":[82,82,82,82,82,82,82,82,82,82,82,82,82,82,82,82,82,82,82,82,82,82,82],"card_choices":[{"not_picked":["Ball Lightning","Go for the Eyes"],"picked":"Conserve Battery","floor":1},{"not_picked":["Redo","Ball Lightning"],"picked":"Double Energy","floor":2},{"not_picked":["Cold Snap","FTL"],"picked":"Loop","floor":3},{"not_picked":["Chill","Steam"],"picked":"Defragment","floor":4},{"not_picked":["Rebound","Hologram","Barrage"],"picked":"SKIP","floor":5},{"not_picked":["Glacier","Hello World"],"picked":"Consume","floor":6},{"not_picked":["Stack","Coolheaded"],"picked":"Gash","floor":8},{"not_picked":["Rebound","Force Field"],"picked":"Doom and Gloom","floor":12},{"not_picked":["All For One","Multi-Cast"],"picked":"Biased Cognition","floor":16},{"not_picked":["Redo","Fusion","Ball Lightning"],"picked":"SKIP","floor":18},{"not_picked":["Ball Lightning","White Noise"],"picked":"Static Discharge","floor":21},{"not_picked":["Compile Driver+1","Blizzard","Coolheaded+1"],"picked":"SKIP","floor":22}],"player_experience":355196,"relics_obtained":[{"floor":6,"key":"FossilizedHelix"},{"floor":9,"key":"Vajra"}],"event_choices":[{"cards_removed":["Strike_B"],"damage_healed":0,"gold_gain":0,"player_choice":"Card Removal","damage_taken":7,"max_hp_gain":0,"max_hp_loss":0,"event_name":"Golden Wing","floor":11,"gold_loss":0},{"damage_healed":0,"gold_gain":0,"cards_transformed":["Strike_B"],"player_choice":"Transformed","damage_taken":0,"max_hp_gain":0,"max_hp_loss":0,"event_name":"Transmorgrifier","floor":19,"gold_loss":0,"cards_obtained":["Barrage"]}],"is_beta":false,"boss_relics":[{"not_picked":["Cursed Key","Snecko Eye"],"picked":"FrozenCore"}],"items_purged_floors":[10],"is_endless":false,"potions_floor_spawned":[2,4,16,21],"killed_by":"Gremlin Leader","ascension_level":0}