{"gold_per_floor":[12,31,49,62,62,62,76,76,102,102,114,114,139,139,139,217,217,228,228,119,119,34,34,34,34,34,63,98,142,173,235,247,331,343,373,385,417,449,478,490,531,543,555,567,153,188,188,205,205,205],"floor_reached":50,"playtime":1879,"items_purged":["Dualcast","Decay"],"score":1044,"play_id":"d9213cfd-d2b9-4519-9c30-7a70730c20f1","local_time":"20190214234410","is_ascension_mode":true,"campfire_choices":[{"data":"Hyperbeam","floor":6.0,"key":"SMITH"},{"data":"Coolheaded","floor":8.0,"key":"SMITH"},{"data":"Recycle","floor":10.0,"key":"SMITH"},{"data":"Defend_B","floor":12.0,"key":"SMITH"},{"data":"Leap","floor":15.0,"key":"SMITH"},{"data":"Blizzard","floor":23,"key":"SMITH"},{"data":"Conserve Battery","floor":25,"key":"SMITH"},{"data":"Defend_B","floor":32,"key":"SMITH"},{"data":"Coolheaded","floor":40,"key":"SMITH"},{"data":"Coolheaded","floor":42,"key":"SMITH"},{"data":"Buffer","floor":44,"key":"SMITH"},{"floor":49,"key":"RECALL"}],"neow_cost":"NO_GOLD","seed_source_timestamp":11712039647530,"circlet_count":0,"master_deck":["AscendersBane","Defend_B","Defend_B+1","Defend_B+1","Cold Snap","Recycle+1","Hyperbeam+1","Coolheaded+1","Core Surge","Leap+1","Echo Form","Chill+1","Bite","Bite","Bite","Bite","Bite","Blizzard+1","Conserve Battery+1","Fusion+1","Buffer+1","Coolheaded+1","Coolheaded+1","Coolheaded+1","Coolheaded+1"],"special_seed":0,"relics":["Cracked Core","StoneCalendar","Bag of Preparation","Bag of Marbles","Potion Belt","Runic Dome","Boot","MawBank","Anchor","War Paint","Cursed Key","Shuriken","Medical Kit","Shovel"],"potions_floor_usage":[16,16],"damage_taken":[{"damage":0.0,"enemies":"Cultist","floor":1.0,"turns":3.0},{"damage":1.0,"enemies":"Small Slimes","floor":2.0,"turns":3.0},{"damage":3.0,"enemies":"2 Louse","floor":3.0,"turns":3.0},{"damage":5.0,"enemies":"Looter","floor":4.0,"turns":3.0},{"damage":0.0,"enemies":"3 Louse","floor":7.0,"turns":1.0},{"damage":11.0,"enemies":"Large Slime","floor":11.0,"turns":3.0},{"damage":8.0,"enemies":"3 Sentries","floor":13.0,"turns":2.0},{"damage":23,"enemies":"Hexaghost","floor":16,"turns":9},{"damage":0,"enemies":"Spheric Guardian","floor":18,"turns":4},{"damage":17,"enemies":"Shell Parasite","floor":27,"turns":5},{"damage":17,"enemies":"Gremlin Leader","floor":29,"turns":7},{"damage":16,"enemies":"Snecko","floor":30,"turns":5},{"damage":49,"enemies":"Champ","floor":33,"turns":17},{"damage":18,"enemies":"3 Darklings","floor":35,"turns":3},{"damage":0,"enemies":"Orb Walker","floor":37,"turns":4},{"damage":0,"enemies":"Jaw Worm Horde","floor":38,"turns":1},{"damage":0,"enemies":"Maw","floor":39,"turns":9},{"damage":26,"enemies":"Reptomancer","floor":41,"turns":7},{"damage":0,"enemies":"Giant Head","floor":46,"turns":7},{"damage":0,"enemies":"Spire Growth","floor":48,"turns":7},{"damage":63,"enemies":"Time Eater","floor":50,"turns":11}],"seed_played":"-916608273719287110","potions_obtained":[{"floor":4.0,"key":"Fire Potion"},{"floor":7.0,"key":"Fire Potion"},{"floor":41,"key":"Weak Potion"},{"floor":46,"key":"Dexterity Potion"}],"is_trial":false,"path_per_floor":["M","M","M","M","?","R","M","R","T","R","M","R","E","?","R","B",null,"M","?","$","?","?","R","?","R","T","M","T","E","M","?","R","B",null,"M","?","M","M","M","R","E","R","T","R","$","E","$","M","R","B"],"character_chosen":"DEFECT","items_purchased":["Blizzard","Medical Kit","FocusPotion","Dexterity Potion"],"campfire_rested":0,"item_purchase_floors":[20,45,45,45],"current_hp_per_floor":[64,63,60,55,55,55,55,55,55,55,44,44,36,25,25,2,54,54,49,49,49,49,49,49,49,49,46,46,44,45,45,45,22,42,28,28,36,36,49,49,43,43,43,43,43,49,49,49,49,0],"gold":205,"neow_bonus":"ONE_RARE_RELIC","is_prod":false,"is_daily":false,"chose_seed":false,"campfire_upgraded":11,"win_rate":0,"timestamp":1550198650,"path_taken":["M","M","?","M","?","R","M","R","T","R","M","R","E","?","R","BOSS","M","?","$","?","?","R","?","R","T","M","?","E","?","?","R","BOSS","M","?","M","M","?","R","E","R","T","R","$","E","$","M","R","BOSS"],"build_version":"2018-11-15","purchased_purges":2,"victory":false,"max_hp_per_floor":[71,71,71,71,71,71,71,71,71,71,71,71,71,71,71,71,71,71,49,49,49,49,49,49,49,49,49,49,49,49,49,49,49,49,49,49,49,49,49,49,49,49,49,49,49,49,49,49,49,49],"card_choices":[{"not_picked":["Ball Lightning","Reprogram"],"picked":"Cold Snap","floor":1.0},{"not_picked":["Streamline","Melter"],"picked":"Recycle","floor":2.0},{"not_picked":["Hologram","Go for the Eyes"],"picked":"Hyperbeam","floor":3.0},{"not_picked":["Leap","Rebound"],"picked":"Coolheaded","floor":4.0},{"not_picked":["Compile Driver","Steam Power"],"picked":"Core Surge","floor":7.0},{"not_picked":["Sweeping Beam","Redo","Heatsinks"],"picked":"SKIP","floor":11.0},{"not_picked":["Hyperbeam","Barrage"],"picked":"Leap","floor":13.0},{"not_picked":["Meteor Strike","All For One"],"picked":"Echo Form","floor":16},{"not_picked":["Chaos+1","Storm"],"picked":"Chill","floor":18},{"not_picked":["Steam","Gash","Streamline"],"picked":"SKIP","floor":27},{"not_picked":["Lockon","Ball Lightning","Reboot"],"picked":"SKIP","floor":29},{"not_picked":["Turbo","Doom and Gloom","Rebound"],"picked":"SKIP","floor":30},{"not_picked":["Electrodynamics","Fission"],"picked":"Buffer","floor":33},{"not_picked":["Consume+1","Leap","Chill"],"picked":"SKIP","floor":35},{"not_picked":["Steam","Hologram"],"picked":"Coolheaded","floor":37},{"not_picked":["Turbo+1","Compile Driver"],"picked":"Coolheaded","floor":38},{"not_picked":["Compile Driver","Barrage+1","Loop"],"picked":"SKIP","floor":39},{"not_picked":["Rip and Tear","Darkness+1","Rebound+1"],"picked":"SKIP","floor":41},{"not_picked":["Static Discharge","Chill"],"picked":"Coolheaded+1","floor":46},{"not_picked":["Redo","Rebound","Compile Driver"],"picked":"SKIP","floor":48}],"player_experience":142720,"relics_obtained":[{"floor":9.0,"key":"Bag of Preparation"},{"floor":13.0,"key":"Bag of Marbles"},{"floor":26,"key":"MawBank"},{"floor":28,"key":"Anchor"},{"floor":29,"key":"War Paint"},{"floor":41,"key":"Shuriken"},{"floor":46,"key":"Shovel"}],"event_choices":[{"damage_healed":0.0,"max_hp_gain":0.0,"max_hp_loss":0.0,"gold_gain":0.0,"event_name":"The Cleric","player_choice":"Leave","floor":5.0,"gold_loss":0.0,"damage_taken":0.0},{"damage_healed":0.0,"max_hp_gain":0.0,"max_hp_loss":0.0,"gold_gain":0.0,"event_name":"Scrap Ooze","player_choice":"Success","floor":14.0,"gold_loss":0.0,"damage_taken":11.0,"relics_obtained":["Potion Belt"]},{"damage_healed":0,"gold_gain":0,"player_choice":"Became a vampire","damage_taken":0,"max_hp_gain":0,"max_hp_loss":22,"event_name":"Vampires","floor":19,"gold_loss":0,"cards_obtained":["Bite","Bite","Bite","Bite","Bite"]},{"damage_healed":0,"gold_gain":0,"cards_transformed":["Zap","Defend_B"],"player_choice":"Became Test Subject","damage_taken":0,"max_hp_gain":0,"max_hp_loss":0,"event_name":"Drug Dealer","floor":21,"gold_loss":0,"cards_obtained":["Conserve Battery","Fusion"]},{"damage_healed":0,"gold_gain":0,"player_choice":"Obtained Relic","damage_taken":0,"relics_obtained":["Boot"],"max_hp_gain":0,"max_hp_loss":0,"event_name":"Addict","floor":22,"gold_loss":85},{"damage_healed":0,"gold_gain":0,"player_choice":"Ignored","damage_taken":0,"max_hp_gain":0,"max_hp_loss":0,"event_name":"Ghosts","floor":24,"gold_loss":0},{"damage_healed":0,"gold_gain":50,"player_choice":"Stole From Cult","damage_taken":0,"max_hp_gain":0,"max_hp_loss":0,"event_name":"Nest","floor":31,"gold_loss":0},{"damage_healed":0,"gold_gain":0,"player_choice":"Copied","damage_taken":0,"max_hp_gain":0,"max_hp_loss":0,"event_name":"Duplicator","floor":36,"gold_loss":0,"cards_obtained":["Coolheaded"]}],"is_beta":false,"boss_relics":[{"not_picked":["Pandora\u0027s Box","Nuclear Battery"],"picked":"Runic Dome"},{"not_picked":["Black Star","Empty Cage"],"picked":"Cursed Key"}],"items_purged_floors":[20,45],"is_endless":false,"potions_floor_spawned":[4,7,11,13,41,46],"killed_by":"Time Eater","ascension_level":15}