{"gold_per_floor":[113,132,132,64,79,79,89,105,130,142,157,167,182,195,195,296,296,311,326,326],"floor_reached":20,"playtime":618,"items_purged":[],"score":174,"play_id":"8f6d8934-3019-4ffa-b157-0ecaffa0b2d2","local_time":"20190208234933","is_ascension_mode":false,"campfire_choices":[{"data":"Bash","floor":6,"key":"SMITH"},{"data":"Dropkick","floor":15,"key":"SMITH"}],"neow_cost":"PERCENT_DAMAGE","seed_source_timestamp":17276530985594,"circlet_count":0,"master_deck":["Strike_R","Strike_R","Strike_R","Strike_R","Strike_R","Defend_R","Defend_R","Defend_R","Defend_R","Bash+1","Dropkick+1","Dual Wield"],"relics":["Burning Blood","Gambling Chip","Strawberry","Ancient Tea Set","Runic Pyramid"],"potions_floor_usage":[10,12,16,16,20,20],"damage_taken":[{"damage":1,"enemies":"Cultist","floor":1,"turns":4},{"damage":1,"enemies":"2 Louse","floor":2,"turns":3},{"damage":6,"enemies":"Jaw Worm","floor":5,"turns":4},{"damage":11,"enemies":"3 Louse","floor":7,"turns":4},{"damage":7,"enemies":"Blue Slaver","floor":8,"turns":2},{"damage":0,"enemies":"Gremlin Gang","floor":10,"turns":1},{"damage":0,"enemies":"3 Louse","floor":11,"turns":4},{"damage":6,"enemies":"Lots of Slimes","floor":12,"turns":4},{"damage":9,"enemies":"Blue Slaver","floor":13,"turns":4},{"damage":10,"enemies":"Looter","floor":14,"turns":2},{"damage":51,"enemies":"The Guardian","floor":16,"turns":6},{"damage":40,"enemies":"Shell Parasite","floor":18,"turns":4},{"damage":29,"enemies":"3 Byrds","floor":19,"turns":7},{"damage":34,"enemies":"Shelled Parasite and Fungi","floor":20,"turns":4}],"seed_played":"2723488727042428095","potions_obtained":[{"floor":5,"key":"SteroidPotion"},{"floor":7,"key":"SpeedPotion"},{"floor":8,"key":"AttackPotion"},{"floor":11,"key":"AttackPotion"},{"floor":13,"key":"Ancient Potion"},{"floor":19,"key":"Energy Potion"}],"is_trial":false,"path_per_floor":["M","M","T","$","M","R","M","M","T","M","M","M","M","M","R","B",null,"M","M","M"],"character_chosen":"IRONCLAD","items_purchased":["Dropkick"],"campfire_rested":0,"item_purchase_floors":[4],"current_hp_per_floor":[61,66,73,73,73,73,68,67,67,73,79,79,76,72,72,27,87,53,30,0],"gold":326,"neow_bonus":"ONE_RARE_RELIC","is_prod":false,"is_daily":false,"chose_seed":false,"campfire_upgraded":2,"win_rate":0,"timestamp":1549680573,"path_taken":["M","?","?","$","?","R","M","M","T","M","M","M","?","M","R","BOSS","M","M","M"],"build_version":"2018-11-15","purchased_purges":0,"victory":false,"max_hp_per_floor":[80,80,87,87,87,87,87,87,87,87,87,87,87,87,87,87,87,87,87,87],"card_choices":[{"not_picked":["Sword Boomerang","Rage","Armaments"],"picked":"SKIP","floor":1},{"not_picked":["Perfected Strike","Twin Strike","Seeing Red"],"picked":"SKIP","floor":2},{"not_picked":["Twin Strike","Thunderclap","Hemokinesis"],"picked":"SKIP","floor":5},{"not_picked":["Iron Wave","Pummel","Warcry"],"picked":"SKIP","floor":7},{"not_picked":["Heavy Blade","Clothesline","Flex"],"picked":"SKIP","floor":8},{"not_picked":["Corruption","Bludgeon","Seeing Red"],"picked":"SKIP","floor":10},{"not_picked":["Rampage","Combust","Headbutt"],"picked":"SKIP","floor":11},{"not_picked":["Shrug It Off","Rupture","Anger"],"picked":"SKIP","floor":12},{"not_picked":["Twin Strike","Power Through","Flex"],"picked":"SKIP","floor":13},{"not_picked":["Pommel Strike","Carnage","Whirlwind"],"picked":"SKIP","floor":14},{"not_picked":["Warcry","Rupture"],"picked":"Dual Wield","floor":18},{"not_picked":["Headbutt","Pommel Strike","Thunderclap"],"picked":"SKIP","floor":19}],"player_experience":118870,"relics_obtained":[{"floor":3,"key":"Strawberry"},{"floor":9,"key":"Ancient Tea Set"}],"event_choices":[],"is_beta":false,"boss_relics":[{"not_picked":["Orrery","Runic Cube"],"picked":"Runic Pyramid"}],"items_purged_floors":[],"is_endless":false,"potions_floor_spawned":[5,7,8,11,13,19],"killed_by":"Shelled Parasite and Fungi","ascension_level":0}