{"path_per_floor":["M","$","M","M","M","R","E","M","T","M","E","?","E","?","R","B",null,"M","M","M","M","M","E","?","M","T","E","M","?","E","M","R","B",null,"M","M","M","$","?","E","R","M","T","M","E","?","M","M","R"],"character_chosen":"IRONCLAD","items_purchased":["Carnage","Charon\u0027s Ashes","Warcry"],"gold_per_floor":[116,0,19,37,48,48,81,93,93,103,132,132,158,158,158,255,255,275,288,303,315,331,361,276,290,290,325,339,369,400,411,411,506,506,518,530,541,89,138,163,163,178,178,198,232,232,243,255,255,255],"floor_reached":50,"campfire_rested":3,"playtime":6825,"item_purchase_floors":[2,38,38],"current_hp_per_floor":[78,78,80,80,80,80,67,62,62,64,53,53,53,53,53,24,80,73,74,59,49,42,18,18,20,20,22,28,30,41,36,63,75,90,81,71,51,51,51,39,66,69,69,46,49,49,47,52,90,0],"items_purged":["Defend_R","Defend_R"],"gold":255,"score":692,"play_id":"d3e4336e-b856-4358-bfa3-8314305da218","local_time":"20180527011326","is_prod":false,"is_daily":false,"chose_seed":false,"is_ascension_mode":false,"campfire_upgraded":2,"win_rate":0.0,"timestamp":1527401606,"campfire_choices":[{"data":"Bash","floor":6,"key":"SMITH"},{"data":"Offering","floor":15,"key":"SMITH"},{"floor":32,"key":"REST"},{"floor":41,"key":"REST"},{"floor":49,"key":"REST"}],"path_taken":["M","$","M","M","M","R","E","M","T","M","E","?","E","?","R","BOSS","M","M","M","M","M","E","?","?","T","E","M","?","E","M","R","BOSS","M","M","M","$","?","E","R","M","T","?","E","?","M","M","R","BOSS"],"build_version":"2018-05-24","seed_source_timestamp":349622523542123,"purchased_purges":2,"victory":false,"master_deck":["Strike_R","Strike_R+1","Strike_R","Strike_R+1","Strike_R","Defend_R","Defend_R","Bash+1","Perfected Strike","Carnage","Battle Trance","Perfected Strike","Armaments+1","Combust","Offering+1","Headbutt+1","Anger+1","Bludgeon+1","Uppercut+1","Perfected Strike+1","Pommel Strike+1","Pommel Strike+1","Fiend Fire+1","Battle Trance","Demon Form","Anger+1","Fiend Fire+1","Perfected Strike+1","Pommel Strike+1","Perfected Strike+1","Warcry","Pommel Strike+1","Burning Pact+1","Brutality","Perfected Strike+1","Panacea","Warcry","Perfected Strike+1"],"max_hp_per_floor":[80,80,80,80,80,80,80,80,80,80,80,80,80,80,80,80,80,80,80,80,80,80,80,80,80,80,80,80,80,90,90,90,90,90,90,90,90,90,90,90,90,90,90,90,90,90,90,90,90,90],"relics":["Burning Blood","Pantograph","Molten Egg 2","Mercury Hourglass","Happy Flower","Black Star","Dream Catcher","Whetstone","Ancient Tea Set","Torii","Vajra","Bag of Preparation","Red Mask","Pear","Toolbox","Mark of Pain","Charon\u0027s Ashes","Calipers","Kunai","Self Forming Clay","Shuriken","Regal Pillow","Potion Belt"],"card_choices":[{"not_picked":["Power Through","Rampage"],"picked":"Perfected Strike","floor":1},{"not_picked":["Carnage","Twin Strike"],"picked":"Battle Trance","floor":3},{"not_picked":["Shockwave","Fire Breathing"],"picked":"Perfected Strike","floor":4},{"not_picked":["Body Slam","Sword Boomerang","Shrug It Off"],"picked":"SKIP","floor":5},{"not_picked":["Cleave","Clash"],"picked":"Armaments","floor":7},{"not_picked":["Bloodletting","Rupture"],"picked":"Combust","floor":8},{"not_picked":["Thunderclap+1","Searing Blow+1"],"picked":"Offering","floor":10},{"not_picked":["Pummel+1","Feel No Pain"],"picked":"Headbutt+1","floor":11},{"not_picked":["Iron Wave+1","Shrug It Off"],"picked":"Anger+1","floor":13},{"not_picked":["Feed+1","Impervious"],"picked":"Bludgeon+1","floor":16},{"not_picked":["Sword Boomerang+1","Power Through+1"],"picked":"Uppercut+1","floor":18},{"not_picked":["Second Wind","Headbutt+1"],"picked":"Perfected Strike+1","floor":19},{"not_picked":["Sword Boomerang+1","Feel No Pain"],"picked":"Pommel Strike+1","floor":20},{"not_picked":["Shrug It Off","Flex"],"picked":"Pommel Strike+1","floor":21},{"not_picked":["Flex+1","Metallicize","Ghostly Armor"],"picked":"SKIP","floor":22},{"not_picked":["Ghostly Armor","Iron Wave+1"],"picked":"Fiend Fire+1","floor":23},{"not_picked":["Thunderclap+1","Clash+1","Pummel+1"],"picked":"SKIP","floor":25},{"not_picked":["Flex","True Grit"],"picked":"Battle Trance","floor":27},{"not_picked":["True Grit+1","Cleave+1","Clothesline+1"],"picked":"SKIP","floor":28},{"not_picked":["Combust+1","Seeing Red"],"picked":"Demon Form","floor":30},{"not_picked":["Cleave+1","Armaments"],"picked":"Anger+1","floor":31},{"not_picked":["Barricade","Impervious"],"picked":"Fiend Fire+1","floor":33},{"not_picked":["Warcry+1","Thunderclap+1"],"picked":"Perfected Strike+1","floor":35},{"not_picked":["Feel No Pain","Dual Wield+1"],"picked":"Pommel Strike+1","floor":36},{"not_picked":["Clothesline+1","Battle Trance+1"],"picked":"Perfected Strike+1","floor":37},{"not_picked":["Infernal Blade","Rampage+1"],"picked":"Pommel Strike+1","floor":40},{"not_picked":["Flex+1","Thunderclap+1"],"picked":"Burning Pact+1","floor":42},{"not_picked":["Flex","Clothesline+1"],"picked":"Brutality","floor":44},{"not_picked":["Armaments","Headbutt+1"],"picked":"Perfected Strike+1","floor":45},{"not_picked":["Trip","Good Instincts"],"picked":"Panacea","floor":46},{"not_picked":["Sever Soul+1","Body Slam+1"],"picked":"Warcry","floor":47},{"not_picked":["Entrench","Inflame"],"picked":"Perfected Strike+1","floor":48}],"player_experience":0,"potions_floor_usage":[21,22,23,25,50,50],"damage_taken":[{"damage":8,"enemies":"Small Slimes","floor":1,"turns":3},{"damage":0,"enemies":"Cultist","floor":3,"turns":2},{"damage":6,"enemies":"Jaw Worm","floor":4,"turns":2},{"damage":5,"enemies":"Looter","floor":5,"turns":2},{"damage":19,"enemies":"Gremlin Nob","floor":7,"turns":4},{"damage":11,"enemies":"Lots of Slimes","floor":8,"turns":5},{"damage":4,"enemies":"Large Slime","floor":10,"turns":4},{"damage":17,"enemies":"Lagavulin","floor":11,"turns":3},{"damage":6,"enemies":"Gremlin Nob","floor":13,"turns":3},{"damage":60,"enemies":"Hexaghost","floor":16,"turns":5},{"damage":13,"enemies":"Chosen","floor":18,"turns":4},{"damage":5,"enemies":"Spheric Guardian","floor":19,"turns":3},{"damage":21,"enemies":"Centurion and Healer","floor":20,"turns":4},{"damage":21,"enemies":"Snake Plant","floor":21,"turns":2},{"damage":21,"enemies":"Cultist and Chosen","floor":22,"turns":4},{"damage":30,"enemies":"Book of Stabbing","floor":23,"turns":3},{"damage":4,"enemies":"Sentry and Sphere","floor":25,"turns":1},{"damage":4,"enemies":"Gremlin Leader","floor":27,"turns":2},{"damage":0,"enemies":"Snecko","floor":28,"turns":2},{"damage":4,"enemies":"Masked Bandits","floor":29,"turns":2},{"damage":5,"enemies":"Slavers","floor":30,"turns":3},{"damage":11,"enemies":"Chosen and Byrds","floor":31,"turns":3},{"damage":19,"enemies":"Champ","floor":33,"turns":4},{"damage":15,"enemies":"3 Darklings","floor":35,"turns":3},{"damage":16,"enemies":"3 Shapes","floor":36,"turns":2},{"damage":26,"enemies":"3 Darklings","floor":37,"turns":3},{"damage":6,"enemies":"Mysterious Sphere","floor":39,"turns":2},{"damage":18,"enemies":"Giant Head","floor":40,"turns":5},{"damage":3,"enemies":"Sphere and 2 Shapes","floor":42,"turns":1},{"damage":29,"enemies":"Maw","floor":44,"turns":3},{"damage":3,"enemies":"Nemesis","floor":45,"turns":3},{"damage":8,"enemies":"3 Darklings","floor":47,"turns":2},{"damage":1,"enemies":"Sphere and 2 Shapes","floor":48,"turns":2},{"damage":95,"enemies":"Awakened One","floor":50,"turns":6}],"relics_obtained":[{"floor":7,"key":"Pantograph"},{"floor":9,"key":"Molten Egg 2"},{"floor":11,"key":"Mercury Hourglass"},{"floor":13,"key":"Happy Flower"},{"floor":23,"key":"Dream Catcher"},{"floor":23,"key":"Whetstone"},{"floor":26,"key":"Torii"},{"floor":27,"key":"Vajra"},{"floor":27,"key":"Bag of Preparation"},{"floor":29,"key":"Red Mask"},{"floor":30,"key":"Pear"},{"floor":30,"key":"Toolbox"},{"floor":39,"key":"Calipers"},{"floor":40,"key":"Kunai"},{"floor":40,"key":"Self Forming Clay"},{"floor":43,"key":"Shuriken"},{"floor":45,"key":"Regal Pillow"},{"floor":45,"key":"Potion Belt"}],"event_choices":[{"event_name":"The Lab","player_choice":"Got Potions","floor":12,"damage_taken":0},{"event_name":"Upgrade Shrine","player_choice":"Upgraded","floor":14,"damage_taken":0},{"event_name":"Addict","player_choice":"Obtained Relic","floor":24,"damage_taken":0},{"event_name":"Masked Bandits","player_choice":"Fought over 339 gold","floor":29,"damage_taken":0},{"event_name":"Mysterious Sphere","player_choice":"Fight","floor":39,"damage_taken":0},{"event_name":"SensoryStone","player_choice":"Memory 1","floor":46,"damage_taken":0}],"boss_relics":[{"not_picked":["Tiny House","Velvet Choker"],"picked":"Black Star"},{"not_picked":["Orrery","Black Blood"],"picked":"Mark of Pain"}],"items_purged_floors":[2,38],"potions_floor_spawned":[3,5,7,16,18,20,22,25,30,35,37,40,48],"seed_played":"7372459079341005134","killed_by":"Awakened One","ascension_level":0,"potions_obtained":[{"floor":3,"key":"Explosive Potion"},{"floor":5,"key":"Dexterity Potion"},{"floor":7,"key":"Energy Potion"},{"floor":12,"key":"BloodPotion"},{"floor":16,"key":"Regen Potion"},{"floor":18,"key":"EssenceOfSteel"},{"floor":22,"key":"Energy Potion"},{"floor":25,"key":"Explosive Potion"},{"floor":30,"key":"Poison Potion"},{"floor":35,"key":"Block Potion"},{"floor":40,"key":"FearPotion"},{"floor":48,"key":"SpeedPotion"}],"is_trial":false}