{"gold_per_floor":[119,119,132,132,20,20,45,45,99,99,132,163,176,189,189,308,308,328,15,15,15,0,0,19,19,45,45,45,45,19,19,19,140,140,158,87,87,100,120,120,161,175,175,175,175,206,206,225,225,225],"floor_reached":50,"playtime":6583,"items_purged":["Injury"],"score":741,"play_id":"f409c6c6-8be6-4ad4-be13-e0eb820c0124","local_time":"20190203141626","is_ascension_mode":true,"campfire_choices":[{"data":"Caltrops","floor":6.0,"key":"SMITH"},{"data":"Bane","floor":8.0,"key":"SMITH"},{"data":"Neutralize","floor":10.0,"key":"SMITH"},{"data":"Skewer","floor":15.0,"key":"SMITH"},{"data":"Bite","floor":23,"key":"SMITH"},{"data":"Footwork","floor":25,"key":"SMITH"},{"data":"Phantasmal Killer","floor":27,"key":"SMITH"},{"data":"Catalyst","floor":32,"key":"SMITH"},{"floor":40,"key":"REST"},{"floor":45,"key":"REST"},{"floor":47,"key":"REST"},{"floor":49,"key":"REST"}],"neow_cost":"NONE","seed_source_timestamp":0,"circlet_count":0,"master_deck":["Defend_G","Defend_G","Defend_G","Defend_G","Survivor","Neutralize+1","Crippling Poison+1","Bane+1","Caltrops+1","Footwork+1","Skewer+1","Catalyst+1","Phantasmal Killer+1","Deflect","Escape Plan","Terror","Bite+1","Bite","Bite","Bite","Bite","Writhe","Deflect","Deadly Poison","Corpse Explosion","Dodge and Roll+1","Well Laid Plans","Madness","Madness","Cloak And Dagger+1","Deadly Poison+1","Prepared+1"],"special_seed":0,"relics":["Ring of the Serpent","Golden Idol","Happy Flower","Incense Burner","Odd Mushroom","MealTicket","Sundial","Juzu Bracelet","Fusion Hammer","Dream Catcher","Ninja Scroll","The Specimen","Lantern"],"potions_floor_usage":[33,41,46,46,50],"damage_taken":[{"damage":1.0,"enemies":"Small Slimes","floor":1.0,"turns":4.0},{"damage":1.0,"enemies":"Jaw Worm","floor":3.0,"turns":4.0},{"damage":2.0,"enemies":"2 Louse","floor":7.0,"turns":2.0},{"damage":12.0,"enemies":"Lagavulin","floor":11.0,"turns":6.0},{"damage":1.0,"enemies":"The Mushroom Lair","floor":12.0,"turns":3.0},{"damage":0.0,"enemies":"2 Fungi Beasts","floor":13.0,"turns":2.0},{"damage":1.0,"enemies":"Blue Slaver","floor":14.0,"turns":2.0},{"damage":18.0,"enemies":"Slime Boss","floor":16.0,"turns":9.0},{"damage":9.0,"enemies":"3 Byrds","floor":18.0,"turns":4.0},{"damage":28,"enemies":"2 Thieves","floor":22,"turns":5},{"damage":26,"enemies":"Snake Plant","floor":24,"turns":4},{"damage":51,"enemies":"Collector","floor":33,"turns":9},{"damage":7,"enemies":"3 Shapes","floor":35,"turns":4},{"damage":16,"enemies":"3 Darklings","floor":38,"turns":4},{"damage":18,"enemies":"Jaw Worm Horde","floor":39,"turns":3},{"damage":43,"enemies":"Nemesis","floor":41,"turns":7},{"damage":5,"enemies":"4 Shapes","floor":42,"turns":4},{"damage":14,"enemies":"Reptomancer","floor":46,"turns":8},{"damage":17,"enemies":"Spire Growth","floor":48,"turns":4},{"damage":71,"enemies":"Awakened One","floor":50,"turns":7}],"seed_played":"3975996442204181597","potions_obtained":[{"floor":1.0,"key":"Fire Potion"},{"floor":13.0,"key":"PowerPotion"},{"floor":14.0,"key":"GamblersBrew"},{"floor":33,"key":"GamblersBrew"},{"floor":35,"key":"Energy Potion"},{"floor":39,"key":"Strength Potion"},{"floor":41,"key":"Energy Potion"}],"is_trial":false,"path_per_floor":["M","?","M","?","$","R","M","R","T","R","E","?","M","M","R","B",null,"M","$","?","?","M","R","M","R","T","R","$","?","$","$","R","B",null,"M","$","?","M","M","R","E","M","T","T","R","E","R","M","R","B"],"character_chosen":"THE_SILENT","items_purchased":["Caltrops","MealTicket","Escape Plan","Terror","Deadly Poison","Well Laid Plans"],"campfire_rested":4,"item_purchase_floors":[5,19,19,19,30,36],"current_hp_per_floor":[62,62,61,61,61,61,59,59,59,59,47,46,46,45,45,27,59,50,50,49,49,33,33,18,18,18,18,33,33,33,48,48,13,40,40,49,43,33,19,33,7,8,8,8,22,26,40,32,46,0],"gold":225,"neow_bonus":"TRANSFORM_CARD","is_prod":false,"is_daily":false,"chose_seed":false,"campfire_upgraded":8,"win_rate":0,"timestamp":1549228586,"path_taken":["M","?","M","?","$","R","M","R","T","R","E","?","M","M","R","BOSS","M","$","?","?","M","R","M","R","T","R","$","?","?","$","R","BOSS","M","$","?","M","M","R","E","M","T","?","R","E","R","M","R","BOSS"],"build_version":"2019-01-23","purchased_purges":1,"victory":false,"max_hp_per_floor":[70,70,70,70,70,70,70,70,70,70,70,70,70,70,70,70,70,70,70,49,49,49,49,49,49,49,49,49,49,49,49,49,49,49,49,49,49,49,49,49,49,49,49,49,49,49,49,49,49,49],"card_choices":[{"not_picked":["Acrobatics","Reflex","Distraction"],"picked":"SKIP","floor":1.0},{"not_picked":["Masterful Stab","Setup"],"picked":"Bane","floor":3.0},{"not_picked":["Prepared","Blade Dance","Bane"],"picked":"SKIP","floor":7.0},{"not_picked":["Finisher","Deadly Poison"],"picked":"Footwork","floor":11.0},{"not_picked":["Footwork","Crippling Poison"],"picked":"Skewer","floor":13.0},{"not_picked":["Flying Knee","Sucker Punch"],"picked":"Catalyst","floor":14.0},{"not_picked":["Bullet Time","Storm of Steel"],"picked":"Phantasmal Killer","floor":16.0},{"not_picked":["Finisher","Flying Knee"],"picked":"Deflect","floor":18.0},{"not_picked":["Accuracy","Infinite Blades","Endless Agony"],"picked":"SKIP","floor":22},{"not_picked":["Tactician+1","Outmaneuver"],"picked":"Deflect","floor":24},{"not_picked":["After Image","Storm of Steel"],"picked":"Corpse Explosion","floor":33},{"not_picked":["Cloak And Dagger+1","Blade Dance"],"picked":"Dodge and Roll+1","floor":35},{"not_picked":["Eviscerate","Quick Slash+1"],"picked":"Cloak And Dagger+1","floor":38},{"not_picked":["Dodge and Roll","Dagger Throw"],"picked":"Deadly Poison+1","floor":39},{"not_picked":["Outmaneuver","Deadly Poison","Slice"],"picked":"SKIP","floor":41},{"not_picked":["Concentrate","Dash"],"picked":"Prepared+1","floor":42},{"not_picked":["Sucker Punch","Concentrate","Dodge and Roll+1"],"picked":"SKIP","floor":46},{"not_picked":["Bane+1","Poisoned Stab+1","PiercingWail"],"picked":"SKIP","floor":48}],"player_experience":857578,"relics_obtained":[{"floor":9.0,"key":"Happy Flower"},{"floor":11.0,"key":"Incense Burner"},{"floor":12.0,"key":"Odd Mushroom"},{"floor":26,"key":"Juzu Bracelet"},{"floor":41,"key":"Dream Catcher"},{"floor":43,"key":"Ninja Scroll"},{"floor":44,"key":"The Specimen"},{"floor":46,"key":"Lantern"}],"event_choices":[{"damage_healed":0.0,"max_hp_gain":0.0,"max_hp_loss":0.0,"gold_gain":0.0,"event_name":"Golden Idol","player_choice":"Take Wound","floor":2.0,"gold_loss":0.0,"damage_taken":0.0,"relics_obtained":["Golden Idol"],"cards_obtained":["Injury"]},{"damage_healed":0.0,"max_hp_gain":0.0,"max_hp_loss":0.0,"gold_gain":0.0,"event_name":"Living Wall","player_choice":"Grow","floor":4.0,"gold_loss":0.0,"damage_taken":0.0,"cards_upgraded":["Crippling Poison"]},{"damage_healed":0.0,"max_hp_gain":0.0,"max_hp_loss":0.0,"gold_gain":0.0,"event_name":"Mushrooms","player_choice":"Fought Mushrooms","floor":12.0,"gold_loss":0.0,"damage_taken":0.0},{"damage_healed":0.0,"max_hp_gain":0.0,"max_hp_loss":21.0,"gold_gain":0.0,"event_name":"Vampires","player_choice":"Became a vampire","floor":20.0,"gold_loss":0.0,"damage_taken":0.0,"cards_obtained":["Bite","Bite","Bite","Bite","Bite"]},{"damage_healed":0.0,"max_hp_gain":0.0,"max_hp_loss":0.0,"gold_gain":0.0,"event_name":"The Mausoleum","player_choice":"Opened","floor":21.0,"gold_loss":0.0,"damage_taken":0.0,"relics_obtained":["Sundial"],"cards_obtained":["Writhe"]},{"damage_healed":0,"gold_gain":0,"player_choice":"Embrace Madness","damage_taken":6,"max_hp_gain":0,"max_hp_loss":0,"event_name":"Winding Halls","floor":37,"gold_loss":0,"cards_obtained":["Madness","Madness"]}],"is_beta":false,"boss_relics":[{"not_picked":["Runic Dome","Pandora\u0027s Box"],"picked":"Ring of the Serpent"},{"not_picked":["Runic Pyramid","White Beast Statue"],"picked":"Fusion Hammer"}],"items_purged_floors":[5],"is_endless":false,"potions_floor_spawned":[1,13,14,33,35,39,41],"killed_by":"Awakened One","ascension_level":9}