{"gold_per_floor":[114,125,125,141,15,15,44,44,44,44,61,87,87,87,87,166,166,181,216,216,216,12,12,43,53,53,64,77,107,107,120,120,196,196,208,308,258,178,198,229,239,252,252,284,294,308,13,24,24,24,24,24,24,59,59],"floor_reached":56,"playtime":2713,"items_purged":["Regret","Strike_R+1"],"score":2465,"play_id":"85940bb3-af83-4a85-9647-1d1953c97018","local_time":"20190210231211","is_ascension_mode":true,"campfire_choices":[{"data":"Flex","floor":6.0,"key":"SMITH"},{"data":"Iron Wave","floor":8.0,"key":"SMITH"},{"data":"Clothesline","floor":10.0,"key":"SMITH"},{"data":"Rampage","floor":15.0,"key":"SMITH"},{"floor":23.0,"key":"REST"},{"data":"Corruption","floor":30.0,"key":"SMITH"},{"data":"Bash","floor":32.0,"key":"SMITH"},{"floor":49,"key":"RECALL"},{"data":"Sentinel","floor":52,"key":"SMITH"}],"neow_cost":"NONE","seed_source_timestamp":85803631277245,"circlet_count":0,"master_deck":["AscendersBane","Strike_R+1","Strike_R+1","Strike_R+1","Strike_R+1","Defend_R+1","Defend_R+1","Defend_R+1","Defend_R+1","Bash+1","Twin Strike","Shrug It Off","Iron Wave+1","Flex+1","Clothesline+1","Rampage+1","Limit Break","Corruption+1","Ghostly Armor","Shrug It Off","Offering","Havoc","Secret Technique","True Grit+1","Warcry+1","Entrench","Impervious","Offering","Intimidate","Trip","Good Instincts","Panacea","Inflame","Havoc","Sentinel+1","Flex","Seeing Red","Sentinel+1","Shrug It Off","True Grit+1","Infernal Blade"],"special_seed":0,"relics":["Burning Blood","Thread and Needle","Paper Frog","Dead Branch","Bag of Preparation","Torii","Orrery","Red Mask","Nilry\u0027s Codex","Letter Opener","Matryoshka","Bottled Tornado","Sozu","Champion Belt","Nunchaku","Bag of Marbles","Lantern","Centennial Puzzle","WingedGreaves"],"potions_floor_usage":[55,55],"damage_taken":[{"damage":3.0,"enemies":"2 Louse","floor":1.0,"turns":4.0},{"damage":13.0,"enemies":"Jaw Worm","floor":2.0,"turns":4.0},{"damage":10.0,"enemies":"Small Slimes","floor":4.0,"turns":4.0},{"damage":33.0,"enemies":"Lagavulin","floor":7.0,"turns":6.0},{"damage":3.0,"enemies":"Looter","floor":11.0,"turns":3.0},{"damage":0.0,"enemies":"3 Sentries","floor":12.0,"turns":6.0},{"damage":11.0,"enemies":"Hexaghost","floor":16.0,"turns":10.0},{"damage":0.0,"enemies":"2 Thieves","floor":18.0,"turns":3.0},{"damage":37.0,"enemies":"Masked Bandits","floor":19.0,"turns":6.0},{"damage":6.0,"enemies":"Slavers","floor":24.0,"turns":3.0},{"damage":0.0,"enemies":"Shell Parasite","floor":25.0,"turns":5.0},{"damage":17.0,"enemies":"Cultist and Chosen","floor":27.0,"turns":6.0},{"damage":0.0,"enemies":"Sentry and Sphere","floor":28.0,"turns":3.0},{"damage":6.0,"enemies":"Gremlin Leader","floor":29.0,"turns":7.0},{"damage":0.0,"enemies":"Centurion and Healer","floor":31.0,"turns":1.0},{"damage":8.0,"enemies":"Champ","floor":33.0,"turns":6.0},{"damage":0.0,"enemies":"Orb Walker","floor":35.0,"turns":2.0},{"damage":0.0,"enemies":"Mind Bloom Boss Battle","floor":36.0,"turns":3.0},{"damage":0,"enemies":"3 Darklings","floor":39,"turns":2},{"damage":6,"enemies":"Giant Head","floor":40,"turns":4},{"damage":0,"enemies":"Sphere and 2 Shapes","floor":41,"turns":3},{"damage":3,"enemies":"Writhing Mass","floor":42,"turns":2},{"damage":6,"enemies":"Reptomancer","floor":44,"turns":3},{"damage":15,"enemies":"Transient","floor":45,"turns":4},{"damage":6,"enemies":"Maw","floor":46,"turns":4},{"damage":0,"enemies":"4 Shapes","floor":48,"turns":1},{"damage":6,"enemies":"Awakened One","floor":50,"turns":3},{"damage":0,"enemies":"Shield and Spear","floor":54,"turns":2},{"damage":7,"enemies":"The Heart","floor":55,"turns":5}],"seed_played":"-7000392420469006195","potions_obtained":[{"floor":1.0,"key":"Explosive Potion"},{"floor":11.0,"key":"GamblersBrew"},{"floor":19.0,"key":"Swift Potion"},{"floor":28.0,"key":"Dexterity Potion"},{"floor":33.0,"key":"SpeedPotion"}],"is_trial":false,"path_per_floor":["M","M","?","M","$","R","E","R","T","R","M","E","?","?","R","B",null,"M","?","?","?","$","R","E","M","T","M","M","E","R","M","R","B",null,"M","?","?","?","$","M","E","M","M","T","E","M","M","$","M","R","B",null,"R","$","E","B",null],"character_chosen":"IRONCLAD","items_purchased":["Flex","Havoc","Secret Technique","Inflame","Centennial Puzzle","Shrug It Off"],"campfire_rested":1,"item_purchase_floors":[5,22,22,38,47,47],"current_hp_per_floor":[78,71,71,67,67,67,40,40,40,40,43,49,49,24,24,19,66,72,41,20,20,20,44,44,50,50,39,45,45,45,51,51,49,74,80,72,72,72,78,78,82,82,82,82,73,73,73,79,79,79,81,81,81,82,81],"gold":59,"neow_bonus":"TEN_PERCENT_HP_BONUS","is_prod":false,"is_daily":false,"chose_seed":false,"campfire_upgraded":7,"win_rate":0,"timestamp":1549851131,"path_taken":["M","M","?","M","$","R","E","R","T","R","M","E","?","?","R","BOSS","M","?","?","?","?","R","E","M","T","M","M","E","R","M","R","BOSS","M","?","?","$","M","E","?","?","T","E","M","M","$","M","R","BOSS","R","$","E","BOSS"],"build_version":"2018-11-15","purchased_purges":2,"victory":true,"max_hp_per_floor":[82,82,82,82,82,82,82,82,82,82,82,82,82,82,82,82,82,82,82,82,82,82,82,82,82,82,82,82,82,82,82,82,82,82,82,82,82,82,82,82,82,82,82,82,82,82,82,82,82,82,82,82,82,82,82],"card_choices":[{"not_picked":["Second Wind","Clothesline"],"picked":"Twin Strike","floor":1.0},{"not_picked":["True Grit","Entrench"],"picked":"Shrug It Off","floor":2.0},{"not_picked":["Warcry","Second Wind"],"picked":"Iron Wave","floor":4.0},{"not_picked":["Heavy Blade","Entrench","Clothesline"],"picked":"SKIP","floor":7.0},{"not_picked":["Heavy Blade","Entrench"],"picked":"Clothesline","floor":7.0},{"not_picked":["Wild Strike","Sword Boomerang","Dual Wield"],"picked":"SKIP","floor":11.0},{"not_picked":["Heavy Blade","Thunderclap"],"picked":"Rampage","floor":12.0},{"not_picked":["Berserk","Reaper"],"picked":"Limit Break","floor":16.0},{"not_picked":["Pommel Strike","Iron Wave"],"picked":"Corruption","floor":17.0},{"not_picked":["Thunderclap","Reckless Charge"],"picked":"Ghostly Armor","floor":17.0},{"not_picked":["Clothesline","Iron Wave"],"picked":"Shrug It Off","floor":17.0},{"not_picked":["Pommel Strike+1","Thunderclap"],"picked":"Offering","floor":18.0},{"not_picked":["Armaments","Sword Boomerang"],"picked":"True Grit","floor":24.0},{"not_picked":["Headbutt","Heavy Blade","Sword Boomerang"],"picked":"SKIP","floor":25.0},{"not_picked":["Cleave","Power Through"],"picked":"Warcry+1","floor":27.0},{"not_picked":["Blood for Blood","Evolve","Perfected Strike"],"picked":"SKIP","floor":28.0},{"not_picked":["Inflame+1","Warcry"],"picked":"Entrench","floor":29.0},{"not_picked":["Perfected Strike","Clash+1"],"picked":"Impervious","floor":31.0},{"not_picked":["Bludgeon","Berserk"],"picked":"Offering","floor":33.0},{"not_picked":["Heavy Blade","Twin Strike"],"picked":"Intimidate","floor":35.0},{"not_picked":["Violence","Jack Of All Trades"],"picked":"Trip","floor":36.0},{"not_picked":["Blind","Discovery"],"picked":"Good Instincts","floor":36.0},{"not_picked":["Chrysalis","Purity"],"picked":"Panacea","floor":36.0},{"not_picked":["Carnage+1","Thunderclap"],"picked":"Havoc","floor":39},{"not_picked":["Heavy Blade+1","Clash","Perfected Strike"],"picked":"SKIP","floor":40},{"not_picked":["Pommel Strike","Sword Boomerang"],"picked":"Sentinel","floor":41},{"not_picked":["Reckless Charge","Rampage"],"picked":"Flex","floor":42},{"not_picked":["Burning Pact+1","Shrug It Off+1"],"picked":"Seeing Red","floor":44},{"not_picked":["Iron Wave","Twin Strike","Headbutt"],"picked":"SKIP","floor":45},{"not_picked":["Headbutt+1","Wild Strike+1"],"picked":"Sentinel+1","floor":46},{"not_picked":["Whirlwind+1","Power Through"],"picked":"True Grit+1","floor":48},{"not_picked":["Cleave","Perfected Strike"],"picked":"Infernal Blade","floor":54}],"player_experience":132230,"relics_obtained":[{"floor":7.0,"key":"Paper Frog"},{"floor":9.0,"key":"Dead Branch"},{"floor":12.0,"key":"Bag of Preparation"},{"floor":19.0,"key":"Red Mask"},{"floor":20.0,"key":"Nilry\u0027s Codex"},{"floor":24.0,"key":"Letter Opener"},{"floor":26.0,"key":"Matryoshka"},{"floor":29.0,"key":"Bottled Tornado"},{"floor":36.0,"key":"Champion Belt"},{"floor":40,"key":"Nunchaku"},{"floor":43,"key":"Bag of Marbles"},{"floor":44,"key":"Lantern"},{"floor":54,"key":"WingedGreaves"}],"event_choices":[{"damage_healed":0.0,"max_hp_gain":0.0,"max_hp_loss":0.0,"gold_gain":0.0,"event_name":"Big Fish","player_choice":"Box","floor":3.0,"gold_loss":0.0,"damage_taken":0.0,"relics_obtained":["Thread and Needle"],"cards_obtained":["Regret"]},{"damage_healed":0.0,"max_hp_gain":0.0,"max_hp_loss":0.0,"gold_gain":0.0,"event_name":"Dead Adventurer","player_choice":"Searched \u00271\u0027 times","floor":13.0,"gold_loss":0.0,"damage_taken":0.0,"relics_obtained":["Torii"]},{"damage_healed":0.0,"max_hp_gain":0.0,"max_hp_loss":0.0,"gold_gain":0.0,"event_name":"Shining Light","player_choice":"Entered Light","floor":14.0,"gold_loss":0.0,"damage_taken":25.0,"cards_upgraded":["Defend_R","Strike_R"]},{"damage_healed":0.0,"max_hp_gain":0.0,"max_hp_loss":0.0,"gold_gain":0.0,"event_name":"Masked Bandits","player_choice":"Fought Bandits","floor":19.0,"gold_loss":0.0,"damage_taken":0.0},{"damage_healed":0.0,"max_hp_gain":0.0,"max_hp_loss":0.0,"gold_gain":0.0,"event_name":"Cursed Tome","player_choice":"Obtained Book","floor":20.0,"gold_loss":0.0,"damage_taken":21.0},{"damage_healed":0.0,"max_hp_gain":0.0,"max_hp_loss":0.0,"gold_gain":0.0,"event_name":"Back to Basics","player_choice":"Simplicity","floor":21.0,"gold_loss":0.0,"damage_taken":0.0,"cards_upgraded":["Strike_R","Strike_R","Strike_R","Strike_R","Defend_R","Defend_R","Defend_R"]},{"damage_healed":0.0,"max_hp_gain":0.0,"max_hp_loss":0.0,"gold_gain":0.0,"event_name":"MindBloom","player_choice":"Fight","floor":36.0,"gold_loss":0.0,"damage_taken":0.0},{"damage_healed":0.0,"max_hp_gain":0.0,"max_hp_loss":0.0,"gold_gain":0.0,"event_name":"SensoryStone","player_choice":"Memory 3","floor":36.0,"gold_loss":0.0,"damage_taken":10.0},{"damage_healed":0.0,"max_hp_gain":0.0,"max_hp_loss":0.0,"gold_gain":0.0,"event_name":"Designer","player_choice":"Upgrade","floor":37.0,"gold_loss":50.0,"damage_taken":0.0,"cards_upgraded":["True Grit"]}],"is_beta":false,"boss_relics":[{"not_picked":["Ectoplasm","Empty Cage"],"picked":"Orrery"},{"not_picked":["White Beast Statue","Astrolabe"],"picked":"Sozu"}],"items_purged_floors":[5,47],"is_endless":false,"potions_floor_spawned":[1,11,19,28,31,33,35,36,40,45,48,54],"ascension_level":15}