{"gold_per_floor":[119,119,119,130,146,146,20,33,112,37,64,74,92,111,111,215,215,231,231,251,269,287,287,287,287,310,310,210,230,230,230,230,230],"floor_reached":33,"playtime":1957,"items_purged":["Strike_R","Strike_R"],"score":289,"play_id":"3e71b65a-d080-414e-9119-7576709cadfe","local_time":"20190913234208","is_ascension_mode":false,"campfire_choices":[{"data":"Bash","floor":6,"key":"SMITH"},{"data":"Jack Of All Trades","floor":15,"key":"SMITH"},{"floor":23,"key":"REST"},{"floor":25,"key":"REST"},{"data":"Limit Break","floor":27,"key":"SMITH"},{"floor":30,"key":"REST"},{"data":"Searing Blow","floor":32,"key":"SMITH"}],"neow_cost":"NONE","seed_source_timestamp":2401322115360900,"circlet_count":0,"master_deck":["Strike_R","Strike_R","Defend_R","Defend_R","Defend_R","Defend_R","Bash+1","Spot Weakness","Jack Of All Trades+1","Searing Blow+1","Feed","Limit Break+1","Ghostly Armor"],"relics":["Burning Blood"],"potions_floor_usage":[13,13,20,20,29,33],"damage_taken":[{"damage":5,"enemies":"2 Louse","floor":1,"turns":3},{"damage":5,"enemies":"Jaw Worm","floor":4,"turns":6},{"damage":2,"enemies":"Cultist","floor":5,"turns":5},{"damage":6,"enemies":"2 Fungi Beasts","floor":8,"turns":3},{"damage":11,"enemies":"Blue Slaver","floor":12,"turns":8},{"damage":6,"enemies":"Large Slime","floor":13,"turns":7},{"damage":34,"enemies":"3 Louse","floor":14,"turns":5},{"damage":36,"enemies":"The Guardian","floor":16,"turns":15},{"damage":10,"enemies":"Chosen","floor":18,"turns":4},{"damage":76,"enemies":"Spheric Guardian","floor":20,"turns":12},{"damage":41,"enemies":"Shelled Parasite and Fungi","floor":21,"turns":8},{"damage":29,"enemies":"Snecko","floor":22,"turns":6},{"damage":40,"enemies":"Snake Plant","floor":29,"turns":7},{"damage":101,"enemies":"Collector","floor":33,"turns":8}],"seed_played":"2344504847704702372","potions_obtained":[{"floor":1,"key":"FearPotion"},{"floor":4,"key":"Strength Potion"},{"floor":16,"key":"Regen Potion"},{"floor":18,"key":"BloodPotion"},{"floor":22,"key":"Fire Potion"},{"floor":29,"key":"Regen Potion"}],"is_trial":false,"path_per_floor":["M","?","?","M","M","R","$","M","T","$","T","M","M","M","R","B",null,"M","?","M","M","M","R","?","R","T","R","$","M","R","?","R","B"],"character_chosen":"IRONCLAD","items_purchased":["Jack Of All Trades","Searing Blow"],"campfire_rested":3,"item_purchase_floors":[7,7],"current_hp_per_floor":[88,81,86,87,91,91,91,91,91,91,91,86,89,64,64,34,99,95,95,67,36,16,48,48,80,80,80,80,49,82,82,82,0],"gold":230,"neow_bonus":"TEN_PERCENT_HP_BONUS","is_prod":false,"is_daily":false,"chose_seed":false,"campfire_upgraded":4,"win_rate":0,"timestamp":1568432528,"path_taken":["M","?","?","M","M","R","$","M","T","$","?","M","M","M","R","BOSS","M","?","M","M","M","R","?","R","T","R","?","M","R","?","R","BOSS"],"build_version":"2019-07-17","purchased_purges":2,"victory":false,"max_hp_per_floor":[88,88,93,93,93,93,93,93,93,93,93,93,96,99,99,99,99,99,99,102,106,109,109,109,109,109,109,109,112,112,112,112,112],"card_choices":[{"not_picked":["Armaments","Wild Strike","Cleave"],"picked":"SKIP","floor":1},{"not_picked":["Sword Boomerang","Armaments"],"picked":"Spot Weakness","floor":4},{"not_picked":["Rupture","Clothesline","Shrug It Off"],"picked":"SKIP","floor":5},{"not_picked":["Flex","Perfected Strike","Pommel Strike"],"picked":"SKIP","floor":8},{"not_picked":["Headbutt","Heavy Blade"],"picked":"Feed","floor":12},{"not_picked":["Heavy Blade","Twin Strike","Clothesline"],"picked":"SKIP","floor":13},{"not_picked":["Disarm","Clothesline","Rampage"],"picked":"SKIP","floor":14},{"not_picked":["Reaper","Immolate"],"picked":"Limit Break","floor":16},{"not_picked":["Pummel","Cleave","Sword Boomerang"],"picked":"SKIP","floor":18},{"not_picked":["Iron Wave+1","Sword Boomerang","Twin Strike"],"picked":"SKIP","floor":20},{"not_picked":["Wild Strike+1","Uppercut","Anger"],"picked":"SKIP","floor":21},{"not_picked":["Headbutt","Evolve","Bloodletting+1"],"picked":"SKIP","floor":22},{"not_picked":["Sentinel","Immolate","Rampage+1"],"picked":"SKIP","floor":29}],"player_experience":420404,"relics_obtained":[],"event_choices":[{"cards_removed":["Strike_R"],"damage_healed":0,"gold_gain":0,"player_choice":"Card Removal","damage_taken":7,"max_hp_gain":0,"max_hp_loss":0,"event_name":"Golden Wing","floor":2,"gold_loss":0},{"damage_healed":0,"gold_gain":0,"player_choice":"Donut","damage_taken":0,"max_hp_gain":5,"max_hp_loss":0,"event_name":"Big Fish","floor":3,"gold_loss":0},{"damage_healed":0,"gold_gain":0,"player_choice":"Read","damage_taken":0,"max_hp_gain":0,"max_hp_loss":0,"event_name":"The Library","floor":19,"gold_loss":0,"cards_obtained":["Ghostly Armor"]},{"damage_healed":0,"gold_gain":0,"player_choice":"Ignored","damage_taken":0,"max_hp_gain":0,"max_hp_loss":0,"event_name":"Cursed Tome","floor":24,"gold_loss":0}],"is_beta":false,"boss_relics":[{"not_picked":["Eternal Feather","Ectoplasm","Philosopher\u0027s Stone"]}],"items_purged_floors":[10,28],"is_endless":false,"potions_floor_spawned":[1,4,16,18,22,29],"killed_by":"Collector","ascension_level":0}