{"path_per_floor":["M","?","$","M","M","R","?","R","T","M","M","R","?","E","R","B",null,"M","M","?","M","$","?"],"character_chosen":"THE_SILENT","items_purchased":[],"gold_per_floor":[118,118,43,63,77,77,27,27,27,47,57,57,57,92,92,192,192,205,224,224,244,144,144,144],"floor_reached":24,"campfire_rested":2,"playtime":867,"current_hp_per_floor":[70,70,70,70,59,59,59,59,59,57,40,61,66,60,75,6,75,63,63,49,31,31,31,0],"items_purged":["Strike_G","Strike_G"],"gold":144,"score":196,"play_id":"6c6843b4-acb0-4c8e-8e44-dafad0f53ec8","local_time":"20180403175216","is_prod":false,"is_daily":false,"is_ascension_mode":false,"campfire_upgraded":2,"timestamp":1522792336,"path_taken":["M","?","$","M","?","R","?","R","T","M","M","R","?","E","R","BOSS","M","M","?","M","$","?","E"],"build_version":"2018-03-29v2","purchased_purges":2,"victory":false,"master_deck":["Defend_G","Defend_G","Defend_G","Defend_G","Defend_G","Strike_G","Strike_G","Survivor","Neutralize","Die Die Die+1","Dagger Spray+1","Underhanded Strike+1","Underhanded Strike","Envenom","Dagger Throw+1","Acrobatics+1","Bouncing Flask+1"],"max_hp_per_floor":[70,70,70,70,70,70,70,70,70,70,70,70,75,75,75,75,75,75,75,80,80,80,80,80],"relics":["Snecko Eye","Pen Nib","Ornamental Fan","Sozu"],"card_choices":[{"not_picked":["Bane","Masterful Stab"],"picked":"Die Die Die","floor":1},{"not_picked":["Slice","Quick Slash"],"picked":"Dagger Spray","floor":4},{"not_picked":["Skewer","Dodge and Roll"],"picked":"Underhanded Strike","floor":5},{"not_picked":["Well Laid Plans","Infinite Blades"],"picked":"Underhanded Strike","floor":14},{"not_picked":["Grand Finale","Burst"],"picked":"Envenom","floor":16},{"not_picked":["Deflect","Sucker Punch"],"picked":"Dagger Throw","floor":18},{"not_picked":["Distraction","Poisoned Stab"],"picked":"Acrobatics","floor":19},{"not_picked":["Dodge and Roll","PiercingWail"],"picked":"Bouncing Flask","floor":21}],"player_experience":301866,"potions_floor_usage":[],"damage_taken":[{"damage":0,"enemies":"2 Louse","floor":1,"turns":2},{"damage":0,"enemies":"Cultist","floor":4,"turns":3},{"damage":11,"enemies":"Jaw Worm","floor":5,"turns":6},{"damage":2,"enemies":"Looter","floor":10,"turns":3},{"damage":17,"enemies":"Gremlin Gang","floor":11,"turns":3},{"damage":6,"enemies":"3 Sentries","floor":14,"turns":3},{"damage":69,"enemies":"Slime Boss","floor":16,"turns":13},{"damage":12,"enemies":"Chosen","floor":18,"turns":5},{"damage":0,"enemies":"3 Byrds","floor":19,"turns":3},{"damage":18,"enemies":"Slaver and Parasite","floor":21,"turns":6},{"damage":34,"enemies":"Book of Stabbing","floor":24,"turns":4}],"event_choices":[{"event_name":"Accursed Blacksmith","player_choice":"Forge","floor":2,"damage_taken":0},{"event_name":"The Cleric","player_choice":"Card Removal","floor":7,"damage_taken":0},{"event_name":"Big Fish","player_choice":"Donut","floor":13,"damage_taken":0},{"event_name":"Forgotten Altar","player_choice":"Shed Blood","floor":20,"damage_taken":0},{"event_name":"Vampires","player_choice":"Ignored","floor":23,"damage_taken":0}],"boss_relics":[{"not_picked":["Tiny House","Runic Dome"],"picked":"Sozu"}],"potions_floor_spawned":[1,10,19],"seed_played":"4444187505763799842","killed_by":"Book of Stabbing","ascension_level":0,"is_trial":false}