{"gold_per_floor":[113,113,113,213,223,254,273,273,273,292,304,304,322,247,247,345,345,363,377,409,409,427,459,473,473,473,473,473],"floor_reached":28,"playtime":1272,"items_purged":["Defend_R"],"score":240,"play_id":"10b92a08-4a25-47b1-9d1a-f29d224b1958","local_time":"20190916201627","is_ascension_mode":false,"campfire_choices":[{"data":"Perfected Strike","floor":8,"key":"SMITH"},{"data":"Shrug It Off","floor":12,"key":"SMITH"},{"data":"Bash","floor":15,"key":"SMITH"},{"data":"Pommel Strike","floor":25,"key":"SMITH"},{"data":"Shrug It Off","floor":27,"key":"SMITH"}],"neow_cost":"NONE","seed_source_timestamp":56859660123200,"circlet_count":0,"master_deck":["Strike_R","Strike_R","Strike_R","Strike_R","Strike_R","Defend_R","Defend_R","Defend_R","Bash+1","Perfected Strike+1","Shrug It Off+1","Pommel Strike+1","Shrug It Off","Writhe","Shrug It Off+1"],"relics":["Coffee Dripper","Pear","Pantograph","Eternal Feather","Red Mask","Potion Belt","Oddly Smooth Stone","Dodecahedron"],"potions_floor_usage":[16,16,20,23],"damage_taken":[{"damage":0,"enemies":"Cultist","floor":1,"turns":4},{"damage":2,"enemies":"2 Louse","floor":5,"turns":2},{"damage":26,"enemies":"3 Sentries","floor":6,"turns":9},{"damage":3,"enemies":"Jaw Worm","floor":7,"turns":3},{"damage":0,"enemies":"2 Fungi Beasts","floor":10,"turns":3},{"damage":7,"enemies":"Blue Slaver","floor":11,"turns":3},{"damage":0,"enemies":"Looter","floor":13,"turns":3},{"damage":26,"enemies":"The Guardian","floor":16,"turns":8},{"damage":0,"enemies":"Chosen","floor":18,"turns":3},{"damage":4,"enemies":"2 Thieves","floor":19,"turns":4},{"damage":28,"enemies":"Masked Bandits","floor":20,"turns":4},{"damage":15,"enemies":"Snake Plant","floor":22,"turns":4},{"damage":18,"enemies":"Book of Stabbing","floor":23,"turns":5},{"damage":27,"enemies":"Sentry and Sphere","floor":24,"turns":6},{"damage":45,"enemies":"3 Cultists","floor":28,"turns":7}],"seed_played":"-1519319762694668463","potions_obtained":[{"floor":7,"key":"LiquidBronze"},{"floor":11,"key":"FearPotion"},{"floor":16,"key":"Energy Potion"},{"floor":22,"key":"SkillPotion"},{"floor":23,"key":"FairyPotion"}],"is_trial":false,"path_per_floor":["M","?","$","?","M","E","M","R","T","M","M","R","M","$","R","B",null,"M","M","?","?","M","E","M","R","T","R","M"],"character_chosen":"IRONCLAD","items_purchased":[],"campfire_rested":0,"item_purchase_floors":[],"current_hp_per_floor":[80,80,80,80,78,62,59,59,59,59,52,52,52,52,52,51,90,90,86,58,58,43,25,9,18,18,27,0],"gold":473,"neow_bonus":"BOSS_RELIC","is_prod":false,"is_daily":false,"chose_seed":false,"campfire_upgraded":5,"win_rate":0,"timestamp":1568679387,"path_taken":["M","?","$","?","M","E","M","R","T","M","?","R","M","$","R","BOSS","M","M","?","?","M","E","M","R","T","R","M"],"build_version":"2019-07-17","purchased_purges":1,"victory":false,"max_hp_per_floor":[80,80,80,80,80,90,90,90,90,90,90,90,90,90,90,90,90,90,90,90,90,90,90,90,90,90,90,90],"card_choices":[{"not_picked":["Sword Boomerang","Wild Strike"],"picked":"Perfected Strike","floor":1},{"not_picked":["Exhume","Clothesline"],"picked":"Shrug It Off","floor":5},{"not_picked":["Havoc","Metallicize","Reaper"],"picked":"SKIP","floor":6},{"not_picked":["Disarm","Body Slam","Anger"],"picked":"SKIP","floor":7},{"not_picked":["Cleave","Disarm","Headbutt"],"picked":"SKIP","floor":10},{"not_picked":["Clothesline","Ghostly Armor","Iron Wave"],"picked":"SKIP","floor":11},{"not_picked":["Sword Boomerang","Impervious","Flex"],"picked":"SKIP","floor":13},{"not_picked":["Heavy Blade","Twin Strike"],"picked":"Pommel Strike","floor":18},{"not_picked":["Thunderclap","Spot Weakness"],"picked":"Shrug It Off","floor":19},{"not_picked":["Heavy Blade+1","Body Slam","Flex+1"],"picked":"SKIP","floor":22},{"not_picked":["Armaments","Bloodletting","Dark Embrace"],"picked":"SKIP","floor":23},{"not_picked":["Heavy Blade","True Grit+1"],"picked":"Shrug It Off","floor":24}],"player_experience":537502,"relics_obtained":[{"floor":6,"key":"Pear"},{"floor":9,"key":"Pantograph"},{"floor":20,"key":"Red Mask"},{"floor":23,"key":"Oddly Smooth Stone"},{"floor":26,"key":"Dodecahedron"}],"event_choices":[{"damage_healed":0,"gold_gain":0,"player_choice":"Ignored","damage_taken":0,"max_hp_gain":0,"max_hp_loss":0,"event_name":"Liars Game","floor":2,"gold_loss":0},{"damage_healed":0,"gold_gain":100,"player_choice":"Gold","damage_taken":0,"max_hp_gain":0,"max_hp_loss":0,"event_name":"Wheel of Change","floor":4,"gold_loss":0},{"damage_healed":0,"gold_gain":0,"player_choice":"Fought Bandits","damage_taken":0,"max_hp_gain":0,"max_hp_loss":0,"event_name":"Masked Bandits","floor":20,"gold_loss":0},{"damage_healed":0,"gold_gain":0,"player_choice":"Opened","damage_taken":0,"relics_obtained":["Potion Belt"],"max_hp_gain":0,"max_hp_loss":0,"event_name":"The Mausoleum","floor":21,"gold_loss":0,"cards_obtained":["Writhe"]}],"is_beta":false,"boss_relics":[{"not_picked":["Runic Dome","Sozu"],"picked":"Eternal Feather"}],"items_purged_floors":[14],"is_endless":false,"potions_floor_spawned":[7,11,16,22,23],"killed_by":"3 Cultists","ascension_level":0}