{"path_per_floor":["M","M","M","M","M","R","M","E","T","?","R","?","R","E","R","B",null,"M","M","?","$","?","E","R","M","T","E","R","M","?","?","R","B",null,"M","?","M","?","?","R","$","R","T","M","M","E","M","E","R"],"character_chosen":"THE_SILENT","items_purchased":["Thinking Ahead","Noxious Fumes","Deadly Poison","Eviscerate","Secret Technique","Deflect","Strength Potion"],"gold_per_floor":[111,122,141,156,173,173,191,222,290,290,290,290,290,319,319,423,423,439,449,449,11,11,37,37,54,77,103,103,114,214,139,139,239,239,255,255,274,274,274,274,5,5,5,23,42,76,95,122,122,122],"floor_reached":50,"campfire_rested":5,"playtime":7800,"current_hp_per_floor":[69,66,62,45,38,38,33,5,5,28,28,21,42,30,51,31,70,63,51,51,51,70,50,50,45,45,37,37,33,33,33,54,19,70,43,43,36,36,36,36,36,57,57,42,41,21,21,7,31,0],"items_purged":["Defend_G"],"gold":122,"score":685,"play_id":"b8cb96cd-0ca7-4d9d-9fc7-bff3c2137ab9","local_time":"20180414011124","is_prod":false,"is_daily":false,"chose_seed":false,"is_ascension_mode":true,"campfire_upgraded":5,"timestamp":1523693484,"path_taken":["M","?","M","M","M","R","M","E","T","?","R","?","R","E","R","BOSS","M","M","?","$","?","E","R","M","T","E","R","M","?","?","R","BOSS","M","?","M","?","?","R","$","R","T","M","?","E","M","E","R","BOSS"],"build_version":"2018-04-12","seed_source_timestamp":885671710578989,"purchased_purges":1,"victory":false,"master_deck":["Defend_G","Defend_G","Strike_G+1","Strike_G+1","Strike_G","Strike_G","Strike_G","Survivor","Neutralize+1","Expertise","Escape Plan","Acrobatics","Backflip","Infinite Blades","Storm of Steel+1","Flying Knee","After Image+1","Tactician","Prepared","Flying Knee","Calculated Gamble","Reflex","Acrobatics","Well Laid Plans+1","After Image+1","Thinking Ahead+1","Noxious Fumes","Eviscerate","Infinite Blades","Cloak And Dagger+1","Slice+1","Slice+1","Bane","Phantasmal Killer","Predator+1","Backflip","Glass Knife","Underhanded Strike+1","Secret Technique","Deflect","Distraction+1","Concentrate+1","Accuracy","Escape Plan","Backstab+1","Masterful Stab","Underhanded Strike+1"],"max_hp_per_floor":[70,70,70,70,70,70,70,70,70,70,70,70,70,70,70,70,70,70,70,70,70,70,70,70,70,70,70,70,70,70,70,70,70,70,70,70,70,70,70,70,70,70,70,70,70,80,80,80,80,80],"relics":["Ring of the Snake","Whetstone","Centennial Puzzle","Oddly Smooth Stone","Orrery","Vajra","Dream Catcher","Bag of Preparation","Runic Dome","Bottled Tornado","Pear","Omamori"],"card_choices":[{"not_picked":["Deadly Poison","PiercingWail"],"picked":"Expertise","floor":1.0},{"not_picked":["Bane","Acrobatics"],"picked":"Expertise","floor":2.0},{"not_picked":["Leg Sweep","Poisoned Stab"],"picked":"Escape Plan","floor":3.0},{"not_picked":["Underhanded Strike","PiercingWail"],"picked":"Acrobatics","floor":4},{"not_picked":["Finisher","Quick Slash"],"picked":"Backflip","floor":5},{"not_picked":["Flying Knee","Underhanded Strike"],"picked":"Infinite Blades","floor":7},{"not_picked":["Predator","Quick Slash"],"picked":"Storm of Steel","floor":8},{"not_picked":["Deadly Poison","Predator"],"picked":"Flying Knee","floor":14},{"not_picked":["Night Terror","Grand Finale"],"picked":"After Image","floor":16},{"not_picked":["Well Laid Plans","Expertise"],"picked":"Tactician","floor":17},{"not_picked":["Flying Knee","Outmaneuver"],"picked":"Prepared","floor":17},{"not_picked":["Dagger Throw","Dodge and Roll"],"picked":"Flying Knee","floor":17},{"not_picked":["Underhanded Strike","Noxious Fumes"],"picked":"Calculated Gamble","floor":17},{"not_picked":["Underhanded Strike","Skewer"],"picked":"Reflex","floor":17},{"not_picked":["Sucker Punch","Eviscerate"],"picked":"Acrobatics","floor":18},{"not_picked":["Outmaneuver","All Out Attack"],"picked":"Well Laid Plans","floor":19},{"not_picked":["Dagger Throw","Blur"],"picked":"Infinite Blades","floor":23},{"not_picked":["Skewer","Flying Knee"],"picked":"Cloak And Dagger","floor":25},{"not_picked":["Malaise","Bullet Time"],"picked":"Slice","floor":27},{"not_picked":["Prepared","Deadly Poison"],"picked":"Slice","floor":29},{"not_picked":["Dodge and Roll","Deadly Poison"],"picked":"Bane","floor":32},{"not_picked":["Envenom","Bullet Time"],"picked":"Phantasmal Killer","floor":33},{"not_picked":["Sucker Punch","Blade Dance"],"picked":"Predator","floor":35},{"not_picked":["Backflip","Slice"],"picked":"Underhanded Strike","floor":37},{"not_picked":["Dodge and Roll","Dagger Spray"],"picked":"Distraction","floor":42},{"not_picked":["Prepared","Dagger Spray"],"picked":"Concentrate","floor":44},{"not_picked":["PiercingWail","Deadly Poison"],"picked":"Accuracy","floor":45},{"not_picked":["Reflex","Slice"],"picked":"Escape Plan","floor":46},{"not_picked":["Sucker Punch","Slice"],"picked":"Backstab","floor":47},{"not_picked":["Tools of the Trade","Corpse Explosion"],"picked":"Masterful Stab","floor":48},{"not_picked":["Sucker Punch","Quick Slash"],"picked":"Underhanded Strike","floor":49}],"player_experience":262732,"potions_floor_usage":[8,14,16,19,23,25,33,45,50,50,50],"damage_taken":[{"damage":1.0,"enemies":"Cultist","floor":1.0,"turns":5.0},{"damage":3.0,"enemies":"Jaw Worm","floor":2.0,"turns":4.0},{"damage":4.0,"enemies":"Small Slimes","floor":3.0,"turns":5.0},{"damage":17.0,"enemies":"3 Louse","floor":4.0,"turns":6.0},{"damage":7,"enemies":"Blue Slaver","floor":5,"turns":5},{"damage":5,"enemies":"Large Slime","floor":7,"turns":9},{"damage":28,"enemies":"3 Sentries","floor":8,"turns":11},{"damage":12,"enemies":"Gremlin Nob","floor":14,"turns":3},{"damage":20,"enemies":"Hexaghost","floor":16,"turns":9},{"damage":7,"enemies":"Shell Parasite","floor":18,"turns":6},{"damage":12,"enemies":"2 Thieves","floor":19,"turns":5},{"damage":20,"enemies":"Slavers","floor":23,"turns":5},{"damage":5,"enemies":"3 Cultists","floor":25,"turns":5},{"damage":8,"enemies":"Gremlin Leader","floor":27,"turns":7},{"damage":4,"enemies":"Sentry and Sphere","floor":29,"turns":4},{"damage":35,"enemies":"Collector","floor":33,"turns":9},{"damage":27,"enemies":"3 Darklings","floor":35,"turns":5},{"damage":7,"enemies":"3 Shapes","floor":37,"turns":3},{"damage":15,"enemies":"Sphere and 2 Shapes","floor":44,"turns":4},{"damage":1,"enemies":"3 Darklings","floor":45,"turns":4},{"damage":30,"enemies":"2 Orb Walkers","floor":46,"turns":5},{"damage":0,"enemies":"4 Shapes","floor":47,"turns":5},{"damage":14,"enemies":"Nemesis","floor":48,"turns":5},{"damage":53,"enemies":"Awakened One","floor":50,"turns":7}],"event_choices":[{"event_name":"Big Fish","player_choice":"Banana","floor":10,"damage_taken":0},{"event_name":"Golden Wing","player_choice":"Card Removal","floor":12,"damage_taken":0},{"event_name":"Duplicator","player_choice":"One dupe","floor":20,"damage_taken":0},{"event_name":"Bonfire Elementals","player_choice":"UNCOMMON","floor":22,"damage_taken":0},{"event_name":"Golden Shrine","player_choice":"Pray","floor":30,"damage_taken":0},{"event_name":"Beggar","player_choice":"Gave Gold","floor":31,"damage_taken":0},{"event_name":"Match and Keep!","player_choice":"2 cards matched","floor":36,"damage_taken":0},{"event_name":"Tomb of Lord Red Mask","player_choice":"Ignored","floor":38,"damage_taken":0}],"boss_relics":[{"not_picked":["Velvet Choker","Calling Bell"],"picked":"Orrery"},{"not_picked":["Eternal Feather","Pandora\u0027s Box"],"picked":"Runic Dome"}],"potions_floor_spawned":[2,3,7,8,16,19,23,27,33,44,45,46],"seed_played":"-6085858252304462974","killed_by":"Awakened One","ascension_level":4,"is_trial":false}