{"gold_per_floor":[116,116,128,128,142,142,171,171,171,171,171,190,208,34,34,139,139,151,151,164,164,176,176,191,191,217,237,261,131,131,146,146,146],"floor_reached":33,"playtime":916,"items_purged":[],"score":296,"play_id":"f7235d68-3f22-4f12-8ace-c6f48ce7fe3c","local_time":"20190512210426","is_ascension_mode":false,"campfire_choices":[{"data":"BlessedFruit","floor":8,"key":"SMITH"},{"data":"BlessedFruit","floor":11,"key":"SMITH"},{"data":"Metamorphosis","floor":15,"key":"SMITH"},{"data":"strawberrySpire:Insectonator","floor":23,"key":"SMITH"},{"data":"Neutralize","floor":25,"key":"SMITH"},{"data":"After Image","floor":32,"key":"SMITH"}],"neow_cost":"NONE","seed_source_timestamp":271151853826968,"circlet_count":0,"master_deck":["Defend_G","Defend_G","Defend_G","Defend_G","Defend_G","Strike_G","Strike_G","Strike_G","Strike_G","Survivor","Neutralize+1","Swift Strike","Flying Knee","BlessedFruit+1","BlessedFruit+1","strawberrySpire:Insectonator+1","strawberrySpire:Trickbox","Metamorphosis+1","After Image+1","Predator+1","Backflip","Quick Slash","Deadly Poison+1","Specialist","Bane"],"relics":["Sizzling Blood","strawberrySpire:Starfruit","HeavenlyBonsai","aspiration:Lifesprig","conspire:RoyalGoblet","Spirit Poop","ReplayTheSpireMod:TigerMarble","SpikesRelics:DaevaFist"],"potions_floor_usage":[33],"damage_taken":[{"damage":0,"enemies":"Small Slimes","floor":1,"turns":3},{"damage":0,"enemies":"Jaw Worm","floor":3,"turns":4},{"damage":7,"enemies":"2 Louse","floor":5,"turns":2},{"damage":31,"enemies":"3 Sentries","floor":7,"turns":11},{"damage":8,"enemies":"Blue Slaver","floor":12,"turns":6},{"damage":2,"enemies":"Exordium Wildlife","floor":13,"turns":4},{"damage":50,"enemies":"Hexaghost","floor":16,"turns":8},{"damage":30,"enemies":"2 Thieves","floor":18,"turns":4},{"damage":16,"enemies":"Chosen","floor":20,"turns":5},{"damage":23,"enemies":"Shelled Parasite and Fungi","floor":22,"turns":5},{"damage":12,"enemies":"Centurion and Healer","floor":24,"turns":5},{"damage":17,"enemies":"Sentry and Sphere","floor":27,"turns":4},{"damage":8,"enemies":"3 Cultists","floor":31,"turns":4},{"damage":76,"enemies":"Pondfish","floor":33,"turns":18}],"seed_played":"8782126032871281888","potions_obtained":[{"floor":1,"key":"FearPotion"},{"floor":7,"key":"Adrenaline Potion"},{"floor":16,"key":"Languid Potion"},{"floor":20,"key":"Toxic Potion"}],"is_trial":false,"path_per_floor":["M","?","M","?","M","R","E","R","T","?","R","M","M","$","R","B",null,"M","?","M","?","M","R","M","R","T","M","T","$","?","M","R","B"],"character_chosen":"THE_SILENT","items_purchased":["Metamorphosis","Specialist","Bane"],"campfire_rested":0,"item_purchase_floors":[14,29,29],"current_hp_per_floor":[70,70,70,74,71,83,56,56,56,56,56,59,68,68,68,32,104,82,82,78,78,67,67,67,67,67,62,62,62,62,62,62,0],"gold":146,"neow_bonus":"RANDOM_COLORLESS","is_prod":false,"is_daily":false,"chose_seed":false,"campfire_upgraded":6,"win_rate":0,"timestamp":1557709466,"path_taken":["M","?","M","?","M","R","E","R","T","?","R","M","M","?","R","BOSS","M","?","?","?","M","R","M","R","T","M","?","$","?","?","R","BOSS"],"build_version":"2019-01-23","purchased_purges":0,"victory":false,"max_hp_per_floor":[70,70,70,74,74,86,86,86,86,86,86,92,98,98,98,104,104,107,107,113,113,119,119,125,125,125,131,131,131,131,134,134,140],"card_choices":[{"not_picked":["Deadly Poison","strawberrySpire:Urgency"],"picked":"Flying Knee","floor":1},{"not_picked":["Sucker Punch","Tactician","Dagger Throw"],"picked":"SKIP","floor":3},{"not_picked":["hubris:Sniper","Concentrate","Acrobatics"],"picked":"SKIP","floor":5},{"not_picked":["Predator","InfectiousVector","strawberrySpire:SideSwipe"],"picked":"SKIP","floor":7},{"not_picked":["Deflect","Masterful Stab"],"picked":"strawberrySpire:Insectonator","floor":12},{"not_picked":["strawberrySpire:Momentum","Backstab"],"picked":"strawberrySpire:Trickbox","floor":13},{"not_picked":["Bullet Time","Glass Knife"],"picked":"After Image","floor":16},{"not_picked":["Poisoned Stab","Pace"],"picked":"Predator+1","floor":18},{"not_picked":["Dagger Throw","Outmaneuver"],"picked":"Backflip","floor":20},{"not_picked":["hubris:Sniper","Pace"],"picked":"Quick Slash","floor":22},{"not_picked":["strawberrySpire:Insectonator","strawberrySpire:Fastroyer","Quick Slash"],"picked":"SKIP","floor":24},{"not_picked":["Quick Slash","Blade Dance+1"],"picked":"Deadly Poison+1","floor":27},{"not_picked":["Well Laid Plans","Concentrate","PiercingWail"],"picked":"SKIP","floor":31}],"player_experience":750288,"relics_obtained":[{"floor":6,"key":"strawberrySpire:Starfruit"},{"floor":7,"key":"HeavenlyBonsai"},{"floor":9,"key":"aspiration:Lifesprig"},{"floor":26,"key":"ReplayTheSpireMod:TigerMarble"},{"floor":28,"key":"SpikesRelics:DaevaFist"}],"event_choices":[{"damage_healed":0,"gold_gain":0,"player_choice":"Disagree","damage_taken":0,"max_hp_gain":0,"max_hp_loss":0,"event_name":"conspire:LoneGhost","floor":10,"gold_loss":0},{"cards_removed":["Clumsy"],"damage_healed":0,"gold_gain":0,"player_choice":"Offered Curse","damage_taken":0,"relics_obtained":["Spirit Poop"],"max_hp_gain":0,"max_hp_loss":0,"event_name":"Bonfire Elementals","floor":19,"gold_loss":0},{"cards_removed":["Strike_G"],"damage_healed":0,"gold_gain":0,"player_choice":"Elegance","damage_taken":0,"max_hp_gain":0,"max_hp_loss":0,"event_name":"Back to Basics","floor":21,"gold_loss":0}],"is_beta":false,"boss_relics":[{"not_picked":["hubris:Stopwatch","hubris:HollowSoul"],"picked":"conspire:RoyalGoblet"}],"items_purged_floors":[],"is_endless":false,"potions_floor_spawned":[1,7,16,20,24],"killed_by":"Pondfish","ascension_level":0}