{"gold_per_floor":[115,131,131,131,144,144,74,87,112,126,126,181,70,87,87,187,237,251,251,153,170,95,95,110,110,110,110,130,130,141,156,156,156],"floor_reached":33,"playtime":1973,"items_purged":["Strike_B"],"score":249,"play_id":"43d873cd-7b7a-47c0-af85-d23064d88db5","local_time":"20190915234033","is_ascension_mode":false,"campfire_choices":[{"data":"Conserve Battery","floor":6,"key":"SMITH"},{"floor":15,"key":"REST"},{"data":"Dualcast","floor":25,"key":"SMITH"},{"data":"Redo","floor":27,"key":"SMITH"},{"floor":29,"key":"REST"},{"floor":32,"key":"REST"}],"neow_cost":"NONE","seed_source_timestamp":443459095238800,"circlet_count":0,"master_deck":["Strike_B","Strike_B+1","Defend_B","Defend_B","Defend_B","Defend_B","Zap+1","Dualcast+1","Coolheaded","Sweeping Beam","Conserve Battery+1","Capacitor","Darkness","Defragment","Blizzard","Steam","Rainbow","Redo+1","Chaos","Leap","FTL","White Noise+1","Blizzard","Stack+1","Streamline+1"],"relics":["Cracked Core","Orichalcum","Dodecahedron","Tiny House","Matryoshka","Nloth\u0027s Gift","Omamori","Ornamental Fan"],"potions_floor_usage":[21,28,28,30,31],"damage_taken":[{"damage":0,"enemies":"Small Slimes","floor":1,"turns":4},{"damage":5,"enemies":"2 Louse","floor":2,"turns":3},{"damage":0,"enemies":"Cultist","floor":5,"turns":3},{"damage":0,"enemies":"Exordium Thugs","floor":8,"turns":5},{"damage":15,"enemies":"Gremlin Gang","floor":10,"turns":4},{"damage":10,"enemies":"Lagavulin","floor":12,"turns":7},{"damage":5,"enemies":"Blue Slaver","floor":14,"turns":3},{"damage":30,"enemies":"Hexaghost","floor":16,"turns":9},{"damage":0,"enemies":"3 Byrds","floor":18,"turns":5},{"damage":0,"enemies":"Chosen","floor":21,"turns":4},{"damage":23,"enemies":"Snake Plant","floor":24,"turns":4},{"damage":19,"enemies":"Chosen and Byrds","floor":28,"turns":7},{"damage":30,"enemies":"3 Cultists","floor":30,"turns":6},{"damage":12,"enemies":"Centurion and Healer","floor":31,"turns":7},{"damage":47,"enemies":"Collector","floor":33,"turns":5}],"seed_played":"270208824553567962","potions_obtained":[{"floor":5,"key":"Poison Potion"},{"floor":8,"key":"SkillPotion"},{"floor":10,"key":"FocusPotion"},{"floor":21,"key":"Swift Potion"},{"floor":30,"key":"Poison Potion"}],"is_trial":false,"path_per_floor":["M","M","?","?","M","R","$","M","T","M","T","E","$","M","R","B",null,"M","T","$","M","?","?","M","R","T","R","M","R","M","M","R","B"],"character_chosen":"DEFECT","items_purchased":["Capacitor","Blizzard","Leap","FTL"],"campfire_rested":3,"item_purchase_floors":[7,13,20,20],"current_hp_per_floor":[75,70,70,70,70,70,70,70,70,55,55,45,45,40,62,32,80,80,80,80,80,80,80,57,57,57,57,38,62,32,20,44,0],"gold":156,"neow_bonus":"RANDOM_COMMON_RELIC","is_prod":false,"is_daily":false,"chose_seed":false,"campfire_upgraded":3,"win_rate":0,"timestamp":1568583633,"path_taken":["M","M","?","?","M","R","$","?","T","M","?","E","$","M","R","BOSS","M","?","$","?","?","?","M","R","T","R","M","R","M","M","R","BOSS"],"build_version":"2019-07-17","purchased_purges":1,"victory":false,"max_hp_per_floor":[75,75,75,75,75,75,75,75,75,75,75,75,75,75,75,75,80,80,80,80,80,80,80,80,80,80,80,80,80,80,80,80,80],"card_choices":[{"not_picked":["Conserve Battery","Sunder"],"picked":"Coolheaded","floor":1},{"not_picked":["Conserve Battery","Chaos"],"picked":"Sweeping Beam","floor":2},{"not_picked":["Leap","Gash"],"picked":"Conserve Battery","floor":5},{"not_picked":["Cold Snap","Compile Driver"],"picked":"Darkness","floor":8},{"not_picked":["Scrape","Sunder"],"picked":"Defragment","floor":10},{"not_picked":["Go for the Eyes","Turbo","Rebound"],"picked":"SKIP","floor":12},{"not_picked":["Loop","Storm"],"picked":"Steam","floor":14},{"not_picked":["Amplify","Multi-Cast"],"picked":"Rainbow","floor":16},{"not_picked":["FTL","Chaos"],"picked":"Redo","floor":17},{"not_picked":["Storm","Rebound"],"picked":"Chaos","floor":18},{"not_picked":["Hello World","Beam Cell"],"picked":"White Noise+1","floor":21},{"not_picked":["Hyperbeam","Aggregate"],"picked":"Blizzard","floor":24},{"not_picked":["Ball Lightning","Barrage"],"picked":"Stack+1","floor":28},{"not_picked":["Go for the Eyes+1","Scrape","Biased Cognition"],"picked":"SKIP","floor":30},{"not_picked":["Chaos","Turbo"],"picked":"Streamline+1","floor":31}],"player_experience":91247,"relics_obtained":[{"floor":11,"key":"Dodecahedron"},{"floor":12,"key":"Tiny Chest"},{"floor":19,"key":"Matryoshka"},{"floor":26,"key":"Omamori"},{"floor":26,"key":"Ornamental Fan"}],"event_choices":[{"damage_healed":0,"gold_gain":0,"player_choice":"Grow","damage_taken":0,"max_hp_gain":0,"max_hp_loss":0,"event_name":"Living Wall","floor":3,"gold_loss":0,"cards_upgraded":["Zap"]},{"damage_healed":0,"gold_gain":0,"player_choice":"Ignored","damage_taken":0,"max_hp_gain":0,"max_hp_loss":0,"event_name":"NoteForYourself","floor":4,"gold_loss":0},{"cards_removed":["Strike_B"],"damage_healed":0,"gold_gain":0,"player_choice":"Gave Gold","damage_taken":0,"max_hp_gain":0,"max_hp_loss":0,"event_name":"Beggar","floor":22,"gold_loss":75},{"damage_healed":0,"gold_gain":0,"player_choice":"Traded Relic","damage_taken":0,"relics_obtained":["Nloth\u0027s Gift"],"max_hp_gain":0,"max_hp_loss":0,"event_name":"N\u0027loth","floor":23,"relics_lost":["Tiny Chest"],"gold_loss":0}],"is_beta":false,"boss_relics":[{"not_picked":["Snecko Eye","White Beast Statue"],"picked":"Tiny House"}],"items_purged_floors":[13],"is_endless":false,"potions_floor_spawned":[5,8,10,12,18,21,30],"killed_by":"Collector","ascension_level":0}