{"gold_per_floor":[99,99,99,99,99,99,99,99,99,84,84,84,84,84,84,84,84,84,84,84,84,84],"floor_reached":22,"playtime":780,"items_purged":[],"score":293,"play_id":"2949ca46-3cfd-4f8b-b5ba-3bc8b096c78f","local_time":"20180924164943","is_ascension_mode":true,"campfire_choices":[{"data":"Rip and Tear","floor":7,"key":"SMITH"},{"floor":15,"key":"REST"}],"neow_cost":"NONE","seed_source_timestamp":1012912022781836,"circlet_count":0,"master_deck":["Strike_B","Defend_B","Defend_B","Defend_B","Zap+1","Dualcast","Coolheaded","Capacitor","Rip and Tear+1","Consume","Cold Snap","Self Repair","Ball Lightning","Thunder Strike","Biased Cognition+1","Force Field+1","Aggregate+1","Ball Lightning","FTL+1","Redo"],"relics":["Ectoplasm","Strawberry","Boot","Darkstone Periapt","Tiny Chest","Astrolabe"],"potions_floor_usage":[16,22,22],"damage_taken":[{"damage":0,"enemies":"Cultist","floor":1,"turns":4},{"damage":2,"enemies":"Jaw Worm","floor":2,"turns":3},{"damage":52,"enemies":"Gremlin Nob","floor":6,"turns":6},{"damage":2,"enemies":"Small Slimes","floor":8,"turns":3},{"damage":1,"enemies":"Looter","floor":10,"turns":2},{"damage":7,"enemies":"3 Louse","floor":12,"turns":2},{"damage":0,"enemies":"Lagavulin","floor":13,"turns":9},{"damage":16,"enemies":"Large Slime","floor":14,"turns":6},{"damage":26,"enemies":"Slime Boss","floor":16,"turns":10},{"damage":7,"enemies":"Spheric Guardian","floor":18,"turns":4},{"damage":10,"enemies":"Chosen","floor":20,"turns":5},{"damage":22,"enemies":"Snecko","floor":21,"turns":5},{"damage":33,"enemies":"Colosseum Slavers","floor":22,"turns":4},{"damage":44,"enemies":"Colosseum Nobs","floor":22,"turns":3}],"seed_played":"1806424678820054830","potions_obtained":[{"floor":6,"key":"Ancient Potion"},{"floor":8,"key":"FairyPotion"},{"floor":10,"key":"FearPotion"},{"floor":14,"key":"FocusPotion"},{"floor":21,"key":"SpeedPotion"}],"is_trial":false,"path_per_floor":["M","M","?","?","?","E","R","M","T","M","T","M","E","M","R","B",null,"M","?","M","M"],"character_chosen":"DEFECT","items_purchased":[],"campfire_rested":1,"item_purchase_floors":[],"current_hp_per_floor":[75,73,78,71,71,26,26,24,24,23,23,16,16,15,41,22,87,87,70,67,52,0],"gold":84,"neow_bonus":"BOSS_RELIC","is_prod":false,"is_daily":false,"chose_seed":false,"campfire_upgraded":1,"win_rate":0,"timestamp":1537822183,"path_taken":["M","?","?","?","?","E","R","M","T","M","?","?","E","?","R","BOSS","M","?","M","?","?"],"build_version":"2018-09-20","purchased_purges":0,"victory":false,"max_hp_per_floor":[75,75,80,80,80,87,87,87,87,87,87,87,87,87,87,87,87,87,92,92,92,92],"card_choices":[{"not_picked":["Conserve Battery","Loop"],"picked":"Coolheaded","floor":1},{"not_picked":["Skim","Force Field"],"picked":"Capacitor","floor":2},{"not_picked":["Ball Lightning","Coolheaded"],"picked":"Rip and Tear","floor":6},{"not_picked":["Steam","Force Field"],"picked":"Consume","floor":8},{"not_picked":["Redo","Rebound"],"picked":"Cold Snap","floor":10},{"not_picked":["Streamline","Capacitor","Consume"],"picked":"SKIP","floor":12},{"not_picked":["Gash","Chaos"],"picked":"Self Repair","floor":13},{"not_picked":["Redo","Beam Cell"],"picked":"Ball Lightning","floor":14},{"not_picked":["Fission","Buffer"],"picked":"Thunder Strike","floor":16},{"not_picked":["Leap","Conserve Battery"],"picked":"Ball Lightning","floor":18},{"not_picked":["Gash+1","Storm"],"picked":"FTL+1","floor":20},{"not_picked":["Ball Lightning","Recycle"],"picked":"Redo","floor":21}],"player_experience":903184,"relics_obtained":[{"floor":6,"key":"Strawberry"},{"floor":9,"key":"Boot"},{"floor":11,"key":"Darkstone Periapt"},{"floor":13,"key":"Tiny Chest"}],"event_choices":[{"event_name":"Big Fish","player_choice":"Donut","floor":3,"damage_taken":0},{"event_name":"Golden Wing","player_choice":"Card Removal","floor":4,"damage_taken":0},{"event_name":"Living Wall","player_choice":"Grow","floor":5,"damage_taken":0},{"event_name":"Forgotten Altar","player_choice":"Shed Blood","floor":19,"damage_taken":0},{"event_name":"Colosseum","player_choice":"Fight","floor":22,"damage_taken":0},{"event_name":"Colosseum","player_choice":"Fought Nobs","floor":22,"damage_taken":0}],"is_beta":true,"boss_relics":[{"not_picked":["Runic Pyramid","Coffee Dripper"],"picked":"Astrolabe"}],"items_purged_floors":[],"is_endless":false,"potions_floor_spawned":[6,8,10,12,14,21],"killed_by":"Colosseum Nobs","ascension_level":4}