{"path_per_floor":["M","$","T","M","M","R","M","?","T","R","M","$","M","M","R","B",null,"M","M","M","$","M","R","?","R","T","M","R","$","R","M","R","B",null,"M","M","?","?","M","R","M","R","T","$","M","R","M","E","R","B"],"character_chosen":"DEFECT","items_purchased":["Defragment+1","Echo Form+1","Self Repair+1","Blizzard","Defragment+1"],"gold_per_floor":[118,43,97,110,126,126,142,142,142,142,152,73,89,103,103,204,204,218,235,249,103,118,118,143,143,143,153,153,72,72,90,90,195,195,209,221,443,443,454,454,471,471,471,332,347,347,365,400,400,400],"floor_reached":51,"campfire_rested":6,"playtime":1898,"item_purchase_floors":[2,12,21,29,44],"current_hp_per_floor":[76,76,76,65,63,63,60,60,60,60,54,54,42,42,42,27,85,59,37,35,35,32,32,30,57,57,47,74,74,74,78,78,49,93,87,77,77,65,58,87,87,97,97,97,99,99,52,64,94,46],"items_purged":["Writhe","Injury"],"gold":400,"score":723,"play_id":"32c333a8-620e-45f0-a4f5-6c18ccdde84a","local_time":"20180613160040","is_prod":false,"is_daily":false,"chose_seed":false,"is_ascension_mode":false,"campfire_upgraded":6,"win_rate":0,"timestamp":1528920040,"campfire_choices":[{"data":"Zap","floor":6,"key":"SMITH"},{"data":"Dualcast","floor":10,"key":"SMITH"},{"data":"Tempest","floor":15,"key":"SMITH"},{"data":"Chill","floor":23,"key":"SMITH"},{"floor":25,"key":"REST"},{"floor":28,"key":"REST"},{"data":"Blizzard","floor":30,"key":"SMITH"},{"data":"Coolheaded","floor":32,"key":"SMITH"},{"floor":40,"key":"REST"},{"floor":42,"key":"REST"},{"floor":46,"key":"REST"},{"floor":49,"key":"REST"}],"path_taken":["M","?","?","M","?","R","M","?","T","R","M","$","M","M","R","BOSS","M","M","M","$","M","R","?","R","T","M","R","$","R","M","R","BOSS","M","M","?","?","M","R","M","R","T","$","M","R","M","E","R","BOSS"],"build_version":"2018-06-12","seed_source_timestamp":1192373076228465,"purchased_purges":2,"victory":true,"master_deck":["Strike_B+1","Strike_B+1","Strike_B","Strike_B","Defend_B","Defend_B","Defend_B","Defend_B","Zap+1","Dualcast+1","Injury","Defragment+1","Coolheaded+1","Tempest+1","Echo Form+1","Electrodynamics+1","Chill+1","Glacier+1","Self Repair+1","Blizzard+1","Barrage+1","Echo Form+1","Coolheaded+1","Madness","Madness","Core Surge","Defragment+1","Force Field+1"],"max_hp_per_floor":[77,77,77,77,77,77,79,79,79,79,81,81,83,85,85,85,85,85,85,87,87,89,89,91,91,91,93,93,93,93,93,93,93,93,95,95,95,95,97,97,97,97,97,97,99,99,99,101,101,101],"special_seed":17695,"relics":["Calling Bell","Singing Bowl","Frozen Egg 2","Ginger","Bag of Preparation","Bottled Tornado","Inserter","Red Mask","Toolbox","Fusion Hammer","Bottled Lightning","Whetstone"],"card_choices":[{"not_picked":["Streamline","Undo","Go for the Eyes"],"picked":"Singing Bowl","floor":1},{"not_picked":["Conserve Battery","Beam Cell"],"picked":"Coolheaded","floor":4},{"not_picked":["Leap","Aggregate"],"picked":"Tempest","floor":5},{"not_picked":["Force Field","Reinforced Body","Redo"],"picked":"Singing Bowl","floor":7},{"not_picked":["FTL","Compile Driver","Scrape"],"picked":"Singing Bowl","floor":11},{"not_picked":["Undo","Rebound","Capacitor+1"],"picked":"Singing Bowl","floor":13},{"not_picked":["Compile Driver","Consume","Aggregate"],"picked":"Singing Bowl","floor":14},{"not_picked":["Fission","Buffer+1"],"picked":"Electrodynamics+1","floor":16},{"not_picked":["Stack","Coolheaded"],"picked":"Chill","floor":18},{"not_picked":["Rebound","Capacitor+1"],"picked":"Glacier+1","floor":19},{"not_picked":["Beam Cell","Compile Driver+1","Go for the Eyes"],"picked":"Singing Bowl","floor":20},{"not_picked":["Go for the Eyes","Compile Driver+1","Beam Cell+1"],"picked":"Singing Bowl","floor":22},{"not_picked":["Gash+1","Fusion","Ball Lightning"],"picked":"Singing Bowl","floor":24},{"not_picked":["Ball Lightning","Turbo","Stack+1"],"picked":"Singing Bowl","floor":27},{"not_picked":["Streamline","Redo"],"picked":"Barrage+1","floor":31},{"not_picked":["Biased Cognition+1","Core Surge"],"picked":"Echo Form+1","floor":33},{"not_picked":["Leap+1","Gash+1","Compile Driver+1"],"picked":"Singing Bowl","floor":35},{"not_picked":["Ball Lightning","Leap"],"picked":"Coolheaded+1","floor":36},{"not_picked":["Undo","Loop+1","Skim"],"picked":"Singing Bowl","floor":39},{"not_picked":["Cold Snap+1","FTL+1"],"picked":"Core Surge","floor":41},{"not_picked":["Coolheaded","Beam Cell+1","Compile Driver"],"picked":"Singing Bowl","floor":45},{"not_picked":["Tempest+1","Leap+1"],"picked":"Force Field+1","floor":47},{"not_picked":["Stack+1","Fission","Redo+1"],"picked":"Singing Bowl","floor":48}],"player_experience":540526,"potions_floor_usage":[18,33,33,50,50,50],"damage_taken":[{"damage":1,"enemies":"Cultist","floor":1,"turns":4},{"damage":11,"enemies":"Jaw Worm","floor":4,"turns":5},{"damage":2,"enemies":"Small Slimes","floor":5,"turns":4},{"damage":5,"enemies":"Looter","floor":7,"turns":3},{"damage":8,"enemies":"3 Louse","floor":11,"turns":4},{"damage":14,"enemies":"Exordium Thugs","floor":13,"turns":5},{"damage":2,"enemies":"Large Slime","floor":14,"turns":4},{"damage":15,"enemies":"The Guardian","floor":16,"turns":11},{"damage":26,"enemies":"2 Thieves","floor":18,"turns":3},{"damage":22,"enemies":"Shell Parasite","floor":19,"turns":3},{"damage":4,"enemies":"3 Cultists","floor":20,"turns":3},{"damage":5,"enemies":"Sentry and Sphere","floor":22,"turns":3},{"damage":4,"floor":24,"turns":3},{"damage":32,"enemies":"Slaver and Parasite","floor":27,"turns":6},{"damage":6,"enemies":"Centurion and Healer","floor":31,"turns":5},{"damage":39,"enemies":"Champ","floor":33,"turns":11},{"damage":8,"enemies":"3 Darklings","floor":35,"turns":4},{"damage":20,"enemies":"3 Shapes","floor":36,"turns":3},{"damage":9,"enemies":"Sphere and 2 Shapes","floor":39,"turns":4},{"damage":0,"enemies":"3 Darklings","floor":41,"turns":3},{"damage":0,"enemies":"Maw","floor":45,"turns":8},{"damage":47,"enemies":"Flame Bruiser 2 Orb","floor":47,"turns":5},{"damage":0,"enemies":"Giant Head","floor":48,"turns":9},{"damage":58,"enemies":"Awakened One","floor":50,"turns":15}],"relics_obtained":[{"floor":0,"key":"Singing Bowl"},{"floor":0,"key":"Frozen Egg 2"},{"floor":0,"key":"Ginger"},{"floor":3,"key":"Bag of Preparation"},{"floor":9,"key":"Bottled Tornado"},{"floor":24,"key":"Red Mask"},{"floor":26,"key":"Toolbox"},{"floor":43,"key":"Bottled Lightning"},{"floor":48,"key":"Whetstone"}],"event_choices":[{"event_name":"Liars Game","player_choice":"disagreed","floor":8,"damage_taken":0},{"event_name":"Masked Bandits","player_choice":"Fought over 118 gold","floor":24,"damage_taken":0},{"event_name":"Tomb of Lord Red Mask","player_choice":"Wore Mask","floor":37,"damage_taken":0},{"event_name":"Winding Halls","player_choice":"Embrace Madness","floor":38,"damage_taken":0}],"boss_relics":[{"not_picked":["Nuclear Battery","White Beast Statue"],"picked":"Inserter"},{"not_picked":["Coffee Dripper","Pandora\u0027s Box"],"picked":"Fusion Hammer"}],"items_purged_floors":[21,44],"potions_floor_spawned":[4,5,7,11,13,18,22,24,31,33,35,45,48],"seed_played":"2150680817401562231","ascension_level":0,"potions_obtained":[{"floor":4,"key":"SmokeBomb"},{"floor":5,"key":"Strength Potion"},{"floor":7,"key":"LiquidBronze"},{"floor":11,"key":"PowerPotion"},{"floor":18,"key":"SteroidPotion"},{"floor":33,"key":"Weak Potion"},{"floor":35,"key":"Weak Potion"},{"floor":45,"key":"SkillPotion"},{"floor":48,"key":"AttackPotion"}],"is_trial":false}