{"gold_per_floor":[118,76,76,95,106,140,140,154,223,236,236,246,22,41,41,41],"floor_reached":16,"playtime":1317,"items_purged":[],"score":208,"play_id":"9c7013f4-ea5b-41be-a3f6-549d22ee240d","local_time":"20190425142321","is_ascension_mode":true,"campfire_choices":[{"data":"Armaments","floor":7,"key":"SMITH"},{"data":"Metallicize","floor":11,"key":"SMITH"},{"data":"Offering","floor":15,"key":"SMITH"}],"neow_cost":"NONE","seed_source_timestamp":8585612521196,"circlet_count":0,"master_deck":["AscendersBane","Strike_R","Strike_R","Strike_R","Strike_R","Strike_R","Defend_R","Defend_R","Defend_R","Defend_R","Bash+1","Iron Wave","Metallicize","Decay","Armaments+1","Cleave","Metallicize","Metallicize+1","Havoc","Wild Strike","Warcry","Warcry","Offering+1","Anger","True Grit"],"relics":["Burning Blood","Prayer Wheel","Gremlin Horn","Frozen Eye"],"potions_floor_usage":[6,14,16],"damage_taken":[{"damage":1,"enemies":"Small Slimes","floor":1,"turns":4},{"damage":5,"enemies":"Cultist","floor":4,"turns":4},{"damage":7,"enemies":"2 Louse","floor":5,"turns":5},{"damage":29,"enemies":"Lagavulin","floor":6,"turns":9},{"damage":7,"enemies":"2 Fungi Beasts","floor":8,"turns":4},{"damage":16,"enemies":"Looter","floor":10,"turns":3},{"damage":15,"enemies":"Large Slime","floor":12,"turns":5},{"damage":6,"enemies":"Red Slaver","floor":14,"turns":3},{"damage":33,"enemies":"Hexaghost","floor":16,"turns":11}],"seed_played":"8595558822092451959","potions_obtained":[{"floor":4,"key":"PowerPotion"},{"floor":8,"key":"Strength Potion"},{"floor":10,"key":"Weak Potion"}],"is_trial":false,"path_per_floor":["M","$","?","M","M","E","R","M","T","M","R","M","$","M","R","B"],"character_chosen":"IRONCLAD","items_purchased":["Metallicize","Frozen Eye"],"campfire_rested":0,"item_purchase_floors":[2,13],"current_hp_per_floor":[73,73,73,74,73,50,50,49,49,39,39,30,30,30,30,0],"gold":41,"neow_bonus":"UPGRADE_CARD","is_prod":false,"is_daily":false,"chose_seed":false,"campfire_upgraded":3,"win_rate":0,"timestamp":1556195001,"path_taken":["M","$","?","M","M","E","R","?","T","M","R","M","$","M","R","BOSS"],"build_version":"2019-01-23","purchased_purges":0,"victory":false,"max_hp_per_floor":[75,75,75,75,75,75,75,75,75,75,75,75,75,75,75,75],"card_choices":[{"not_picked":["Wild Strike","Ghostly Armor"],"picked":"Iron Wave","floor":1},{"not_picked":["True Grit","Evolve"],"picked":"Armaments","floor":4},{"not_picked":["Blood for Blood","Second Wind"],"picked":"Cleave","floor":5},{"not_picked":["Pommel Strike","Clothesline"],"picked":"Metallicize","floor":6},{"not_picked":["Second Wind","Clothesline"],"picked":"Metallicize","floor":8},{"not_picked":["Dropkick","Hemokinesis"],"picked":"Havoc","floor":8},{"not_picked":["Sword Boomerang","Warcry"],"picked":"Wild Strike","floor":10},{"not_picked":["Power Through","Sword Boomerang"],"picked":"Warcry","floor":10},{"not_picked":["Clothesline","Sword Boomerang"],"picked":"Warcry","floor":12},{"not_picked":["Clothesline","Headbutt"],"picked":"Offering","floor":12},{"not_picked":["Headbutt","Rupture"],"picked":"Anger","floor":14},{"not_picked":["Twin Strike","Second Wind"],"picked":"True Grit","floor":14}],"player_experience":607809,"relics_obtained":[{"floor":6,"key":"Prayer Wheel"},{"floor":9,"key":"Gremlin Horn"}],"event_choices":[{"damage_healed":0,"gold_gain":0,"player_choice":"Cursed","damage_taken":0,"max_hp_gain":0,"max_hp_loss":0,"event_name":"Wheel of Change","floor":3,"gold_loss":0,"cards_obtained":["Decay"]}],"is_beta":false,"boss_relics":[],"items_purged_floors":[],"is_endless":false,"potions_floor_spawned":[4,8,10],"killed_by":"Hexaghost","ascension_level":20}