{"gold_per_floor":[116,191,209,128,141,141,141,141,166,199,215,226,244,257,257,257],"floor_reached":16,"playtime":302,"items_purged":[],"score":104,"play_id":"96ec1537-560c-40a1-9d04-2a90c0a39025","local_time":"20180815145437","is_ascension_mode":false,"campfire_choices":[{"data":"Searing Blow","floor":6,"key":"SMITH"},{"data":"Searing Blow+1","floor":8,"key":"SMITH"},{"data":"Searing Blow+2","floor":15,"key":"SMITH"}],"neow_cost":"NONE","seed_source_timestamp":862428809153584,"circlet_count":0,"master_deck":["Strike_R","Strike_R","Strike_R","Defend_R","Defend_R","Defend_R","Defend_R","Bash","Flame Barrier","Searing Blow+3","Headbutt"],"relics":["Empty Cage","Vajra","Bag of Preparation","Pen Nib"],"potions_floor_usage":[16,16],"damage_taken":[{"damage":0,"enemies":"Small Slimes","floor":1,"turns":3},{"damage":4,"enemies":"Jaw Worm","floor":3,"turns":5},{"damage":2,"enemies":"2 Louse","floor":5,"turns":3},{"damage":19,"enemies":"Lagavulin","floor":10,"turns":5},{"damage":5,"enemies":"Looter","floor":11,"turns":3},{"damage":8,"enemies":"Red Slaver","floor":12,"turns":4},{"damage":10,"enemies":"Large Slime","floor":13,"turns":4},{"damage":0,"enemies":"Blue Slaver","floor":14,"turns":4},{"damage":16,"enemies":"The Guardian","floor":16,"turns":4}],"seed_played":"-4707364577668483004","potions_obtained":[{"floor":1,"key":"FearPotion"},{"floor":3,"key":"SteroidPotion"},{"floor":13,"key":"PowerPotion"}],"is_trial":false,"path_per_floor":["M","?","M","$","M","R","?","R","T","E","M","M","M","M","R"],"character_chosen":"IRONCLAD","items_purchased":["Searing Blow"],"campfire_rested":0,"item_purchase_floors":[4],"current_hp_per_floor":[80,69,65,65,63,63,56,56,56,37,32,24,14,14,14,0],"gold":257,"neow_bonus":"BOSS_RELIC","is_prod":false,"is_daily":false,"chose_seed":false,"campfire_upgraded":3,"win_rate":0,"timestamp":1534359277,"path_taken":["M","?","M","$","M","R","?","R","T","E","M","M","M","M","R","BOSS"],"build_version":"2018-08-13v2","purchased_purges":0,"victory":false,"max_hp_per_floor":[80,80,80,80,80,80,80,80,80,80,80,80,80,80,80,80],"card_choices":[{"not_picked":["Searing Blow","Clash"],"picked":"Flame Barrier","floor":1},{"not_picked":["Cleave","Twin Strike","True Grit"],"picked":"SKIP","floor":3},{"not_picked":["Reckless Charge","Iron Wave","Uppercut"],"picked":"SKIP","floor":5},{"not_picked":["Twin Strike","Spot Weakness","Dropkick"],"picked":"SKIP","floor":10},{"not_picked":["Cleave","Infernal Blade"],"picked":"Headbutt","floor":11},{"not_picked":["Wild Strike","True Grit","Thunderclap"],"picked":"SKIP","floor":12},{"not_picked":["Pommel Strike","Fire Breathing","Twin Strike"],"picked":"SKIP","floor":13},{"not_picked":["Bludgeon","Warcry","Flex"],"picked":"SKIP","floor":14}],"player_experience":871741,"relics_obtained":[{"floor":9,"key":"Bag of Preparation"},{"floor":10,"key":"Pen Nib"}],"event_choices":[{"event_name":"World of Goop","player_choice":"Gather Gold","floor":2,"damage_taken":0},{"event_name":"Scrap Ooze","player_choice":"success","floor":7,"damage_taken":7}],"is_beta":true,"boss_relics":[],"items_purged_floors":[],"is_endless":false,"potions_floor_spawned":[1,3,13,14],"killed_by":"The Guardian","ascension_level":0}