{"path_per_floor":["M","?","?","M","M","E","R","E","T","R","M","E","M","?","R","B",null,"M","?","$","?","?","R","E","R","T","E","R","E","M","?","R","B",null,"M","M","M","M","$","E","?","$","T","R","E","M","M","E","R","B"],"character_chosen":"IRONCLAD","items_purchased":["Panache","Jack Of All Trades","Orichalcum","Flex","Flash of Steel"],"gold_per_floor":[16,16,16,35,45,71,71,97,97,97,112,142,157,232,232,334,334,319,319,60,260,260,260,290,290,339,371,371,405,422,422,422,524,554,565,577,588,602,197,232,232,19,42,42,71,81,97,127,127,127],"floor_reached":51,"campfire_rested":1,"playtime":9556,"current_hp_per_floor":[80,80,68,74,78,56,56,56,56,56,65,73,76,65,65,63,80,63,63,63,63,48,48,37,37,37,17,57,51,55,39,39,11,90,90,90,64,73,73,72,72,72,79,79,58,90,97,76,76,62],"items_purged":["Defend_R","Defend_R","Searing Blow"],"gold":127,"score":887,"play_id":"f7f0003d-1f99-4080-81ed-7d57f814fc2b","local_time":"20180409222113","is_prod":false,"is_daily":false,"is_ascension_mode":true,"campfire_upgraded":8,"timestamp":1523337673,"path_taken":["M","?","?","M","M","E","R","E","T","R","M","E","M","?","R","BOSS","M","?","$","?","?","R","E","R","T","E","R","E","M","?","R","BOSS","M","M","M","M","$","E","?","?","T","R","E","M","M","E","R","BOSS"],"build_version":"2018-04-05v2","purchased_purges":3,"victory":true,"master_deck":["Strike_R","Strike_R+1","Strike_R","Strike_R","Ghostly Armor","Clash","Twin Strike","Reaper","Rampage+1","Battle Trance+1","Battle Trance+1","Reaper","Limit Break","Sever Soul+1","Armaments+1","Panache+1","Feel No Pain+1","Burning Pact+1","Offering","Clash","Seeing Red","Pummel+1","Jack Of All Trades+1","Flex","Flash of Steel","Flex","Warcry+1"],"max_hp_per_floor":[80,80,80,80,80,80,80,80,80,80,80,80,80,80,80,80,80,80,80,80,80,85,85,85,85,85,85,85,85,85,85,85,85,90,90,90,90,90,90,90,90,90,97,97,97,97,97,97,97,97],"relics":["Burning Blood","Oddly Smooth Stone","Juzu Bracelet","Lantern","Darkstone Periapt","Shuriken","Runic Cube","Pen Nib","Anchor","Regal Pillow","Matryoshka","Enchiridion","Tiny House","Orichalcum","Omamori","Vajra","Strawberry","Gremlin Horn","Mummified Hand"],"card_choices":[{"not_picked":["Iron Wave","Flex"],"picked":"Clash","floor":1},{"not_picked":["Whirlwind","Carnage"],"picked":"Twin Strike","floor":4},{"not_picked":["Clothesline","Warcry"],"picked":"Reaper","floor":5},{"not_picked":["Headbutt","Demon Form"],"picked":"Rampage","floor":6},{"not_picked":["Iron Wave","Carnage"],"picked":"Battle Trance","floor":8},{"not_picked":["Warcry","Dual Wield"],"picked":"Battle Trance","floor":11},{"not_picked":["Perfected Strike","Body Slam"],"picked":"Reaper","floor":12},{"not_picked":["Berserk","Dark Embrace"],"picked":"Limit Break","floor":16},{"not_picked":["Sentinel","Shockwave"],"picked":"Sever Soul","floor":18},{"not_picked":["Disarm","Dropkick"],"picked":"Feel No Pain","floor":29},{"not_picked":["Twin Strike","Flame Barrier"],"picked":"Burning Pact","floor":30},{"not_picked":["Dark Embrace","Fiend Fire"],"picked":"Offering","floor":33},{"not_picked":["Burning Pact","Pommel Strike"],"picked":"Clash","floor":34},{"not_picked":["Anger","True Grit"],"picked":"Seeing Red","floor":37},{"not_picked":["Iron Wave","Exhume"],"picked":"Pummel","floor":38},{"not_picked":["Armaments","Anger"],"picked":"Flex","floor":45},{"not_picked":["Clothesline","Second Wind"],"picked":"Warcry","floor":46}],"player_experience":175809,"potions_floor_usage":[6,8,16,16,24,30,33,50],"damage_taken":[{"damage":5,"enemies":"Small Slimes","floor":1,"turns":3},{"damage":0,"enemies":"Cultist","floor":4,"turns":3},{"damage":2,"enemies":"2 Louse","floor":5,"turns":3},{"damage":32,"enemies":"3 Sentries","floor":6,"turns":7},{"damage":10,"enemies":"Gremlin Nob","floor":8,"turns":4},{"damage":1,"enemies":"Blue Slaver","floor":11,"turns":3},{"damage":10,"enemies":"3 Sentries","floor":12,"turns":6},{"damage":18,"enemies":"Exordium Thugs","floor":13,"turns":4},{"damage":24,"enemies":"Slime Boss","floor":16,"turns":8},{"damage":33,"enemies":"2 Thieves","floor":18,"turns":4},{"damage":49,"enemies":"Gremlin Leader","floor":24,"turns":7},{"damage":26,"enemies":"Book of Stabbing","floor":27,"turns":4},{"damage":48,"enemies":"Gremlin Leader","floor":29,"turns":6},{"damage":6,"enemies":"Chosen","floor":30,"turns":4},{"damage":65,"enemies":"Automaton","floor":33,"turns":8},{"damage":4,"enemies":"Orb Walker","floor":35,"turns":3},{"damage":5,"enemies":"3 Darklings","floor":36,"turns":4},{"damage":32,"enemies":"Maw","floor":37,"turns":6},{"damage":29,"enemies":"4 Shapes","floor":38,"turns":6},{"damage":11,"enemies":"Giant Head","floor":40,"turns":5},{"damage":29,"enemies":"Nemesis","floor":45,"turns":5},{"damage":2,"enemies":"Sphere and 2 Shapes","floor":46,"turns":3},{"damage":8,"enemies":"Maw","floor":47,"turns":4},{"damage":33,"enemies":"2 Orb Walkers","floor":48,"turns":4},{"damage":25,"enemies":"Time Eater","floor":50,"turns":6}],"event_choices":[{"event_name":"Purifier","player_choice":"One Purge","floor":2,"damage_taken":0},{"event_name":"Scrap Ooze","player_choice":"success","floor":3,"damage_taken":12},{"event_name":"World of Goop","player_choice":"Gather Gold","floor":14,"damage_taken":0},{"event_name":"The Library","player_choice":"Read","floor":19,"damage_taken":0},{"event_name":"The Joust","player_choice":"Bet on Owner","floor":21,"damage_taken":0},{"event_name":"Forgotten Altar","player_choice":"Shed Blood","floor":22,"damage_taken":0},{"event_name":"Cursed Tome","player_choice":"Obtained Book","floor":31,"damage_taken":0}],"boss_relics":[{"not_picked":["Orrery","Velvet Choker"],"picked":"Runic Cube"},{"not_picked":["Snecko Eye","White Beast Statue"],"picked":"Tiny House"}],"potions_floor_spawned":[4,5,11,13,16,24,27,33,38,45,46,47],"seed_played":"-6960621141174265743","ascension_level":2,"is_trial":false}