{"gold_per_floor":[110,110,110,134,53,53,84,84,107,151,151,167,186,186,186,314,314,328,328,214,235,253,253,253,273,273,291,191,191,227,227,227,355,355,379,379,379,397,397,397,438,438,508,551,551,551,420,443,443,443],"floor_reached":51,"playtime":1840,"items_purged":["Pain","Storm"],"score":1100,"play_id":"92b61d2a-2fd8-45ab-b270-b0a914a7e3d2","local_time":"20181231112251","is_ascension_mode":true,"campfire_choices":[{"data":"Dualcast","floor":6.0,"key":"SMITH"},{"data":"Zap","floor":8.0,"key":"SMITH"},{"data":"Static Discharge","floor":11.0,"key":"SMITH"},{"data":"Redo","floor":15.0,"key":"SMITH"},{"data":"Static Discharge","floor":24.0,"key":"SMITH"},{"data":"Self Repair","floor":29.0,"key":"SMITH"},{"data":"Seek","floor":32.0,"key":"SMITH"},{"data":"Amplify","floor":40.0,"key":"SMITH"},{"floor":42.0,"key":"REST"},{"data":"Glacier","floor":45.0,"key":"SMITH"},{"data":"Capacitor","floor":49.0,"key":"SMITH"}],"neow_cost":"NONE","seed_source_timestamp":925697327721130,"circlet_count":0,"master_deck":["Strike_B+1","Strike_B","Defend_B","Defend_B","Defend_B","Defend_B","Zap+1","Dualcast+1","Static Discharge+1","Leap","Self Repair+1","Buffer","Leap","Glacier+1","Redo+1","Thunder Strike+1","Ball Lightning","Static Discharge+1","Hologram+1","Seek+1","Amplify+1","Reprogram+1","Capacitor+1"],"special_seed":0,"relics":["Cracked Core","NeowsBlessing","Golden Idol","Pen Nib","Bronze Scales","Centennial Puzzle","Eternal Feather","WarpedTongs","Cables","Whetstone","Black Star","Sundial","Meat on the Bone","Gremlin Horn","Ornamental Fan","Regal Pillow","Bottled Lightning"],"potions_floor_usage":[50],"damage_taken":[{"damage":0.0,"enemies":"2 Louse","floor":1.0,"turns":1.0},{"damage":0.0,"enemies":"Jaw Worm","floor":4.0,"turns":1.0},{"damage":0.0,"enemies":"3 Sentries","floor":7.0,"turns":2.0},{"damage":6.0,"enemies":"Lagavulin","floor":10.0,"turns":7.0},{"damage":1.0,"enemies":"Cultist","floor":12.0,"turns":3.0},{"damage":6.0,"enemies":"Exordium Wildlife","floor":13.0,"turns":3.0},{"damage":32.0,"enemies":"The Guardian","floor":16.0,"turns":10.0},{"damage":11.0,"enemies":"Spheric Guardian","floor":18.0,"turns":4.0},{"damage":11.0,"enemies":"Shell Parasite","floor":21.0,"turns":5.0},{"damage":15.0,"enemies":"Shelled Parasite and Fungi","floor":22.0,"turns":5.0},{"damage":0.0,"enemies":"Gremlin Leader","floor":23.0,"turns":1.0},{"damage":9.0,"enemies":"Snake Plant","floor":25.0,"turns":3.0},{"damage":5.0,"enemies":"Snecko","floor":27.0,"turns":6.0},{"damage":36.0,"enemies":"Slavers","floor":30.0,"turns":5.0},{"damage":25.0,"enemies":"Champ","floor":33.0,"turns":12.0},{"damage":14.0,"enemies":"Orb Walker","floor":35.0,"turns":6.0},{"damage":12.0,"enemies":"3 Darklings","floor":38.0,"turns":4.0},{"damage":43.0,"enemies":"Nemesis","floor":41.0,"turns":10.0},{"damage":20.0,"enemies":"Giant Head","floor":44.0,"turns":6.0},{"damage":20.0,"enemies":"Sphere and 2 Shapes","floor":48.0,"turns":3.0},{"damage":58,"enemies":"Time Eater","floor":50,"turns":7}],"seed_played":"-3847542693239343587","potions_obtained":[{"floor":10.0,"key":"Poison Potion"},{"floor":12.0,"key":"SmokeBomb"},{"floor":21.0,"key":"Block Potion"},{"floor":27.0,"key":"Swift Potion"},{"floor":33.0,"key":"Strength Potion"},{"floor":35.0,"key":"SpeedPotion"}],"is_trial":false,"path_per_floor":["M","?","?","M","$","R","E","R","T","E","R","M","M","T","R","B",null,"M","?","$","M","M","E","R","M","T","M","$","R","E","?","R","B",null,"M","?","?","M","?","R","E","R","T","E","R","?","$","M","R","B",null],"character_chosen":"DEFECT","items_purchased":["Self Repair","Storm","Energy Potion","Capacitor"],"campfire_rested":1,"item_purchase_floors":[5,20,47,47],"current_hp_per_floor":[68,68,68,68,68,68,68,68,68,69,69,69,69,69,69,44,63,52,52,52,48,40,40,52,50,50,55,55,67,41,41,53,38,61,57,57,57,55,55,66,33,64,64,54,66,66,66,56,66,30],"gold":443,"neow_bonus":"THREE_ENEMY_KILL","is_prod":false,"is_daily":false,"chose_seed":false,"campfire_upgraded":10,"win_rate":0,"timestamp":1546251771,"path_taken":["M","?","?","M","$","R","E","R","T","E","R","?","M","?","R","BOSS","M","?","$","M","M","E","R","M","T","?","$","R","E","?","R","BOSS","M","?","?","?","?","R","E","R","T","E","R","?","$","M","R","BOSS"],"build_version":"2018-12-20","purchased_purges":2,"victory":true,"max_hp_per_floor":[75,69,69,69,69,69,69,69,69,69,69,69,69,69,69,69,69,69,69,69,69,69,69,69,69,69,69,69,69,69,69,69,69,69,69,66,66,66,66,66,66,66,66,66,66,66,66,66,66,66],"card_choices":[{"not_picked":["Conserve Battery","Rebound"],"picked":"Static Discharge","floor":1.0},{"not_picked":["Barrage","Go for the Eyes"],"picked":"Leap","floor":4.0},{"not_picked":["Leap","Barrage"],"picked":"Buffer","floor":7.0},{"not_picked":["Recycle","Chill"],"picked":"Leap","floor":10.0},{"not_picked":["Cold Snap","Redo"],"picked":"Glacier","floor":12.0},{"not_picked":["Streamline","Aggregate"],"picked":"Redo","floor":13.0},{"not_picked":["Fission","Rainbow"],"picked":"Thunder Strike","floor":16.0},{"not_picked":["Compile Driver","Leap"],"picked":"Ball Lightning","floor":18.0},{"not_picked":["Conserve Battery","Hologram","Stack"],"picked":"SKIP","floor":21.0},{"not_picked":["Gash","Reprogram"],"picked":"Static Discharge","floor":22.0},{"not_picked":["Darkness","Stack"],"picked":"Hologram+1","floor":25.0},{"not_picked":["Gash","Meteor Strike","Leap"],"picked":"SKIP","floor":27.0},{"not_picked":["Reprogram","Rebound"],"picked":"Seek","floor":30.0},{"not_picked":["Reboot","Hyperbeam"],"picked":"Amplify","floor":33.0},{"not_picked":["Redo+1","Beam Cell+1","Rebound+1"],"picked":"SKIP","floor":35.0},{"not_picked":["Aggregate+1","Conserve Battery+1","Coolheaded"],"picked":"SKIP","floor":38.0},{"not_picked":["Sunder+1","Loop+1"],"picked":"Reprogram+1","floor":41.0},{"not_picked":["Skim","Gash","Genetic Algorithm"],"picked":"SKIP","floor":44.0},{"not_picked":["Meteor Strike","Leap","Ball Lightning+1"],"picked":"SKIP","floor":48.0},{"not_picked":["Meteor Strike","Leap","Ball Lightning+1"],"picked":"SKIP","floor":48.0}],"player_experience":364782,"relics_obtained":[{"floor":7.0,"key":"Pen Nib"},{"floor":9.0,"key":"Bronze Scales"},{"floor":10.0,"key":"Centennial Puzzle"},{"floor":26.0,"key":"Cables"},{"floor":30.0,"key":"Whetstone"},{"floor":37.0,"key":"Sundial"},{"floor":41.0,"key":"Meat on the Bone"},{"floor":41.0,"key":"Gremlin Horn"},{"floor":43.0,"key":"Ornamental Fan"},{"floor":44.0,"key":"Regal Pillow"},{"floor":44.0,"key":"Bottled Lightning"}],"event_choices":[{"damage_healed":0.0,"max_hp_gain":0.0,"max_hp_loss":6.0,"gold_gain":0.0,"event_name":"Golden Idol","player_choice":"Lose Max HP","floor":2.0,"gold_loss":0.0,"damage_taken":0.0,"relics_obtained":["Golden Idol"]},{"cards_removed":["Strike_B"],"damage_healed":0.0,"max_hp_gain":0.0,"max_hp_loss":0.0,"gold_gain":0.0,"event_name":"Bonfire Elementals","player_choice":"Offered Basic","floor":3.0,"gold_loss":0.0,"damage_taken":0.0},{"damage_healed":0.0,"max_hp_gain":0.0,"max_hp_loss":0.0,"gold_gain":0.0,"event_name":"Accursed Blacksmith","player_choice":"Rummage","floor":19.0,"gold_loss":0.0,"damage_taken":0.0,"relics_obtained":["WarpedTongs"],"cards_obtained":["Pain"]},{"damage_healed":0.0,"max_hp_gain":0.0,"max_hp_loss":0.0,"gold_gain":0.0,"event_name":"Cursed Tome","player_choice":"Ignored","floor":31.0,"gold_loss":0.0,"damage_taken":0.0},{"damage_healed":0.0,"max_hp_gain":0.0,"max_hp_loss":3.0,"gold_gain":0.0,"event_name":"Winding Halls","player_choice":"Max HP","floor":36.0,"gold_loss":0.0,"damage_taken":0.0},{"damage_healed":0.0,"max_hp_gain":0.0,"max_hp_loss":0.0,"gold_gain":0.0,"event_name":"Wheel of Change","player_choice":"Relic","floor":37.0,"gold_loss":0.0,"damage_taken":0.0},{"damage_healed":0.0,"max_hp_gain":0.0,"max_hp_loss":0.0,"gold_gain":0.0,"event_name":"Tomb of Lord Red Mask","player_choice":"Ignored","floor":39.0,"gold_loss":0.0,"damage_taken":0.0},{"cards_removed":["Strike_B"],"damage_healed":0.0,"max_hp_gain":0.0,"max_hp_loss":0.0,"gold_gain":0.0,"event_name":"Falling","player_choice":"Removed Attack","floor":46.0,"gold_loss":0.0,"damage_taken":0.0}],"is_beta":false,"boss_relics":[{"not_picked":["Snecko Eye","Calling Bell"],"picked":"Eternal Feather"},{"not_picked":["Philosopher\u0027s Stone","FrozenCore"],"picked":"Black Star"}],"items_purged_floors":[20,28],"is_endless":false,"potions_floor_spawned":[10,12,21,27,33,35],"ascension_level":9}