{"gold_per_floor":[117,292,305,305,580,580,599,599,645,202,212,112,132,152,152,255,255,222,242,242,17,36,71,71,21,89,105,124,124],"floor_reached":29,"playtime":3612,"items_purged":["Regret","Doubt","Shame","Injury"],"score":237,"play_id":"b9fec760-c47d-493d-b134-d2028ee30771","local_time":"20190912011714","is_ascension_mode":false,"campfire_choices":[{"data":"Distraction","floor":6,"key":"SMITH"},{"data":"Backflip","floor":8,"key":"SMITH"},{"floor":15,"key":"REST"},{"floor":24,"key":"REST"}],"neow_cost":"NONE","seed_source_timestamp":103201682604000,"circlet_count":0,"master_deck":["Strike_G","Strike_G","Strike_G","Strike_G","Strike_G","Defend_G","Defend_G+1","Defend_G+1","Defend_G","Defend_G","Survivor","Neutralize","Backflip+1","Distraction+1","Flying Knee","Deadly Poison","Backstab","Infinite Blades","Acrobatics","Poisoned Stab","Parasite","Poisoned Stab","Bane","Thinking Ahead","Bouncing Flask","Dodge and Roll","Dodge and Roll+1"],"relics":["Ring of the Snake","Oddly Smooth Stone","Anchor","Dodecahedron","Calling Bell","Smiling Mask","Mummified Hand","Shovel","Ice Cream","War Paint","Meat on the Bone"],"potions_floor_usage":[23,23],"damage_taken":[{"damage":0,"enemies":"Jaw Worm","floor":1,"turns":4},{"damage":0,"enemies":"2 Louse","floor":3,"turns":4},{"damage":13,"enemies":"Cultist","floor":7,"turns":7},{"damage":4,"enemies":"Exordium Thugs","floor":11,"turns":4},{"damage":0,"enemies":"Lots of Slimes","floor":13,"turns":4},{"damage":9,"enemies":"3 Louse","floor":14,"turns":3},{"damage":66,"enemies":"The Guardian","floor":16,"turns":11},{"damage":2,"enemies":"2 Thieves","floor":18,"turns":5},{"damage":16,"enemies":"3 Byrds","floor":19,"turns":8},{"damage":16,"enemies":"Snake Plant","floor":22,"turns":6},{"damage":13,"enemies":"Slavers","floor":23,"turns":8},{"damage":14,"enemies":"Shelled Parasite and Fungi","floor":27,"turns":7},{"damage":25,"enemies":"Centurion and Healer","floor":28,"turns":8},{"damage":38,"enemies":"3 Cultists","floor":29,"turns":5}],"seed_played":"5149127206646102115","potions_obtained":[{"floor":7,"key":"Block Potion"},{"floor":11,"key":"LiquidBronze"},{"floor":18,"key":"Strength Potion"},{"floor":27,"key":"Energy Potion"}],"is_trial":false,"path_per_floor":["M","?","M","?","?","R","M","R","T","$","M","$","M","M","R","B",null,"M","M","T","$","M","E","R","$","T","M","M","M"],"character_chosen":"THE_SILENT","items_purchased":["Deadly Poison","Backstab","Dodecahedron","Thinking Ahead"],"campfire_rested":2,"item_purchase_floors":[10,10,10,21],"current_hp_per_floor":[70,70,70,75,75,75,62,62,62,62,58,58,58,49,71,5,75,73,57,57,57,41,28,50,50,50,48,35,0],"gold":124,"neow_bonus":"RANDOM_COMMON_RELIC","is_prod":false,"is_daily":false,"chose_seed":false,"campfire_upgraded":2,"win_rate":0.0,"timestamp":1568243834,"path_taken":["M","?","M","?","?","R","M","R","T","$","M","$","M","M","R","BOSS","M","?","?","$","?","E","R","$","T","M","M","M"],"build_version":"2019-07-17","purchased_purges":4,"victory":false,"max_hp_per_floor":[70,70,70,75,75,75,75,75,75,75,75,75,75,75,75,75,75,75,75,75,75,75,75,75,75,75,75,75,75],"card_choices":[{"not_picked":["Blade Dance","Escape Plan"],"picked":"Backflip","floor":1},{"not_picked":["PiercingWail","Underhanded Strike"],"picked":"Distraction","floor":3},{"not_picked":["Bane","Eviscerate"],"picked":"Flying Knee","floor":7},{"not_picked":["Flying Knee","Sucker Punch"],"picked":"Infinite Blades","floor":11},{"not_picked":["Riddle With Holes","Dagger Spray"],"picked":"Acrobatics","floor":13},{"not_picked":["Burst","Acrobatics"],"picked":"Poisoned Stab","floor":14},{"not_picked":["Acrobatics","All Out Attack+1"],"picked":"Poisoned Stab","floor":18},{"not_picked":["Terror","Heel Hook"],"picked":"Bane","floor":19},{"not_picked":["Acrobatics","Flying Knee","Outmaneuver"],"picked":"SKIP","floor":22},{"not_picked":["Prepared","Outmaneuver"],"picked":"Bouncing Flask","floor":23},{"not_picked":["Dagger Spray","Blade Dance"],"picked":"Dodge and Roll","floor":27},{"not_picked":["Bane","Blur"],"picked":"Dodge and Roll+1","floor":28}],"player_experience":49965,"relics_obtained":[{"floor":9,"key":"Anchor"},{"floor":17,"key":"Smiling Mask"},{"floor":17,"key":"Mummified Hand"},{"floor":17,"key":"Shovel"},{"floor":20,"key":"Ice Cream"},{"floor":23,"key":"War Paint"},{"floor":26,"key":"Meat on the Bone"}],"event_choices":[{"damage_healed":0,"gold_gain":175,"player_choice":"AGREE","damage_taken":0,"max_hp_gain":0,"max_hp_loss":0,"event_name":"Liars Game","floor":2,"gold_loss":0,"cards_obtained":["Doubt"]},{"damage_healed":0,"gold_gain":0,"player_choice":"Donut","damage_taken":0,"max_hp_gain":5,"max_hp_loss":0,"event_name":"Big Fish","floor":4,"gold_loss":0},{"damage_healed":0,"gold_gain":275,"player_choice":"Desecrate","damage_taken":0,"max_hp_gain":0,"max_hp_loss":0,"event_name":"Golden Shrine","floor":5,"gold_loss":0,"cards_obtained":["Regret"]}],"is_beta":false,"boss_relics":[{"not_picked":["Runic Dome","Coffee Dripper"],"picked":"Calling Bell"}],"items_purged_floors":[10,12,21,25],"is_endless":false,"potions_floor_spawned":[7,11,18,27],"killed_by":"3 Cultists","ascension_level":0}