{"gold_per_floor":[112,112,11,11,23,23,38,38,89,89,99,99,24,52,52,124,124,139,157,3,14,14,14],"floor_reached":23,"playtime":1524,"items_purged":["Strike_B","Pain"],"score":378,"play_id":"8dae885e-3840-4720-b9a9-8019f38b2f95","local_time":"20190831195852","is_ascension_mode":true,"campfire_choices":[{"data":"Zap","floor":6.0,"key":"SMITH"},{"data":"Bandage Up","floor":8.0,"key":"SMITH"},{"data":"Go for the Eyes","floor":10.0,"key":"SMITH"},{"data":"Dualcast","floor":12.0,"key":"SMITH"},{"data":"Coolheaded","floor":15.0,"key":"SMITH"}],"neow_cost":"NONE","seed_source_timestamp":712363481073699,"circlet_count":0,"master_deck":["AscendersBane","Strike_B","Strike_B+1","Strike_B","Defend_B","Defend_B","Defend_B","Defend_B+1","Zap+1","Dualcast+1","Ball Lightning","Bandage Up+1","Coolheaded+1","Blizzard","Zap+1","Leap","Go for the Eyes+1","Cold Snap","Auto Shields","Creative AI","Clumsy","Clumsy","Recycle+1","Static Discharge","Coolheaded+1","Shame"],"special_seed":0,"relics":["Cracked Core","Happy Flower","Bottled Lightning","Calling Bell","Vajra","Kunai","Incense Burner","Nunchaku"],"potions_floor_usage":[23],"damage_taken":[{"damage":2.0,"enemies":"Jaw Worm","floor":1.0,"turns":3.0},{"damage":10.0,"enemies":"Small Slimes","floor":5.0,"turns":3.0},{"damage":0.0,"enemies":"Cultist","floor":7.0,"turns":2.0},{"damage":1.0,"enemies":"Exordium Thugs","floor":11.0,"turns":4.0},{"damage":6.0,"enemies":"Gremlin Nob","floor":14.0,"turns":4.0},{"damage":13.0,"enemies":"The Guardian","floor":16.0,"turns":12.0},{"damage":8.0,"enemies":"3 Byrds","floor":18.0,"turns":5.0},{"damage":29,"enemies":"Spheric Guardian","floor":19,"turns":6},{"damage":40,"enemies":"3 Cultists","floor":21,"turns":5},{"damage":15,"enemies":"Slavers","floor":23,"turns":1}],"seed_played":"4627537034851745802","potions_obtained":[{"floor":5.0,"key":"Weak Potion"},{"floor":11.0,"key":"Explosive Potion"}],"is_trial":false,"path_per_floor":["M","?","$","?","M","R","M","R","T","R","M","R","$","E","R","B",null,"M","M","$","M","?","E"],"character_chosen":"DEFECT","items_purchased":["Bandage Up","Block Potion"],"campfire_rested":0,"item_purchase_floors":[3,20],"current_hp_per_floor":[62,41,41,41,35,35,35,35,35,35,40,40,40,40,40,33,62,60,37,37,3,3,0],"gold":14,"neow_bonus":"UPGRADE_CARD","is_prod":false,"is_daily":false,"chose_seed":false,"campfire_upgraded":5,"win_rate":0,"timestamp":1567306732,"path_taken":["M","?","$","?","?","R","M","R","T","R","M","R","?","E","R","BOSS","M","M","$","M","?","E"],"build_version":"2019-07-17","purchased_purges":2,"victory":false,"max_hp_per_floor":[71,71,71,71,71,71,71,71,71,71,71,71,71,71,71,71,71,71,71,71,71,71,71],"card_choices":[{"not_picked":["Leap","Undo"],"picked":"Ball Lightning","floor":1.0},{"not_picked":["Aggregate","Rebound"],"picked":"Leap","floor":5.0},{"not_picked":["Ball Lightning","Turbo"],"picked":"Go for the Eyes","floor":7.0},{"not_picked":["Barrage","Compile Driver"],"picked":"Cold Snap","floor":11.0},{"not_picked":["Turbo","Compile Driver"],"picked":"Auto Shields","floor":14.0},{"not_picked":["Seek","Amplify"],"picked":"Creative AI","floor":16.0},{"not_picked":["Coolheaded","Chill"],"picked":"Recycle+1","floor":18.0},{"not_picked":["Ball Lightning","Coolheaded"],"picked":"Static Discharge","floor":19},{"not_picked":["Reprogram","Redo"],"picked":"Coolheaded+1","floor":21}],"player_experience":846597,"relics_obtained":[{"floor":9.0,"key":"Happy Flower"},{"floor":14.0,"key":"Bottled Lightning"},{"floor":17.0,"key":"Vajra"},{"floor":17.0,"key":"Kunai"},{"floor":17.0,"key":"Incense Burner"}],"event_choices":[{"damage_healed":0.0,"max_hp_gain":0.0,"max_hp_loss":0.0,"gold_gain":0.0,"event_name":"Shining Light","player_choice":"Entered Light","floor":2.0,"gold_loss":0.0,"damage_taken":21.0,"cards_upgraded":["Defend_B","Strike_B"]},{"damage_healed":0.0,"max_hp_gain":0.0,"max_hp_loss":0.0,"gold_gain":0.0,"event_name":"Match and Keep!","player_choice":"3 cards matched","floor":4.0,"gold_loss":0.0,"damage_taken":0.0,"cards_obtained":["Coolheaded","Blizzard","Zap"]},{"damage_healed":0,"gold_gain":0,"player_choice":"Stole Relic","damage_taken":0,"relics_obtained":["Nunchaku"],"max_hp_gain":0,"max_hp_loss":0,"event_name":"Addict","floor":22,"gold_loss":0,"cards_obtained":["Shame"]}],"is_beta":false,"boss_relics":[{"not_picked":["Lizard Tail","Snecko Eye"],"picked":"Calling Bell"}],"items_purged_floors":[13,20],"is_endless":false,"potions_floor_spawned":[5,11],"killed_by":"Slavers","ascension_level":20}