{"gold_per_floor":[19,19,19,35,35,35,49,68,147,159,159,159,176,194,194,194],"floor_reached":16,"playtime":465,"items_purged":[],"score":94,"play_id":"4f9a2c3c-a17a-4daf-8a3a-3cd88c50744d","local_time":"20190210224445","is_ascension_mode":false,"campfire_choices":[{"data":"Barricade","floor":6,"key":"SMITH"},{"data":"Body Slam","floor":12,"key":"SMITH"},{"floor":15,"key":"REST"}],"neow_cost":"NO_GOLD","seed_source_timestamp":356392900899084,"circlet_count":0,"master_deck":["Strike_R+1","Strike_R","Defend_R","Defend_R","Defend_R","Defend_R","Bash","Run Through+1","Barricade+1","hubris:ReadiedAction","Corruption+1","Body Slam+1"],"relics":["Burning Blood","hubris:Reverence"],"potions_floor_usage":[14,16],"damage_taken":[{"damage":6,"enemies":"2 Louse","floor":1,"turns":3},{"damage":0,"enemies":"Small Slimes","floor":4,"turns":3},{"damage":3,"enemies":"Jaw Worm","floor":7,"turns":6},{"damage":5,"enemies":"2 Fungi Beasts","floor":8,"turns":4},{"damage":29,"enemies":"3 Louse","floor":10,"turns":7},{"damage":17,"enemies":"Large Slime","floor":13,"turns":6},{"damage":16,"enemies":"Lots of Slimes","floor":14,"turns":6},{"damage":45,"enemies":"Hexaghost","floor":16,"turns":11}],"seed_played":"-5935613210808850808","potions_obtained":[{"floor":1,"key":"LifebloodPotion"},{"floor":8,"key":"Swift Potion"},{"floor":14,"key":"SmokeBomb"}],"is_trial":false,"path_per_floor":["M","?","?","M","?","R","M","M","T","M","?","R","M","M","R","B"],"character_chosen":"IRONCLAD","items_purchased":[],"campfire_rested":1,"item_purchase_floors":[],"current_hp_per_floor":[80,80,80,80,73,73,76,77,77,54,38,38,27,17,41,0],"gold":194,"neow_bonus":"REMOVE_TWO","is_prod":false,"is_daily":false,"chose_seed":false,"campfire_upgraded":2,"win_rate":0,"timestamp":1549856685,"path_taken":["M","?","?","M","?","R","M","M","T","M","?","R","?","M","R","BOSS"],"build_version":"2019-01-23","purchased_purges":0,"victory":false,"max_hp_per_floor":[80,80,80,80,80,80,80,80,80,80,80,80,80,80,80,80],"card_choices":[{"not_picked":["Twin Strike","Clothesline"],"picked":"Run Through","floor":1},{"not_picked":["Pommel Strike","Twin Strike"],"picked":"Barricade","floor":4},{"not_picked":["Rupture","Clothesline"],"picked":"hubris:ReadiedAction","floor":7},{"not_picked":["Armaments","Thunderclap"],"picked":"Corruption","floor":8},{"not_picked":["Cleave","Hemokinesis"],"picked":"Body Slam","floor":10},{"not_picked":["Replay:Undeath\u0027s Touch","Clothesline","Clash"],"picked":"SKIP","floor":13},{"not_picked":["Havoc","Combust","Twin Strike"],"picked":"SKIP","floor":14}],"player_experience":686832,"relics_obtained":[{"floor":9,"key":"hubris:Reverence"}],"event_choices":[{"damage_healed":0,"gold_gain":0,"player_choice":"Grow","damage_taken":0,"max_hp_gain":0,"max_hp_loss":0,"event_name":"Living Wall","floor":3,"gold_loss":0,"cards_upgraded":["Run Through"]},{"cards_removed":["Strike_R"],"damage_healed":0,"gold_gain":0,"player_choice":"Card Removal","damage_taken":7,"max_hp_gain":0,"max_hp_loss":0,"event_name":"Golden Wing","floor":5,"gold_loss":0},{"damage_healed":0,"gold_gain":0,"player_choice":"Entered Light","damage_taken":16,"max_hp_gain":0,"max_hp_loss":0,"event_name":"Shining Light","floor":11,"gold_loss":0,"cards_upgraded":["Strike_R","Corruption"]}],"is_beta":false,"boss_relics":[],"items_purged_floors":[],"is_endless":false,"potions_floor_spawned":[1,8,14],"killed_by":"Hexaghost","ascension_level":0}