{"gold_per_floor":[117,33,47,23,0,0,31,44,91,41,41,58,58,92,92,188,188,205,191,66,84,84,84,103,103,103,103,121,121,121,137,137,233,233,243,260,277,277,294,294,328,328,353,353,353],"floor_reached":45,"playtime":3038,"items_purged":["Strike_B"],"score":453,"play_id":"9dc0d698-8eb9-4d53-a410-54acfac506f6","local_time":"20190916205734","is_ascension_mode":false,"campfire_choices":[{"data":"Madness","floor":6,"key":"SMITH"},{"data":"Dualcast","floor":11,"key":"SMITH"},{"data":"Defragment","floor":13,"key":"SMITH"},{"data":"Zap","floor":15,"key":"SMITH"},{"data":"Hologram","floor":23,"key":"SMITH"},{"data":"Doom and Gloom","floor":25,"key":"SMITH"},{"floor":27,"key":"RECALL"},{"data":"Redo","floor":32,"key":"SMITH"},{"floor":40,"key":"REST"},{"floor":42,"key":"REST"},{"floor":44,"key":"REST"}],"neow_cost":"NONE","seed_source_timestamp":519019574387800,"circlet_count":0,"master_deck":["Strike_B+1","Strike_B+1","Defend_B+1","Defend_B+1","Defend_B+1","Defend_B+1","Zap+1","Dualcast+1","Madness+1","Doom and Gloom+1","Self Repair","Cold Snap","Steam","Leap","Defragment+1","Hologram+1","Coolheaded","Thunder Strike","Redo+1","Streamline","Conserve Battery","Glacier+1","Chill+1","Capacitor+1","Conserve Battery+1","Multi-Cast","Reprogram","Defragment+1","Chaos","Gash","Blizzard","Stack+1","Melter+1","Hologram+1"],"relics":["Cracked Core","Lantern","Dream Catcher","Omamori","White Beast Statue","Letter Opener","Shuriken","Inserter","Potion Belt"],"potions_floor_usage":[7,14,21,31,33,33,39,39,41,41,45],"damage_taken":[{"damage":6,"enemies":"Cultist","floor":1,"turns":3},{"damage":6,"enemies":"Jaw Worm","floor":3,"turns":3},{"damage":18,"enemies":"Gremlin Nob","floor":7,"turns":5},{"damage":0,"enemies":"2 Louse","floor":8,"turns":2},{"damage":0,"enemies":"2 Fungi Beasts","floor":12,"turns":4},{"damage":15,"enemies":"3 Sentries","floor":14,"turns":9},{"damage":27,"enemies":"Slime Boss","floor":16,"turns":14},{"damage":2,"enemies":"Shell Parasite","floor":18,"turns":8},{"damage":10,"enemies":"2 Thieves","floor":19,"turns":5},{"damage":10,"enemies":"Shelled Parasite and Fungi","floor":21,"turns":7},{"damage":0,"enemies":"Cultist and Chosen","floor":24,"turns":9},{"damage":0,"enemies":"Snecko","floor":28,"turns":8},{"damage":6,"enemies":"Snake Plant","floor":31,"turns":7},{"damage":38,"enemies":"Automaton","floor":33,"turns":11},{"damage":8,"enemies":"3 Darklings","floor":35,"turns":10},{"damage":0,"enemies":"Orb Walker","floor":36,"turns":6},{"damage":34,"enemies":"Writhing Mass","floor":37,"turns":7},{"damage":34,"enemies":"Transient","floor":39,"turns":5},{"damage":31,"enemies":"Reptomancer","floor":41,"turns":7},{"damage":63,"enemies":"Maw","floor":45,"turns":12}],"seed_played":"-7999076939351228920","potions_obtained":[{"floor":3,"key":"Weak Potion"},{"floor":8,"key":"Explosive Potion"},{"floor":16,"key":"SkillPotion"},{"floor":18,"key":"Ancient Potion"},{"floor":19,"key":"SkillPotion"},{"floor":21,"key":"Poison Potion"},{"floor":31,"key":"SkillPotion"},{"floor":33,"key":"SpeedPotion"},{"floor":35,"key":"Poison Potion"},{"floor":36,"key":"Energy Potion"},{"floor":37,"key":"PowerPotion"},{"floor":39,"key":"FocusPotion"},{"floor":41,"key":"Block Potion"}],"is_trial":false,"path_per_floor":["M","$","M","$","?","R","E","M","T","?","R","M","R","E","R","B",null,"M","M","$","M","?","R","M","R","T","R","M","?","?","M","R","B",null,"M","M","M","?","M","R","E","R","T","R","M"],"character_chosen":"DEFECT","items_purchased":["Self Repair","Cold Snap","Leap","Conserve Battery"],"campfire_rested":3,"item_purchase_floors":[2,2,4,20],"current_hp_per_floor":[69,69,70,70,70,70,59,66,66,66,66,73,73,65,65,45,75,75,72,72,69,69,69,75,75,75,75,75,75,61,62,62,31,80,79,80,53,53,19,43,12,36,36,60,0],"gold":353,"neow_bonus":"RANDOM_COLORLESS","is_prod":false,"is_daily":false,"chose_seed":false,"campfire_upgraded":7,"win_rate":0,"timestamp":1568660254,"path_taken":["M","$","M","$","?","R","E","M","T","?","R","M","R","E","R","BOSS","M","M","$","M","?","R","M","R","T","R","M","?","?","M","R","BOSS","M","M","M","?","?","R","E","R","T","R","M"],"build_version":"2019-07-17","purchased_purges":1,"victory":false,"max_hp_per_floor":[75,75,75,75,75,75,75,75,75,75,75,75,75,75,75,75,75,75,75,75,75,75,75,75,75,75,75,75,75,80,80,80,80,80,80,80,80,80,80,80,80,80,80,80,80],"card_choices":[{"not_picked":["Ball Lightning","Hologram"],"picked":"Doom and Gloom","floor":1},{"not_picked":["Loop","Turbo"],"picked":"Steam","floor":3},{"not_picked":["Steam","Cold Snap"],"picked":"Defragment","floor":7},{"not_picked":["Cold Snap","Melter"],"picked":"Hologram","floor":8},{"not_picked":["Turbo","Recycle","Go for the Eyes"],"picked":"SKIP","floor":12},{"not_picked":["Streamline","Steam Power"],"picked":"Coolheaded","floor":14},{"not_picked":["Machine Learning","Biased Cognition"],"picked":"Thunder Strike","floor":16},{"not_picked":["Go for the Eyes+1","Compile Driver"],"picked":"Redo","floor":18},{"not_picked":["Heatsinks","Stack"],"picked":"Streamline","floor":19},{"not_picked":["Double Energy","Rebound"],"picked":"Glacier+1","floor":21},{"not_picked":["Compile Driver","Rebound"],"picked":"Chill+1","floor":24},{"not_picked":["Stack","Aggregate"],"picked":"Capacitor+1","floor":28},{"not_picked":["Steam","Genetic Algorithm"],"picked":"Conserve Battery+1","floor":31},{"not_picked":["Thunder Strike","Core Surge"],"picked":"Multi-Cast","floor":33},{"not_picked":["Stack+1","Go for the Eyes+1"],"picked":"Reprogram","floor":35},{"not_picked":["Beam Cell","Gash"],"picked":"Defragment+1","floor":36},{"not_picked":["Barrage","Static Discharge+1"],"picked":"Chaos","floor":37},{"not_picked":["Heatsinks","Redo","Barrage"],"picked":"SKIP","floor":39},{"not_picked":["Rebound","Hello World+1"],"picked":"Blizzard","floor":40},{"not_picked":["Scrape","Beam Cell+1"],"picked":"Stack+1","floor":41},{"not_picked":["Hologram","Coolheaded"],"picked":"Melter+1","floor":42},{"not_picked":["Core Surge","Sweeping Beam+1"],"picked":"Hologram+1","floor":44}],"player_experience":102973,"relics_obtained":[{"floor":7,"key":"Lantern"},{"floor":9,"key":"Dream Catcher"},{"floor":14,"key":"Omamori"},{"floor":26,"key":"Letter Opener"},{"floor":41,"key":"Potion Belt"}],"event_choices":[{"damage_healed":0,"gold_gain":0,"player_choice":"Left Gold","damage_taken":0,"max_hp_gain":0,"max_hp_loss":0,"event_name":"World of Goop","floor":5,"gold_loss":23},{"cards_removed":["Strike_B"],"damage_healed":0,"gold_gain":0,"player_choice":"Card Removal","damage_taken":0,"max_hp_gain":0,"max_hp_loss":0,"event_name":"The Cleric","floor":10,"gold_loss":50},{"damage_healed":0,"gold_gain":0,"player_choice":"Simplicity","damage_taken":0,"max_hp_gain":0,"max_hp_loss":0,"event_name":"Back to Basics","floor":22,"gold_loss":0,"cards_upgraded":["Strike_B","Strike_B","Defend_B","Defend_B","Defend_B","Defend_B"]},{"damage_healed":0,"gold_gain":0,"player_choice":"Opened","damage_taken":0,"relics_obtained":["Shuriken"],"max_hp_gain":0,"max_hp_loss":0,"event_name":"The Mausoleum","floor":29,"gold_loss":0},{"damage_healed":0,"gold_gain":0,"player_choice":"Shed Blood","damage_taken":19,"max_hp_gain":5,"max_hp_loss":0,"event_name":"Forgotten Altar","floor":30,"gold_loss":0},{"damage_healed":0,"gold_gain":0,"player_choice":"1 cards matched","damage_taken":0,"max_hp_gain":0,"max_hp_loss":0,"event_name":"Match and Keep!","floor":38,"gold_loss":0,"cards_obtained":["Gash"]}],"is_beta":false,"boss_relics":[{"not_picked":["Velvet Choker","Cursed Key"],"picked":"White Beast Statue"},{"not_picked":["Eternal Feather","Fusion Hammer"],"picked":"Inserter"}],"items_purged_floors":[20],"is_endless":false,"potions_floor_spawned":[3,8,16,18,19,21,24,28,31,33,35,36,37,39,41],"killed_by":"Maw","ascension_level":0}