{"gold_per_floor":[116,133,133,144,144,177,177,208,208,224,243,270,289,306,306,403,403,422,337,337,192,204,263,263,296,296,316,316,327,54,154,154,259,259,277,300,310,256,271,299,299,299],"floor_reached":42,"playtime":4955,"items_purged":["Decay","Defend_G"],"score":537,"play_id":"9596b090-2b4d-4682-be37-79c1614bd42d","local_time":"20190913222037","is_ascension_mode":true,"campfire_choices":[{"floor":7,"key":"REST"},{"floor":15,"key":"REST"},{"data":"Noxious Fumes","floor":24,"key":"SMITH"},{"data":"Caltrops","floor":32,"key":"SMITH"},{"floor":41,"key":"REST"}],"neow_cost":"NONE","seed_source_timestamp":27261163913500,"circlet_count":0,"master_deck":["Defend_G","Defend_G","Defend_G","Survivor","Neutralize","Cloak And Dagger","Leg Sweep","Caltrops+1","Glass Knife","Dagger Spray","PiercingWail","Noxious Fumes+1","Unload","Well Laid Plans","Burst","Terror+1","Infinite Blades","Prepared+1","Catalyst","Bite","Bite","Bite","Bite","Bite","Deflect+1","Sadistic Nature","Phantasmal Killer","Quick Slash+1","Acrobatics","All Out Attack+1","Expertise+1"],"relics":["Ring of the Snake","NeowsBlessing","Sundial","Happy Flower","Pantograph","Strawberry","Runic Pyramid","Lantern","Tiny Chest","Bag of Marbles","Vajra","HoveringKite","Dream Catcher"],"potions_floor_usage":[6,12,16,22,23,25,33,40,40,40],"damage_taken":[{"damage":0,"enemies":"Jaw Worm","floor":1,"turns":1},{"damage":0,"enemies":"Small Slimes","floor":2,"turns":1},{"damage":0,"enemies":"2 Louse","floor":4,"turns":1},{"damage":26,"enemies":"3 Sentries","floor":6,"turns":12},{"damage":19,"enemies":"Gremlin Nob","floor":8,"turns":6},{"damage":3,"enemies":"Red Slaver","floor":10,"turns":6},{"damage":8,"enemies":"Large Slime","floor":11,"turns":7},{"damage":5,"enemies":"3 Sentries","floor":12,"turns":6},{"damage":0,"enemies":"Looter","floor":13,"turns":4},{"damage":5,"enemies":"Red Slaver","floor":14,"turns":4},{"damage":29,"enemies":"Hexaghost","floor":16,"turns":9},{"damage":0,"enemies":"3 Byrds","floor":18,"turns":5},{"damage":6,"enemies":"Spheric Guardian","floor":22,"turns":6},{"damage":9,"enemies":"Gremlin Leader","floor":23,"turns":8},{"damage":13,"enemies":"Book of Stabbing","floor":25,"turns":5},{"damage":0,"enemies":"Snecko","floor":27,"turns":5},{"damage":17,"enemies":"3 Cultists","floor":29,"turns":7},{"damage":3,"enemies":"Automaton","floor":33,"turns":9},{"damage":23,"enemies":"3 Darklings","floor":35,"turns":6},{"damage":15,"enemies":"Orb Walker","floor":37,"turns":5},{"damage":11,"enemies":"3 Darklings","floor":39,"turns":5},{"damage":29,"enemies":"Nemesis","floor":40,"turns":11},{"damage":34,"enemies":"Reptomancer","floor":42,"turns":3}],"seed_played":"-1429167978033763541","potions_obtained":[{"floor":4,"key":"Strength Potion"},{"floor":8,"key":"Poison Potion"},{"floor":10,"key":"Weak Potion"},{"floor":13,"key":"Poison Potion"},{"floor":14,"key":"PowerPotion"},{"floor":16,"key":"Poison Potion"},{"floor":18,"key":"GhostInAJar"},{"floor":22,"key":"Energy Potion"},{"floor":23,"key":"LiquidBronze"},{"floor":27,"key":"GhostInAJar"},{"floor":35,"key":"EssenceOfSteel"},{"floor":39,"key":"GhostInAJar"},{"floor":40,"key":"SteroidPotion"}],"is_trial":false,"path_per_floor":["M","M","?","M","?","E","R","E","T","M","M","E","M","M","R","B",null,"M","?","?","$","M","E","R","E","T","M","?","M","$","?","R","B",null,"M","T","M","$","M","E","R","E"],"character_chosen":"THE_SILENT","items_purchased":["Infinite Blades","Sadistic Nature","Acrobatics"],"campfire_rested":3,"item_purchase_floors":[21,30,38],"current_hp_per_floor":[70,70,70,70,63,37,58,39,39,36,28,30,30,25,48,44,77,77,77,77,77,71,62,62,49,49,49,49,42,42,42,42,53,53,38,38,29,29,20,7,22,0],"gold":299,"neow_bonus":"THREE_ENEMY_KILL","is_prod":false,"is_daily":false,"chose_seed":false,"campfire_upgraded":2,"win_rate":0,"timestamp":1568406037,"path_taken":["M","M","?","M","?","E","R","E","T","M","M","E","M","M","R","BOSS","M","?","?","$","M","E","R","E","T","?","?","M","$","?","R","BOSS","M","?","M","$","M","E","R","E"],"build_version":"2019-07-17","purchased_purges":2,"victory":false,"max_hp_per_floor":[70,70,70,70,70,70,70,70,70,70,70,77,77,77,77,77,77,77,77,77,77,77,77,77,77,77,77,53,53,53,53,53,53,53,53,53,53,53,53,53,53,53],"card_choices":[{"not_picked":["Dodge and Roll","PiercingWail"],"picked":"Cloak And Dagger","floor":1},{"not_picked":["Catalyst","Flying Knee"],"picked":"Leg Sweep","floor":2},{"not_picked":["Outmaneuver","Finisher"],"picked":"Caltrops","floor":4},{"not_picked":["Quick Slash","Dagger Throw"],"picked":"Glass Knife","floor":6},{"not_picked":["Reflex","Quick Slash"],"picked":"Dagger Spray","floor":8},{"not_picked":["Acrobatics","Skewer"],"picked":"PiercingWail","floor":10},{"not_picked":["PiercingWail","Dodge and Roll"],"picked":"Noxious Fumes","floor":11},{"not_picked":["Skewer","Riddle With Holes"],"picked":"Terror","floor":12},{"not_picked":["Tactician","Deflect"],"picked":"Unload","floor":13},{"not_picked":["Poisoned Stab","PiercingWail"],"picked":"Well Laid Plans","floor":14},{"not_picked":["Adrenaline","Venomology"],"picked":"Burst","floor":16},{"not_picked":["Backstab","Prepared"],"picked":"Terror+1","floor":18},{"not_picked":["Masterful Stab","Eviscerate","Flying Knee"],"picked":"SKIP","floor":22},{"not_picked":["Well Laid Plans+1","Riddle With Holes"],"picked":"Prepared+1","floor":23},{"not_picked":["Dodge and Roll","Underhanded Strike","Quick Slash"],"picked":"SKIP","floor":25},{"not_picked":["Prepared","Poisoned Stab"],"picked":"Catalyst","floor":27},{"not_picked":["Underhanded Strike","Flying Knee"],"picked":"Deflect+1","floor":29},{"not_picked":["Die Die Die","Venomology"],"picked":"Phantasmal Killer","floor":33},{"not_picked":["Choke+1","Flying Knee+1","Well Laid Plans+1"],"picked":"SKIP","floor":35},{"not_picked":["Dash+1","Infinite Blades"],"picked":"Quick Slash+1","floor":37},{"not_picked":["Cloak And Dagger","Finisher"],"picked":"All Out Attack+1","floor":39},{"not_picked":["Outmaneuver+1","Heel Hook+1","Sucker Punch"],"picked":"SKIP","floor":40},{"not_picked":["Cloak And Dagger","Leg Sweep"],"picked":"Expertise+1","floor":41}],"player_experience":94437,"relics_obtained":[{"floor":6,"key":"Sundial"},{"floor":8,"key":"Happy Flower"},{"floor":9,"key":"Pantograph"},{"floor":12,"key":"Strawberry"},{"floor":23,"key":"Tiny Chest"},{"floor":25,"key":"Bag of Marbles"},{"floor":26,"key":"Vajra"},{"floor":40,"key":"Dream Catcher"}],"event_choices":[{"damage_healed":0,"gold_gain":0,"player_choice":"Ignored","damage_taken":0,"max_hp_gain":0,"max_hp_loss":0,"event_name":"Shining Light","floor":3,"gold_loss":0},{"cards_removed":["Defend_G"],"damage_healed":0,"gold_gain":0,"player_choice":"Card Removal","damage_taken":7,"max_hp_gain":0,"max_hp_loss":0,"event_name":"Golden Wing","floor":5,"gold_loss":0},{"damage_healed":0,"gold_gain":0,"player_choice":"Obtained Relic","damage_taken":0,"relics_obtained":["Lantern"],"max_hp_gain":0,"max_hp_loss":0,"event_name":"Addict","floor":19,"gold_loss":85},{"cards_removed":["Terror"],"damage_healed":0,"gold_gain":0,"player_choice":"Took Card","damage_taken":0,"max_hp_gain":0,"max_hp_loss":0,"event_name":"NoteForYourself","floor":20,"gold_loss":0,"cards_obtained":["Decay"]},{"damage_healed":0,"gold_gain":0,"player_choice":"Became a vampire","damage_taken":0,"max_hp_gain":0,"max_hp_loss":24,"event_name":"Vampires","floor":28,"gold_loss":0,"cards_obtained":["Bite","Bite","Bite","Bite","Bite"]},{"damage_healed":0,"gold_gain":100,"player_choice":"Pray","damage_taken":0,"max_hp_gain":0,"max_hp_loss":0,"event_name":"Golden Shrine","floor":31,"gold_loss":0}],"is_beta":false,"boss_relics":[{"not_picked":["Coffee Dripper","Tiny House"],"picked":"Runic Pyramid"},{"not_picked":["Eternal Feather","Orrery"],"picked":"HoveringKite"}],"items_purged_floors":[21,30],"is_endless":false,"potions_floor_spawned":[4,8,10,13,14,16,18,22,23,27,35,39,40],"killed_by":"Reptomancer","ascension_level":1}