{"gold_per_floor":[114,134,234,245,257,257,231,250,250,250,250,250,268,282,282,384,384,401,361,379,379,15,15,30,30,30,43,43,43,0,0,78,187,187,212,212,271,93,117,117,0,0,0,0,10,36,36,48,48,48],"floor_reached":51,"playtime":1294,"items_purged":["Strike_R","Shame"],"score":1040,"play_id":"e073a729-34e2-4b36-8a75-b22bdfd5cd2d","local_time":"20190226152915","is_ascension_mode":false,"campfire_choices":[{"data":"Barricade","floor":6,"key":"SMITH"},{"data":"conspire:ExplosiveBarrier","floor":12,"key":"SMITH"},{"data":"Disarm","floor":15,"key":"SMITH"},{"data":"conspire:Charge","floor":23,"key":"SMITH"},{"data":"Defend_R","floor":23,"key":"SMITH"},{"data":"ReplayReversal","floor":25,"key":"SMITH"},{"data":"ReplayTheSpireMod:Stacked","floor":25,"key":"SMITH"},{"data":"Bash","floor":28,"key":"SMITH"},{"data":"Defend_R","floor":28,"key":"SMITH"},{"floor":40,"key":"REST"},{"data":"Secret Weapon","floor":42,"key":"SMITH"},{"data":"strawberrySpire:FortFortyFour","floor":42,"key":"SMITH"},{"data":"Pummel","floor":44,"key":"SMITH"},{"data":"Defend_R","floor":44,"key":"SMITH"},{"floor":49,"key":"REST"}],"neow_cost":"NONE","seed_source_timestamp":607373682548549,"circlet_count":0,"master_deck":["Strike_R+1","Defend_R+1","Defend_R+1","Defend_R+1","Defend_R+1","Bash+1","Barricade+1","Pummel+1","conspire:ExplosiveBarrier+1","Disarm+1","Body Slam+1","ReplayTheSpireMod:Stacked+1","conspire:Charge+1","ReplayReversal+1","strawberrySpire:FortFortyFour+1","strawberrySpire:FireDrill+1","strawberrySpire:Spite+1","Cleave+1","Secret Weapon+1"],"relics":["Burning Blood","StoneCalendar","strawberrySpire:Dictionifier","Arrowhead","infinitespire:FocusingShard","infinitespire:EvilPickle","Astrolabe","Red Mask","conspire:BottledYoYo","ReplayTheSpireMod:Shallot","conspire:TopHat","Torii"],"potions_floor_usage":[16,46,50],"damage_taken":[{"damage":8,"enemies":"Jaw Worm","floor":1,"turns":3},{"damage":6,"enemies":"Cultist","floor":2,"turns":3},{"damage":4,"enemies":"Small Slimes","floor":4,"turns":3},{"damage":4,"enemies":"3 Louse","floor":5,"turns":4},{"damage":14,"enemies":"Lots of Slimes","floor":8,"turns":6},{"damage":2,"enemies":"Exordium Thugs","floor":13,"turns":5},{"damage":4,"enemies":"Blue Slaver","floor":14,"turns":4},{"damage":0,"enemies":"Slime Boss","floor":16,"turns":10},{"damage":5,"enemies":"3 Byrds","floor":18,"turns":7},{"damage":16,"enemies":"Spheric Guardian","floor":20,"turns":7},{"damage":4,"enemies":"Centurion and Healer","floor":24,"turns":7},{"damage":0,"enemies":"Snake Plant","floor":27,"turns":5},{"damage":9,"enemies":"Pondfish","floor":33,"turns":16},{"damage":2,"enemies":"Orb Walker","floor":35,"turns":4},{"damage":59,"enemies":"3 Darklings","floor":39,"turns":7},{"damage":0,"enemies":"Maw","floor":45,"turns":5},{"damage":28,"enemies":"Nemesis","floor":46,"turns":7},{"damage":0,"enemies":"Sphere and 2 Shapes","floor":48,"turns":5},{"damage":14,"enemies":"Awakened One","floor":50,"turns":12}],"seed_played":"8708171333984283676","potions_obtained":[{"floor":4,"key":"SteroidPotion"},{"floor":5,"key":"conspire:EchoDraught"},{"floor":8,"key":"SkillPotion"},{"floor":18,"key":"Milkshake"},{"floor":46,"key":"BloodPotion"}],"is_trial":false,"path_per_floor":["M","M","?","M","M","R","$","M","T","?","?","R","M","M","R","B",null,"M","?","M","?","$","R","M","R","T","M","R","$","?","?","R","B",null,"M","?","$","$","M","R","?","R","T","R","M","E","$","M","R","B",null],"character_chosen":"IRONCLAD","items_purchased":["Body Slam","Arrowhead","Secret Weapon"],"campfire_rested":2,"item_purchase_floors":[7,22,38],"current_hp_per_floor":[78,78,78,80,80,80,80,72,72,72,72,72,76,78,78,80,80,80,80,70,70,70,70,72,72,72,78,78,78,78,78,78,79,84,84,84,84,84,31,56,56,56,56,56,62,40,40,46,71,71],"gold":48,"neow_bonus":"ONE_RANDOM_RARE_CARD","is_prod":false,"is_daily":false,"chose_seed":false,"campfire_upgraded":13,"win_rate":0,"timestamp":1551212955,"path_taken":["M","M","?","?","M","R","$","M","T","?","?","R","?","M","R","BOSS","M","?","?","?","?","R","M","R","T","?","R","$","?","?","R","BOSS","M","?","?","$","M","R","?","R","T","R","M","E","$","M","R","BOSS"],"build_version":"2019-01-23","purchased_purges":2,"victory":true,"max_hp_per_floor":[80,80,80,80,80,80,80,80,80,80,80,80,80,80,80,80,80,80,80,80,80,80,80,80,80,80,80,80,80,80,80,80,84,84,84,84,84,84,84,84,84,84,84,84,84,84,84,84,84,84],"card_choices":[{"not_picked":["Wild Strike","hubris:CleavingFinish","Replay:Undeath\u0027s Touch"],"picked":"SKIP","floor":1},{"not_picked":["Thunderclap","ReplayTheSpireMod:LeadingStrike"],"picked":"Pummel","floor":2},{"not_picked":["Inflame","Clash"],"picked":"conspire:ExplosiveBarrier","floor":4},{"not_picked":["hubris:SharpeningStone","Carnage"],"picked":"Disarm","floor":5},{"not_picked":["Whirlwind","Wild Strike","strawberrySpire:FireDrill"],"picked":"SKIP","floor":8},{"not_picked":["Anger","Thunderclap","Power Through"],"picked":"SKIP","floor":13},{"not_picked":["strawberrySpire:Overwork","Pommel Strike","Infernal Blade"],"picked":"SKIP","floor":14},{"not_picked":["strawberrySpire:DebrisPile","Spot Weakness+1"],"picked":"ReplayTheSpireMod:Stacked","floor":18},{"not_picked":["Shockwave","Inflame"],"picked":"conspire:Charge","floor":20},{"not_picked":["Warcry","strawberrySpire:Endurance"],"picked":"ReplayReversal","floor":24},{"not_picked":["Armaments","Battle Trance","strawberrySpire:Spite"],"picked":"SKIP","floor":27},{"not_picked":["Demon Form","Replay:Many Hands"],"picked":"strawberrySpire:FortFortyFour","floor":33},{"not_picked":["Rage+1","strawberrySpire:DebrisPile","Ghostly Armor"],"picked":"SKIP","floor":35},{"not_picked":["Fire Breathing+1","Clothesline","Feel No Pain"],"picked":"SKIP","floor":39},{"not_picked":["Warcry","Spot Weakness+1","Uppercut"],"picked":"SKIP","floor":45},{"not_picked":["Clash+1","strawberrySpire:Taunt","strawberrySpire:ZonePlayer"],"picked":"SKIP","floor":46},{"not_picked":["Run Through","Bloodletting+1","Twin Strike"],"picked":"SKIP","floor":48}],"player_experience":715688,"relics_obtained":[{"floor":9,"key":"StoneCalendar"},{"floor":26,"key":"infinitespire:FocusingShard"},{"floor":43,"key":"conspire:BottledYoYo"},{"floor":46,"key":"ReplayTheSpireMod:Shallot"}],"event_choices":[{"damage_healed":0,"gold_gain":100,"player_choice":"Pray","damage_taken":0,"max_hp_gain":0,"max_hp_loss":0,"event_name":"Golden Shrine","floor":3,"gold_loss":0},{"damage_healed":0,"gold_gain":0,"player_choice":"Ignored","damage_taken":0,"max_hp_gain":0,"max_hp_loss":0,"event_name":"Liars Game","floor":10,"gold_loss":0},{"damage_healed":0,"gold_gain":0,"player_choice":"Upgraded Two","damage_taken":0,"max_hp_gain":0,"max_hp_loss":0,"event_name":"Designer","floor":19,"gold_loss":40,"cards_upgraded":["Defend_R","Strike_R"]},{"damage_healed":0,"gold_gain":0,"player_choice":"Ignored","damage_taken":0,"max_hp_gain":0,"max_hp_loss":0,"event_name":"The Mausoleum","floor":21,"gold_loss":0},{"damage_healed":0,"gold_gain":0,"player_choice":"Paid Fearfully","damage_taken":0,"max_hp_gain":0,"max_hp_loss":0,"event_name":"Masked Bandits","floor":30,"gold_loss":43},{"damage_healed":0,"gold_gain":0,"player_choice":"Paid","damage_taken":0,"relics_obtained":["Red Mask"],"max_hp_gain":0,"max_hp_loss":0,"event_name":"Tomb of Lord Red Mask","floor":41,"gold_loss":117}],"is_beta":false,"boss_relics":[{"not_picked":["Empty Cage","Ectoplasm"],"picked":"strawberrySpire:Dictionifier"},{"not_picked":["conspire:RunicOctahedron","Coffee Dripper"],"picked":"Astrolabe"}],"items_purged_floors":[22,37],"is_endless":false,"potions_floor_spawned":[4,5,8,18,20,24,35,39,46],"ascension_level":0}