{"gold_per_floor":[119,6,6,24,40,40,40,40,40,40,40,76,76,26,26,151,151,170,193,0,0,18,62,62,96,96,96,109,133,133,176,176,307,307,330,330,345,360,360,360,400,420,420,146,146,182,196,215,215,215,215,215,1,39,39],"floor_reached":56,"playtime":10272,"items_purged":["Defend_P","Strike_P","Strike_P+1"],"score":1600,"play_id":"92251c77-daa4-4efa-902d-2af4899b7e11","local_time":"20190910104525","is_ascension_mode":true,"campfire_choices":[{"data":"Conclude","floor":6.0,"key":"SMITH"},{"data":"ClearTheMind","floor":8.0,"key":"SMITH"},{"data":"Devotion","floor":13.0,"key":"SMITH"},{"data":"CutThroughFate","floor":15.0,"key":"SMITH"},{"data":"CrushJoints","floor":24,"key":"SMITH"},{"data":"Ghostly","floor":27,"key":"SMITH"},{"data":"DevaForm","floor":30,"key":"SMITH"},{"data":"LessonLearned","floor":32,"key":"SMITH"},{"data":"DeceiveReality","floor":45,"key":"SMITH"},{"floor":49,"key":"RECALL"},{"data":"MentalFortress","floor":52,"key":"SMITH"}],"neow_cost":"NONE","seed_source_timestamp":168759426113472,"circlet_count":0,"master_deck":["Defend_P","Eruption+1","Vigilance","CutThroughFate+1","Conclude+1","Unraveling","ClearTheMind+1","Devotion+1","DevaForm+1","ForeignInfluence+1","Protect+1","Halt","EmptyMind+1","Ghostly+1","Ghostly+1","Ghostly","Ghostly+1","Ghostly+1","DeceiveReality+1","CrushJoints+1","Swivel","Devotion+1","InnerPeace+1","LessonLearned+1","Omniscience+1","Crescendo+1","Madness+1","Madness+1","Prostrate+1","Parasite","EmptyMind+1","The Bomb+1","Wireheading+1","Finesse+1","MentalFortress+1","ReachHeaven+1","DeceiveReality+1","InnerPeace+1","WaveOfTheHand+1"],"special_seed":0,"relics":["PureWater","Golden Idol","Toy Ornithopter","Strawberry","SlaversCollar","Membership Card","FossilizedHelix","Blood Vial","Toxic Egg 2","Letter Opener","Coffee Dripper","Juzu Bracelet","OrangePellets","Centennial Puzzle","Bottled Tornado","Incense Burner","Vajra"],"potions_floor_usage":[16,25,29,31,38,55,55],"damage_taken":[{"damage":0.0,"enemies":"2 Louse","floor":1.0,"turns":1.0},{"damage":6.0,"enemies":"Jaw Worm","floor":4.0,"turns":2.0},{"damage":0.0,"enemies":"Small Slimes","floor":5.0,"turns":1.0},{"damage":0.0,"enemies":"Gremlin Nob","floor":12.0,"turns":2.0},{"damage":37,"enemies":"The Guardian","floor":16,"turns":6},{"damage":7,"enemies":"Chosen","floor":18,"turns":6},{"damage":0,"enemies":"2 Thieves","floor":19,"turns":1},{"damage":0,"enemies":"Centurion and Healer","floor":22,"turns":5},{"damage":0,"enemies":"Book of Stabbing","floor":23,"turns":5},{"damage":0,"enemies":"Gremlin Leader","floor":25,"turns":5},{"damage":0,"enemies":"Snake Plant","floor":28,"turns":7},{"damage":0,"enemies":"Chosen and Byrds","floor":29,"turns":7},{"damage":0,"enemies":"Book of Stabbing","floor":31,"turns":5},{"damage":0,"enemies":"Collector","floor":33,"turns":8},{"damage":0,"enemies":"Orb Walker","floor":35,"turns":5},{"damage":7,"enemies":"3 Shapes","floor":37,"turns":4},{"damage":0,"enemies":"Writhing Mass","floor":38,"turns":7},{"damage":0,"enemies":"Reptomancer","floor":41,"turns":6},{"damage":0,"enemies":"Maw","floor":42,"turns":7},{"damage":0,"enemies":"Giant Head","floor":46,"turns":6},{"damage":1,"enemies":"Sphere and 2 Shapes","floor":47,"turns":3},{"damage":2,"enemies":"3 Darklings","floor":48,"turns":4},{"damage":0,"enemies":"Donu and Deca","floor":50,"turns":7},{"damage":0,"enemies":"Shield and Spear","floor":54,"turns":7},{"damage":13,"enemies":"The Heart","floor":55,"turns":8}],"seed_played":"-2299864247407923938","potions_obtained":[{"floor":4.0,"key":"GamblersBrew"},{"floor":5.0,"key":"EssenceOfSteel"},{"floor":16,"key":"Dexterity Potion"},{"floor":22,"key":"SteroidPotion"},{"floor":25,"key":"StancePotion"},{"floor":29,"key":"Poison Potion"},{"floor":33,"key":"Weak Potion"},{"floor":38,"key":"Fire Potion"},{"floor":41,"key":"Ancient Potion"},{"floor":42,"key":"Regen Potion"},{"floor":48,"key":"FearPotion"},{"floor":54,"key":"EssenceOfSteel"}],"is_trial":false,"path_per_floor":["M","$","?","M","M","R","?","R","T","?","$","E","R","?","R","B",null,"M","M","$","?","M","E","R","E","T","R","M","M","R","E","R","B",null,"M","?","M","M","?","?","E","M","T","$","R","E","M","M","R","B",null,"R","$","E","B",null],"character_chosen":"WATCHER","items_purchased":["Conclude","Membership Card","Halt","EmptyMind","OrangePellets","Finesse+1","Centennial Puzzle","MentalFortress","Incense Burner"],"campfire_rested":0,"item_purchase_floors":[2,20,20,20,44,44,44,44,53],"current_hp_per_floor":[65,65,58,52,52,52,52,52,52,52,52,59,59,59,59,27,67,60,60,60,33,33,33,33,33,33,33,33,33,33,33,33,33,33,33,29,24,31,31,31,33,33,33,33,33,33,32,31,31,33,33,33,33,33,25],"gold":39,"neow_bonus":"UPGRADE_CARD","is_prod":false,"is_daily":false,"chose_seed":false,"campfire_upgraded":10,"win_rate":0,"timestamp":1568137525,"path_taken":["M","$","?","M","M","R","?","R","T","?","$","E","R","?","R","BOSS","M","M","$","?","M","E","R","E","T","R","M","M","R","E","R","BOSS","M","?","M","M","?","?","E","M","T","$","R","E","M","M","R","BOSS","R","$","E","BOSS"],"build_version":"2019-09-09v2","purchased_purges":3,"victory":true,"max_hp_per_floor":[65,65,65,65,65,65,60,60,60,60,60,67,67,67,67,67,67,67,67,67,33,33,33,33,33,33,33,33,33,33,33,33,33,33,33,33,33,33,33,33,33,33,33,33,33,33,33,33,33,33,33,33,33,33,33],"card_choices":[{"not_picked":["ThirdEye","EmptyMind"],"picked":"CutThroughFate","floor":1.0},{"not_picked":["Fasting","JustLucky"],"picked":"Unraveling","floor":4.0},{"not_picked":["EmptyMind","Sanctity"],"picked":"ClearTheMind","floor":5.0},{"not_picked":["JustLucky","CrushJoints"],"picked":"Devotion","floor":12.0},{"not_picked":["ReachHeaven","Nirvana"],"picked":"DevaForm","floor":16},{"not_picked":["WaveOfTheHand","Adaptation"],"picked":"ForeignInfluence+1","floor":18},{"not_picked":["ThirdEye","BowlingBash"],"picked":"Protect+1","floor":19},{"not_picked":["EmptyBody","CutThroughFate"],"picked":"DeceiveReality","floor":22},{"not_picked":["CarveReality","FlyingSleeves"],"picked":"CrushJoints","floor":23},{"not_picked":["EmptyBody","EmptyFist"],"picked":"Swivel","floor":25},{"not_picked":["CutThroughFate","Fasting"],"picked":"Devotion","floor":28},{"not_picked":["StepAndStrike","EmptyBody+1"],"picked":"InnerPeace+1","floor":29},{"not_picked":["StepAndStrike","InnerPeace+1"],"picked":"LessonLearned","floor":31},{"not_picked":["LessonLearned","BattleHymn"],"picked":"Omniscience+1","floor":33},{"not_picked":["Conclude","EmptyFist+1"],"picked":"Crescendo+1","floor":35},{"not_picked":["Collect+1","FlyingSleeves+1"],"picked":"Prostrate+1","floor":37},{"not_picked":["Consecrate","JustLucky+1"],"picked":"EmptyMind+1","floor":38},{"not_picked":["Blind+1","Dark Shackles+1"],"picked":"The Bomb+1","floor":39},{"not_picked":["EmptyFist+1","Crescendo+1","ClearTheMind+1"],"picked":"SKIP","floor":41},{"not_picked":["Crescendo+1","CrushJoints","FlyingSleeves+1"],"picked":"SKIP","floor":42},{"not_picked":["Halt+1","Conclude+1"],"picked":"ReachHeaven","floor":46},{"not_picked":["WaveOfTheHand+1","EmptyBody+1"],"picked":"DeceiveReality+1","floor":47},{"not_picked":["ThirdEye+1","JustLucky"],"picked":"InnerPeace+1","floor":48},{"not_picked":["ClearTheMind+1","Swivel+1"],"picked":"WaveOfTheHand+1","floor":54}],"player_experience":46967,"relics_obtained":[{"floor":9.0,"key":"Toy Ornithopter"},{"floor":12.0,"key":"Strawberry"},{"floor":23,"key":"FossilizedHelix"},{"floor":25,"key":"Blood Vial"},{"floor":26,"key":"Toxic Egg 2"},{"floor":31,"key":"Letter Opener"},{"floor":41,"key":"Juzu Bracelet"},{"floor":46,"key":"Bottled Tornado"},{"floor":54,"key":"Vajra"}],"event_choices":[{"cards_removed":["Strike_P"],"damage_healed":0.0,"max_hp_gain":0.0,"max_hp_loss":0.0,"gold_gain":0.0,"event_name":"Golden Wing","player_choice":"Card Removal","floor":3.0,"gold_loss":0.0,"damage_taken":7.0},{"damage_healed":0.0,"max_hp_gain":0.0,"max_hp_loss":5.0,"gold_gain":0.0,"event_name":"Golden Idol","player_choice":"Lose Max HP","floor":7.0,"gold_loss":0.0,"damage_taken":0.0,"relics_obtained":["Golden Idol"]},{"cards_removed":["Defend_P"],"damage_healed":0.0,"max_hp_gain":0.0,"max_hp_loss":0.0,"gold_gain":0.0,"event_name":"Living Wall","player_choice":"Forget","floor":10.0,"gold_loss":0.0,"damage_taken":0.0},{"cards_removed":["Defend_P"],"damage_healed":0.0,"max_hp_gain":0.0,"max_hp_loss":0.0,"gold_gain":0.0,"event_name":"The Cleric","player_choice":"Card Removal","floor":14.0,"gold_loss":50.0,"damage_taken":0.0},{"damage_healed":0,"gold_gain":0,"player_choice":"Became a Ghost","damage_taken":0,"max_hp_gain":0,"max_hp_loss":34,"event_name":"Ghosts","floor":21,"gold_loss":0,"cards_obtained":["Ghostly","Ghostly","Ghostly","Ghostly","Ghostly"]},{"damage_healed":0,"gold_gain":0,"player_choice":"Embrace Madness","damage_taken":4,"max_hp_gain":0,"max_hp_loss":0,"event_name":"Winding Halls","floor":36,"gold_loss":0,"cards_obtained":["Madness","Madness"]},{"damage_healed":0,"gold_gain":0,"player_choice":"Memory 1","damage_taken":0,"max_hp_gain":0,"max_hp_loss":0,"event_name":"SensoryStone","floor":39,"gold_loss":0},{"damage_healed":0,"gold_gain":0,"cards_transformed":["Strike_P"],"player_choice":"Transformed","damage_taken":0,"max_hp_gain":0,"max_hp_loss":0,"event_name":"Transmorgrifier","floor":40,"gold_loss":0,"cards_obtained":["Wireheading"]}],"is_beta":true,"boss_relics":[{"not_picked":["Black Star","Runic Dome"],"picked":"SlaversCollar"},{"not_picked":["Astrolabe","Sozu"],"picked":"Coffee Dripper"}],"items_purged_floors":[2,44,53],"is_endless":false,"potions_floor_spawned":[4,5,16,22,25,28,29,33,38,41,42,48,54],"ascension_level":1}