{"path_per_floor":["M","M","M","M","?","E","M","?","T","?","?","R","M","M","R","B",null,"M","?","?","M","$","R","M"],"character_chosen":"DEFECT","items_purchased":["Prime"],"gold_per_floor":[20,40,56,66,66,99,115,115,138,203,203,203,219,231,231,328,328,348,348,448,468,252,252,267,267],"floor_reached":25,"campfire_rested":0,"playtime":762,"current_hp_per_floor":[86,86,85,84,84,63,53,99,99,87,87,87,81,84,84,63,99,87,87,87,77,77,77,65,0],"items_purged":["Strike_B"],"gold":267,"score":230,"play_id":"01ed3836-ddfc-4c93-9b22-e30ade86a791","local_time":"20180428204055","is_prod":false,"is_daily":false,"chose_seed":false,"is_ascension_mode":false,"campfire_upgraded":3,"timestamp":1524962455,"path_taken":["M","M","M","M","?","E","M","?","T","?","?","R","M","?","R","BOSS","M","?","?","M","$","R","M","E"],"build_version":"2018-04-27v3","seed_source_timestamp":2407859703383976,"purchased_purges":1,"victory":false,"master_deck":["Strike_B","Strike_B","Strike_B","Defend_B","Defend_B","Defend_B","Defend_B","Zap+1","Dualcast","Ball Lightning","Rip and Tear","Seek","Defragment+1","Self Repair","Decay","White Noise","Ball Lightning","Hyperbeam+1","White Noise","Axe Kick","Prime","Ball Lightning+1"],"max_hp_per_floor":[89,89,89,89,89,99,99,99,99,99,99,99,99,99,99,99,99,99,99,99,99,99,99,99,99],"relics":["Cracked Core","Pear","Orichalcum","Dream Catcher","Inserter"],"card_choices":[{"not_picked":["Leap","Barrage"],"picked":"Ball Lightning","floor":1},{"not_picked":["Stack","Barrage"],"picked":"Rip and Tear","floor":2},{"not_picked":["Stack","Streamline"],"picked":"Sunder","floor":3},{"not_picked":["Streamline","Stack"],"picked":"Seek","floor":4},{"not_picked":["Stack","Rebound"],"picked":"Defragment","floor":6},{"not_picked":["Axe Kick","Leap"],"picked":"Self Repair","floor":10},{"not_picked":["Capacitor","Rebound"],"picked":"White Noise","floor":13},{"not_picked":["Leap","Glacier"],"picked":"Ball Lightning","floor":14},{"not_picked":["Meteor Strike","Nova"],"picked":"Hyperbeam","floor":16},{"not_picked":["Axe Kick","Streamline"],"picked":"White Noise","floor":18},{"not_picked":["Darkness","Rip and Tear"],"picked":"Axe Kick","floor":21},{"not_picked":["Go for the Eyes","Cold Snap"],"picked":"Ball Lightning","floor":24}],"player_experience":411705,"potions_floor_usage":[25],"damage_taken":[{"damage":3,"enemies":"2 Louse","floor":1,"turns":3},{"damage":0,"enemies":"Small Slimes","floor":2,"turns":3},{"damage":1,"enemies":"Jaw Worm","floor":3,"turns":3},{"damage":1,"enemies":"Exordium Wildlife","floor":4,"turns":3},{"damage":31,"enemies":"Lagavulin","floor":6,"turns":5},{"damage":10,"enemies":"Exordium Thugs","floor":7,"turns":4},{"damage":12,"enemies":"Gremlin Nob","floor":10,"turns":4},{"damage":13,"enemies":"Blue Slaver","floor":13,"turns":3},{"damage":4,"enemies":"Looter","floor":14,"turns":2},{"damage":28,"enemies":"The Guardian","floor":16,"turns":8},{"damage":19,"enemies":"3 Byrds","floor":18,"turns":5},{"damage":17,"enemies":"Chosen","floor":21,"turns":4},{"damage":19,"enemies":"Centurion and Healer","floor":24,"turns":6},{"damage":70,"enemies":"Book of Stabbing","floor":25,"turns":5}],"event_choices":[{"event_name":"Golden Idol","player_choice":"Ignored","floor":5,"damage_taken":0},{"event_name":"Bonfire Elementals","player_choice":"UNCOMMON","floor":8,"damage_taken":0},{"event_name":"Dead Adventurer","player_choice":"Searched \u00271\u0027 times","floor":10,"damage_taken":0},{"event_name":"Wheel of Change","player_choice":"Curse","floor":11,"damage_taken":0},{"event_name":"N\u0027loth","player_choice":"Ignored","floor":19,"damage_taken":0},{"event_name":"Golden Shrine","player_choice":"Pray","floor":20,"damage_taken":0}],"boss_relics":[{"not_picked":["Pandora\u0027s Box","Eternal Feather"],"picked":"Inserter"}],"potions_floor_spawned":[4,6,7,10,14,24],"seed_played":"-3249446632356797614","killed_by":"Book of Stabbing","ascension_level":0,"is_trial":false}