{"gold_per_floor":[114,128,143,218,235,260,260,260,283,308,408,408],"floor_reached":12,"playtime":714,"items_purged":[],"score":92,"play_id":"e9f5c980-5c9b-419e-b459-a05377310997","local_time":"20190913030225","is_ascension_mode":true,"campfire_choices":[{"floor":8,"key":"REST"}],"neow_cost":"NONE","seed_source_timestamp":54899078440100,"circlet_count":0,"master_deck":["Strike_G","Strike_G","Strike_G","Strike_G","Strike_G","Defend_G","Defend_G","Defend_G","Defend_G","Defend_G","Survivor","Neutralize","Skewer","Crippling Poison","Blur","Deflect","Expertise","Dagger Throw"],"relics":["Ring of the Snake","NeowsBlessing","Anchor","Pantograph","Prayer Wheel"],"potions_floor_usage":[6,6,10],"damage_taken":[{"damage":0,"enemies":"Small Slimes","floor":1,"turns":1},{"damage":0,"enemies":"Jaw Worm","floor":2,"turns":1},{"damage":0,"enemies":"2 Louse","floor":3,"turns":1},{"damage":10,"enemies":"Red Slaver","floor":5,"turns":7},{"damage":31,"enemies":"3 Sentries","floor":6,"turns":13},{"damage":38,"enemies":"Gremlin Nob","floor":10,"turns":6},{"damage":18,"enemies":"Lagavulin","floor":12,"turns":2}],"seed_played":"-2519000311641332030","potions_obtained":[{"floor":1,"key":"EssenceOfSteel"},{"floor":3,"key":"FearPotion"},{"floor":5,"key":"Swift Potion"}],"is_trial":false,"path_per_floor":["M","M","M","?","M","E","T","R","T","E","?","E"],"character_chosen":"THE_SILENT","items_purchased":[],"campfire_rested":1,"item_purchase_floors":[],"current_hp_per_floor":[70,70,70,59,49,18,18,39,39,1,1,0],"gold":408,"neow_bonus":"THREE_ENEMY_KILL","is_prod":false,"is_daily":false,"chose_seed":false,"campfire_upgraded":0,"win_rate":0,"timestamp":1568336545,"path_taken":["M","M","M","?","M","E","?","R","T","E","?","E"],"build_version":"2019-07-17","purchased_purges":0,"victory":false,"max_hp_per_floor":[70,70,70,70,70,70,70,70,70,70,70,70],"card_choices":[{"not_picked":["Slice","Finisher"],"picked":"Skewer","floor":1},{"not_picked":["Deadly Poison","Cloak And Dagger"],"picked":"Crippling Poison","floor":2},{"not_picked":["Deadly Poison","Tactician"],"picked":"Blur","floor":3},{"not_picked":["Underhanded Strike","Deadly Poison"],"picked":"Deflect","floor":5},{"not_picked":["Poisoned Stab","Choke"],"picked":"Expertise","floor":6},{"not_picked":["Bane","Catalyst"],"picked":"Dagger Throw","floor":10}],"player_experience":77657,"relics_obtained":[{"floor":6,"key":"Anchor"},{"floor":7,"key":"Pantograph"},{"floor":10,"key":"Prayer Wheel"}],"event_choices":[{"damage_healed":0,"gold_gain":75,"player_choice":"Gather Gold","damage_taken":11,"max_hp_gain":0,"max_hp_loss":0,"event_name":"World of Goop","floor":4,"gold_loss":0},{"damage_healed":0,"gold_gain":100,"player_choice":"Pray","damage_taken":0,"max_hp_gain":0,"max_hp_loss":0,"event_name":"Golden Shrine","floor":11,"gold_loss":0}],"is_beta":false,"boss_relics":[],"items_purged_floors":[],"is_endless":false,"potions_floor_spawned":[1,3,5],"killed_by":"Lagavulin","ascension_level":1}