{"gold_per_floor":[359,377,377,11,86,130,130,149,149,149,187,206,229,229,229,348,348,342,361,286,286],"floor_reached":21,"playtime":2258,"items_purged":[],"score":198,"play_id":"d0b75ed1-4a12-4d47-80c5-b0f9e9b33c2a","local_time":"20190913010352","is_ascension_mode":true,"campfire_choices":[{"floor":7,"key":"RECALL"},{"data":"Outmaneuver","floor":15,"key":"SMITH"}],"neow_cost":"CURSE","seed_source_timestamp":46239550791300,"circlet_count":0,"master_deck":["Strike_G","Strike_G","Strike_G","Strike_G","Strike_G","Defend_G","Defend_G","Defend_G","Defend_G","Defend_G","Survivor","Neutralize","Dodge and Roll","Outmaneuver+1","Injury","Outmaneuver","PanicButton","Backflip","Quick Slash","Phantasmal Killer+1","Skewer","Sucker Punch","Burst","Quick Slash","Slice"],"relics":["Ring of the Snake","Golden Idol","Sundial","Pantograph","Boot","Question Card","Black Star"],"potions_floor_usage":[16,18,18,18],"damage_taken":[{"damage":0,"enemies":"2 Louse","floor":1,"turns":4},{"damage":5,"enemies":"Jaw Worm","floor":2,"turns":7},{"damage":110,"enemies":"3 Sentries","floor":6,"turns":25},{"damage":0,"enemies":"Small Slimes","floor":8,"turns":4},{"damage":83,"enemies":"Gremlin Nob","floor":11,"turns":7},{"damage":28,"enemies":"3 Louse","floor":12,"turns":6},{"damage":16,"enemies":"Exordium Thugs","floor":13,"turns":5},{"damage":47,"enemies":"The Guardian","floor":16,"turns":16},{"damage":9,"enemies":"2 Thieves","floor":18,"turns":4},{"damage":32,"enemies":"3 Byrds","floor":19,"turns":7},{"damage":32,"enemies":"Sentry and Sphere","floor":21,"turns":5}],"seed_played":"3104956806738255525","potions_obtained":[{"floor":6,"key":"Dexterity Potion"},{"floor":11,"key":"Fire Potion"},{"floor":12,"key":"Fire Potion"},{"floor":16,"key":"Fire Potion"}],"is_trial":false,"path_per_floor":["M","M","?","$","?","E","R","M","T","?","E","M","M","?","R","B",null,"M","M","?","M"],"character_chosen":"THE_SILENT","items_purchased":["Sundial","Outmaneuver","PanicButton"],"campfire_rested":0,"item_purchase_floors":[4,4,4],"current_hp_per_floor":[70,65,65,65,54,189,189,189,189,186,103,75,59,59,59,23,70,61,29,29,0],"gold":286,"neow_bonus":"TWO_FIFTY_GOLD","is_prod":false,"is_daily":false,"chose_seed":false,"campfire_upgraded":1,"win_rate":0,"timestamp":1568329432,"path_taken":["M","M","?","$","?","E","R","M","T","?","E","M","M","?","R","BOSS","M","M","?","M"],"build_version":"2019-07-17","purchased_purges":0,"victory":false,"max_hp_per_floor":[70,70,70,70,70,70,70,70,70,70,70,70,70,70,70,70,70,70,70,70,70],"card_choices":[{"not_picked":["Dagger Spray","Blade Dance"],"picked":"Dodge and Roll","floor":1},{"not_picked":["Prepared","Blade Dance"],"picked":"Outmaneuver","floor":2},{"not_picked":["Slice","Terror"],"picked":"Backflip","floor":6},{"not_picked":["Backstab","All Out Attack"],"picked":"Quick Slash","floor":8},{"not_picked":["Heel Hook","Catalyst"],"picked":"Phantasmal Killer","floor":11},{"not_picked":["Riddle With Holes","Masterful Stab","Reflex"],"picked":"Skewer","floor":12},{"not_picked":["Endless Agony","Bane","Dash"],"picked":"Sucker Punch","floor":13},{"not_picked":["A Thousand Cuts","Venomology","Night Terror"],"picked":"Burst","floor":16},{"not_picked":["Leg Sweep","Flying Knee+1","Deadly Poison"],"picked":"Quick Slash","floor":18},{"not_picked":["Prepared","Underhanded Strike","PiercingWail"],"picked":"Slice","floor":19}],"player_experience":70976,"relics_obtained":[{"floor":6,"key":"Pantograph"},{"floor":11,"key":"Question Card"}],"event_choices":[{"damage_healed":0,"gold_gain":0,"player_choice":"Take Wound","damage_taken":0,"relics_obtained":["Golden Idol"],"max_hp_gain":0,"max_hp_loss":0,"event_name":"Golden Idol","floor":3,"gold_loss":0,"cards_obtained":["Injury"]},{"damage_healed":0,"gold_gain":75,"player_choice":"Gather Gold","damage_taken":11,"max_hp_gain":0,"max_hp_loss":0,"event_name":"World of Goop","floor":5,"gold_loss":0},{"damage_healed":0,"gold_gain":0,"player_choice":"Success","damage_taken":3,"relics_obtained":["Boot"],"max_hp_gain":0,"max_hp_loss":0,"event_name":"Scrap Ooze","floor":10,"gold_loss":0},{"damage_healed":0,"gold_gain":0,"player_choice":"Upgraded","damage_taken":0,"max_hp_gain":0,"max_hp_loss":0,"event_name":"Upgrade Shrine","floor":14,"gold_loss":0,"cards_upgraded":["Phantasmal Killer"]},{"cards_removed":["Shame"],"damage_healed":0,"gold_gain":0,"player_choice":"Gave Gold","damage_taken":0,"max_hp_gain":0,"max_hp_loss":0,"event_name":"Beggar","floor":20,"gold_loss":75}],"is_beta":false,"boss_relics":[{"not_picked":["Coffee Dripper","HoveringKite"],"picked":"Black Star"}],"items_purged_floors":[],"is_endless":false,"potions_floor_spawned":[6,11,12,16],"killed_by":"Sentry and Sphere","ascension_level":1}