{"gold_per_floor":[113,125,125,136,136,167,167,167,190,222,3,37,37,104,104,209,209,228,19,32,32,82,116,116,182,252,252,272,322,381,431],"floor_reached":31,"playtime":7790,"items_purged":["Strike_G"],"score":322,"play_id":"f3c575ac-2c48-48a6-9408-0f6c627a1aaa","local_time":"20190730174244","is_ascension_mode":true,"campfire_choices":[{"floor":15,"key":"REST"},{"floor":24,"key":"REST"},{"floor":27,"key":"REST"}],"neow_cost":"NONE","seed_source_timestamp":0,"circlet_count":0,"master_deck":["Strike_G+1","Strike_G+1","Defend_G","Defend_G+1","Defend_G","Defend_G","Survivor","Neutralize","All Out Attack","PiercingWail","Flying Knee","Blade Dance+1","Parasite","Quick Slash","Bane","Finisher","Venomology","Blade Dance+1","Cloak And Dagger+1","Noxious Fumes+1","Outmaneuver+1","Sucker Punch+1","Crippling Poison","Flying Knee","Distraction"],"special_seed":0,"relics":["Lizard Tail","Kunai","Lantern","Anchor","Whetstone","Smiling Mask","Art of War","Centennial Puzzle","SsserpentHead","Astrolabe","HandDrill","Letter Opener","Meat on the Bone","Tiny Chest"],"potions_floor_usage":[6,10,16,20,23,25,25,28,29,30,30,31],"damage_taken":[{"damage":2.0,"enemies":"Cultist","floor":1.0,"turns":6.0},{"damage":4,"enemies":"2 Louse","floor":2,"turns":2},{"damage":0,"enemies":"Small Slimes","floor":4,"turns":3},{"damage":29,"enemies":"Gremlin Nob","floor":6,"turns":6},{"damage":6,"enemies":"Lagavulin","floor":10,"turns":10},{"damage":21,"enemies":"3 Sentries","floor":12,"turns":8},{"damage":1,"enemies":"Looter","floor":14,"turns":2},{"damage":19,"enemies":"Hexaghost","floor":16,"turns":10},{"damage":15,"enemies":"Spheric Guardian","floor":18,"turns":4},{"damage":12,"enemies":"2 Thieves","floor":20,"turns":4},{"damage":35,"enemies":"Slavers","floor":23,"turns":7},{"damage":2,"enemies":"Snake Plant","floor":25,"turns":4},{"damage":6,"enemies":"3 Cultists","floor":28,"turns":4},{"damage":0,"enemies":"Centurion and Healer","floor":29,"turns":1},{"damage":21,"enemies":"Book of Stabbing","floor":30,"turns":6},{"damage":32,"enemies":"Snake Plant","floor":31,"turns":3}],"seed_played":"-3430503179116206498","potions_obtained":[{"floor":2,"key":"Weak Potion"},{"floor":4,"key":"Weak Potion"},{"floor":6,"key":"SmokeBomb"},{"floor":12,"key":"SneckoOil"},{"floor":23,"key":"Ancient Potion"},{"floor":28,"key":"SpeedPotion"},{"floor":30,"key":"SkillPotion"}],"is_trial":false,"path_per_floor":["M","M","T","M","?","E","?","?","T","E","$","E","?","M","R","B",null,"M","$","M","$","?","E","R","M","T","R","M","M","E","M"],"character_chosen":"THE_SILENT","items_purchased":["Quick Slash","Art of War","HandDrill"],"campfire_rested":3,"item_purchase_floors":[11,11,19],"current_hp_per_floor":[68,64,64,64,52,23,9,26,26,20,20,34,34,33,54,35,70,55,55,43,43,40,5,26,24,24,45,39,39,30,0],"gold":431,"neow_bonus":"BOSS_RELIC","is_prod":false,"is_daily":false,"chose_seed":false,"campfire_upgraded":0,"win_rate":0,"timestamp":1564522964,"path_taken":["M","M","?","M","?","E","?","?","T","E","$","E","?","?","R","BOSS","M","$","M","$","?","E","R","?","T","R","M","?","E","?"],"build_version":"2019-07-17","purchased_purges":1,"victory":false,"max_hp_per_floor":[70,70,70,70,70,70,70,70,70,70,70,70,70,70,70,70,70,70,70,70,70,70,70,70,70,70,70,70,70,70,70],"card_choices":[{"not_picked":["Cloak And Dagger","Dodge and Roll"],"picked":"All Out Attack","floor":1},{"not_picked":["Dodge and Roll","Slice"],"picked":"PiercingWail","floor":2},{"not_picked":["Terror","Bane"],"picked":"Flying Knee","floor":4},{"not_picked":["Bullet Time","Eviscerate"],"picked":"Blade Dance","floor":6},{"not_picked":["Underhanded Strike","Slice","Reflex"],"picked":"SKIP","floor":10},{"not_picked":["Catalyst","Sucker Punch"],"picked":"Bane","floor":12},{"not_picked":["PiercingWail","Dagger Throw"],"picked":"Finisher","floor":14},{"not_picked":["Storm of Steel","Doppelganger"],"picked":"Venomology","floor":16},{"not_picked":["Sucker Punch","Cloak And Dagger"],"picked":"Outmaneuver+1","floor":18},{"not_picked":["Prepared","Dodge and Roll"],"picked":"Sucker Punch+1","floor":20},{"not_picked":["Well Laid Plans","Reflex"],"picked":"Crippling Poison","floor":23},{"not_picked":["Footwork","Masterful Stab+1"],"picked":"Flying Knee","floor":25},{"not_picked":["Footwork","Prepared","Skewer"],"picked":"SKIP","floor":28},{"not_picked":["Tactician+1","Calculated Gamble"],"picked":"Distraction","floor":30}],"player_experience":297530,"relics_obtained":[{"floor":3,"key":"Kunai"},{"floor":6,"key":"Anchor"},{"floor":9,"key":"Whetstone"},{"floor":10,"key":"Smiling Mask"},{"floor":12,"key":"Centennial Puzzle"},{"floor":23,"key":"Letter Opener"},{"floor":26,"key":"Meat on the Bone"},{"floor":30,"key":"Tiny Chest"}],"event_choices":[{"damage_healed":0,"gold_gain":0,"player_choice":"Success","damage_taken":12,"relics_obtained":["Lantern"],"max_hp_gain":0,"max_hp_loss":0,"event_name":"Scrap Ooze","floor":5,"gold_loss":0},{"damage_healed":0,"gold_gain":0,"player_choice":"Entered Light","damage_taken":14,"max_hp_gain":0,"max_hp_loss":0,"event_name":"Shining Light","floor":7,"gold_loss":0,"cards_upgraded":["Blade Dance","Defend_G"]},{"damage_healed":17,"gold_gain":0,"player_choice":"Healed and dodged fight","damage_taken":0,"max_hp_gain":0,"max_hp_loss":0,"event_name":"Mushrooms","floor":8,"gold_loss":0,"cards_obtained":["Parasite"]},{"damage_healed":0,"gold_gain":0,"player_choice":"Trade","damage_taken":0,"relics_obtained":["SsserpentHead"],"max_hp_gain":0,"max_hp_loss":0,"event_name":"FaceTrader","floor":13,"gold_loss":0},{"damage_healed":0,"gold_gain":0,"player_choice":"Punched","damage_taken":3,"max_hp_gain":0,"max_hp_loss":0,"event_name":"Designer","floor":22,"gold_loss":0}],"is_beta":false,"boss_relics":[{"not_picked":["Runic Pyramid","Sozu"],"picked":"Astrolabe"}],"items_purged_floors":[11],"is_endless":false,"potions_floor_spawned":[2,4,6,12,23,28,30],"killed_by":"Snake Plant","ascension_level":2}