{"gold_per_floor":[112,112,52,52,127,127,167,182,182,182,205,170,170,31,31,162,162,187,208,94,109,129,129,148,148,148,90,90,114,133,58,58,177,177,191,191,209,230,230],"floor_reached":39,"playtime":1878,"items_purged":["Regret","Decay"],"score":438,"play_id":"99f14fc0-1d05-48ab-ad17-153fdd6c234c","local_time":"20180806033200","is_ascension_mode":true,"campfire_choices":[{"floor":6,"key":"REST"},{"floor":10,"key":"REST"},{"data":"Neutralize","floor":13,"key":"SMITH"},{"data":"Survivor","floor":15,"key":"SMITH"},{"data":"Noxious Fumes","floor":23,"key":"SMITH"},{"floor":28,"key":"REST"},{"data":"Caltrops","floor":32,"key":"SMITH"}],"neow_cost":"NONE","seed_source_timestamp":42301641867904,"circlet_count":0,"master_deck":["Defend_G","Defend_G","Defend_G","Defend_G","Defend_G","Strike_G","Strike_G","Survivor+1","Neutralize+1","Leg Sweep","Quick Slash","Well Laid Plans","Malaise","Dagger Spray","Caltrops+1","Noxious Fumes+1","Slice","Backstab","Footwork","Blur","Bane","Corpse Explosion","A Thousand Cuts+1","Underhanded Strike+1","Distraction+1","Dagger Throw+1","Footwork"],"relics":["Calling Bell","Oddly Smooth Stone","The Courier","Tough Bandages","Golden Idol","Snake Skull","Paper Crane","Velvet Choker","The Specimen","Astrolabe"],"potions_floor_usage":[29,39,39,39],"damage_taken":[{"damage":3,"enemies":"Jaw Worm","floor":1,"turns":6},{"damage":54,"enemies":"3 Sentries","floor":7,"turns":17},{"damage":0,"enemies":"Small Slimes","floor":8,"turns":6},{"damage":4,"enemies":"2 Louse","floor":11,"turns":3},{"damage":25,"enemies":"The Guardian","floor":16,"turns":18},{"damage":0,"enemies":"Chosen","floor":18,"turns":9},{"damage":24,"enemies":"Spheric Guardian","floor":19,"turns":10},{"damage":3,"enemies":"Centurion and Healer","floor":21,"turns":10},{"damage":25,"enemies":"Cultist and Chosen","floor":22,"turns":6},{"damage":2,"enemies":"Snake Plant","floor":24,"turns":5},{"damage":3,"enemies":"Snecko","floor":29,"turns":8},{"damage":5,"enemies":"Sentry and Sphere","floor":30,"turns":10},{"damage":19,"enemies":"Champ","floor":33,"turns":17},{"damage":15,"enemies":"Flame Bruiser 1 Orb","floor":35,"turns":5},{"damage":18,"enemies":"3 Darklings","floor":37,"turns":6},{"damage":33,"enemies":"Spire Growth","floor":38,"turns":7},{"damage":14,"enemies":"Transient","floor":39,"turns":5}],"seed_played":"8133959553970213929","potions_obtained":[{"floor":7,"key":"SneckoOil"},{"floor":8,"key":"Dexterity Potion"},{"floor":18,"key":"Block Potion"},{"floor":22,"key":"PowerPotion"},{"floor":24,"key":"Fruit Juice"},{"floor":35,"key":"Explosive Potion"}],"is_trial":false,"path_per_floor":["M","?","$","?","?","R","E","M","T","R","M","?","R","$","R","B",null,"M","M","$","M","M","R","M","?","T","$","R","M","M","?","R","B",null,"M","$","M","M"],"character_chosen":"THE_SILENT","items_purchased":["Well Laid Plans","Caltrops","Noxious Fumes","Footwork"],"campfire_rested":3,"item_purchase_floors":[14,20,20,27],"current_hp_per_floor":[67,72,72,54,43,65,11,11,11,33,29,47,47,47,47,22,75,75,51,51,48,23,23,21,21,21,21,43,45,40,40,40,21,80,65,65,47,14,0],"gold":230,"neow_bonus":"BOSS_RELIC","is_prod":false,"is_daily":false,"chose_seed":false,"campfire_upgraded":4,"win_rate":0,"timestamp":1533540720,"path_taken":["M","?","$","?","?","R","E","?","T","R","M","?","R","$","R","BOSS","M","M","$","M","M","R","M","?","T","$","R","M","?","?","R","BOSS","M","$","M","M","M"],"build_version":"2018-08-01","purchased_purges":2,"victory":false,"max_hp_per_floor":[70,75,75,75,75,75,75,75,75,75,75,75,75,75,75,75,75,75,75,75,75,75,75,75,75,75,75,75,80,80,80,80,80,80,80,80,80,80,80],"card_choices":[{"not_picked":["Backflip","Blur"],"picked":"Leg Sweep","floor":1},{"not_picked":["Leg Sweep","Flying Knee","Dagger Throw"],"picked":"SKIP","floor":7},{"not_picked":["Cloak And Dagger","Slice"],"picked":"Quick Slash","floor":8},{"not_picked":["PiercingWail","Bane","Deflect"],"picked":"SKIP","floor":11},{"not_picked":["Tools of the Trade","Wraith Form v2"],"picked":"Malaise","floor":16},{"not_picked":["Dash","Poisoned Stab+1","Outmaneuver"],"picked":"SKIP","floor":18},{"not_picked":["Acrobatics","Prepared"],"picked":"Dagger Spray","floor":19},{"not_picked":["Flying Knee","Blur","Underhanded Strike+1"],"picked":"SKIP","floor":21},{"not_picked":["Outmaneuver","Accuracy"],"picked":"Slice","floor":22},{"not_picked":["Underhanded Strike","Slice"],"picked":"Backstab","floor":24},{"not_picked":["Skewer","Distraction+1"],"picked":"Blur","floor":29},{"not_picked":["Riddle With Holes","Prepared"],"picked":"Bane","floor":30},{"not_picked":["Unload","Grand Finale"],"picked":"Corpse Explosion","floor":33},{"not_picked":["Outmaneuver+1","Choke"],"picked":"Dagger Throw+1","floor":35},{"not_picked":["Accuracy","Bouncing Flask+1","Skewer"],"picked":"SKIP","floor":37},{"not_picked":["Concentrate","Backflip+1"],"picked":"Footwork","floor":38}],"player_experience":853132,"relics_obtained":[{"floor":0,"key":"Oddly Smooth Stone"},{"floor":0,"key":"The Courier"},{"floor":0,"key":"Tough Bandages"},{"floor":7,"key":"Snake Skull"},{"floor":9,"key":"Paper Crane"},{"floor":26,"key":"The Specimen"}],"event_choices":[{"event_name":"Big Fish","player_choice":"Donut","floor":2,"damage_taken":0},{"event_name":"Golden Idol","player_choice":"Take Damage","floor":4,"damage_taken":0},{"event_name":"World of Goop","player_choice":"Gather Gold","floor":5,"damage_taken":0},{"event_name":"The Cleric","player_choice":"Healed","floor":12,"damage_taken":0},{"event_name":"NoteForYourself","player_choice":"Took Card","floor":25,"damage_taken":0},{"event_name":"Beggar","player_choice":"Gave Gold","floor":31,"damage_taken":0}],"is_beta":true,"boss_relics":[{"not_picked":["Tiny House","Philosopher\u0027s Stone"],"picked":"Velvet Choker"},{"not_picked":["HoveringKite","Orrery"],"picked":"Astrolabe"}],"items_purged_floors":[3,14],"is_endless":false,"potions_floor_spawned":[7,8,18,22,24,35,37,38],"killed_by":"Transient","ascension_level":3}