{"path_per_floor":["M","?","T","?","$","R","M","R","T","E","M","R","M","M","R","B",null,"M","M","?","$","M","R"],"character_chosen":"DEFECT","items_purchased":["Defragment","Thunder Strike","Cables"],"gold_per_floor":[114,114,162,162,87,87,100,100,147,182,193,193,208,228,228,327,327,337,347,347,36,53,53,53],"floor_reached":24,"campfire_rested":0,"playtime":505,"item_purchase_floors":[5,21,21],"current_hp_per_floor":[70,70,70,70,70,70,70,70,70,58,48,48,57,62,62,62,75,53,40,26,26,14,14,0],"items_purged":[],"gold":53,"score":258,"play_id":"4cc91c40-5386-4b5d-bdf2-09a0aea70727","local_time":"20180601015528","is_prod":false,"is_daily":false,"chose_seed":false,"is_ascension_mode":true,"campfire_upgraded":5,"win_rate":0,"timestamp":1527832528,"campfire_choices":[{"data":"Defragment","floor":6,"key":"SMITH"},{"data":"Redo","floor":8,"key":"SMITH"},{"data":"Self Repair","floor":12,"key":"SMITH"},{"data":"Loop","floor":15,"key":"SMITH"},{"data":"Hologram","floor":23,"key":"SMITH"}],"path_taken":["M","?","?","?","$","R","M","R","T","E","M","R","?","M","R","BOSS","M","?","?","$","M","R","?"],"build_version":"2018-05-31","seed_source_timestamp":106264264542360,"purchased_purges":0,"victory":false,"master_deck":["Strike_B+1","Strike_B+1","Strike_B","Defend_B","Defend_B","Defend_B","Defend_B","Zap+1","Dualcast","Redo+1","Defragment+1","Ball Lightning","Gash","Self Repair+1","Electrodynamics","Loop+1","Core Surge","Static Discharge","Redo+1","Thunder Strike","Hologram+1"],"max_hp_per_floor":[75,75,75,75,75,75,75,75,75,75,75,75,75,75,75,75,75,75,75,80,80,80,80,80],"relics":["Cracked Core","Vajra","Whetstone","The Courier","Inserter","Cables"],"card_choices":[{"not_picked":["Hologram","Reprogram"],"picked":"Redo","floor":1},{"not_picked":["Redo","Streamline"],"picked":"Ball Lightning","floor":7},{"not_picked":["Consume","Chill"],"picked":"Gash","floor":10},{"not_picked":["Steam","Static Discharge"],"picked":"Self Repair","floor":11},{"not_picked":["Turbo","Rebound"],"picked":"Electrodynamics","floor":13},{"not_picked":["Conserve Battery","Double Energy"],"picked":"Loop","floor":14},{"not_picked":["Creative AI","Seek"],"picked":"Core Surge","floor":16},{"not_picked":["Turbo","Sweeping Beam"],"picked":"Static Discharge","floor":18},{"not_picked":["Sweeping Beam","Compile Driver"],"picked":"Redo+1","floor":19},{"not_picked":["Rebound","Steam"],"picked":"Hologram","floor":22}],"player_experience":535289,"potions_floor_usage":[22],"damage_taken":[{"damage":5,"enemies":"2 Louse","floor":1,"turns":2},{"damage":0,"enemies":"Cultist","floor":7,"turns":2},{"damage":12,"enemies":"3 Sentries","floor":10,"turns":5},{"damage":10,"enemies":"Small Slimes","floor":11,"turns":2},{"damage":1,"enemies":"Exordium Wildlife","floor":13,"turns":2},{"damage":5,"enemies":"Looter","floor":14,"turns":3},{"damage":0,"enemies":"Slime Boss","floor":16,"turns":5},{"damage":32,"enemies":"Shell Parasite","floor":18,"turns":4},{"damage":13,"enemies":"Chosen","floor":19,"turns":4},{"damage":22,"enemies":"Snake Plant","floor":22,"turns":4},{"damage":17,"enemies":"Centurion and Healer","floor":24,"turns":3}],"relics_obtained":[{"floor":3,"key":"Vajra"},{"floor":9,"key":"Whetstone"},{"floor":10,"key":"The Courier"}],"event_choices":[{"event_name":"Purifier","player_choice":"One Purge","floor":2,"damage_taken":0},{"event_name":"Upgrade Shrine","player_choice":"Upgraded","floor":4,"damage_taken":0},{"event_name":"Forgotten Altar","player_choice":"Shed Blood","floor":20,"damage_taken":0}],"boss_relics":[{"not_picked":["Calling Bell","Runic Dome"],"picked":"Inserter"}],"items_purged_floors":[],"potions_floor_spawned":[10,11,14,19],"seed_played":"4164656716848519369","killed_by":"Centurion and Healer","ascension_level":1,"potions_obtained":[{"floor":10,"key":"SteroidPotion"},{"floor":11,"key":"SpeedPotion"},{"floor":14,"key":"SteroidPotion"},{"floor":19,"key":"FocusPotion"}],"is_trial":false}