{"gold_per_floor":[119,119,75,75,94,94,128,144,144,144,163,194,194,294,294,294],"floor_reached":16,"playtime":297,"items_purged":[],"score":133,"play_id":"dbdfc3ea-cb60-4acb-a877-0193b6ffb368","local_time":"20190913000232","is_ascension_mode":false,"campfire_choices":[{"data":"Bash","floor":6,"key":"SMITH"},{"data":"Whirlwind","floor":10,"key":"SMITH"},{"floor":13,"key":"DIG"},{"floor":15,"key":"DIG"}],"neow_cost":"NONE","seed_source_timestamp":2317806499348500,"circlet_count":0,"master_deck":["Strike_R","Strike_R","Strike_R","Strike_R","Strike_R","Defend_R","Defend_R","Defend_R","Defend_R","Bash+1","Whirlwind+1"],"relics":["Burning Blood","NeowsBlessing","Question Card","Juzu Bracelet","Molten Egg 2","Shovel","Boot","Art of War"],"potions_floor_usage":[12,16],"damage_taken":[{"damage":0,"enemies":"2 Louse","floor":1,"turns":1},{"damage":0,"enemies":"Jaw Worm","floor":5,"turns":1},{"damage":0,"enemies":"3 Sentries","floor":7,"turns":2},{"damage":11,"enemies":"Small Slimes","floor":8,"turns":3},{"damage":10,"enemies":"Looter","floor":11,"turns":2},{"damage":14,"enemies":"Gremlin Nob","floor":12,"turns":3},{"damage":91,"enemies":"The Guardian","floor":16,"turns":13}],"seed_played":"-7391155248367484127","potions_obtained":[{"floor":5,"key":"SkillPotion"},{"floor":11,"key":"BloodPotion"}],"is_trial":false,"path_per_floor":["M","?","?","?","M","R","E","M","T","R","M","E","R","?","R","B"],"character_chosen":"IRONCLAD","items_purchased":[],"campfire_rested":0,"item_purchase_floors":[],"current_hp_per_floor":[80,85,85,73,79,79,85,80,80,80,76,68,68,68,68,0],"gold":294,"neow_bonus":"THREE_ENEMY_KILL","is_prod":false,"is_daily":false,"chose_seed":false,"campfire_upgraded":2,"win_rate":0,"timestamp":1568347352,"path_taken":["M","?","?","?","M","R","E","M","T","R","M","E","R","?","R","BOSS"],"build_version":"2019-07-17","purchased_purges":0,"victory":false,"max_hp_per_floor":[80,85,85,85,85,85,85,85,85,85,85,85,85,85,85,85],"card_choices":[{"not_picked":["Cleave","Shrug It Off","Headbutt"],"picked":"SKIP","floor":1},{"not_picked":["Sword Boomerang","Havoc","Cleave","True Grit"],"picked":"SKIP","floor":5},{"not_picked":["Infernal Blade","Reckless Charge","Flame Barrier","Intimidate"],"picked":"SKIP","floor":7},{"not_picked":["Power Through","Pommel Strike","Clothesline"],"picked":"Whirlwind","floor":8},{"not_picked":["Entrench","Body Slam+1","Feed+1","Cleave+1"],"picked":"SKIP","floor":11},{"not_picked":["Heavy Blade+1","Anger+1","Iron Wave+1","Pommel Strike+1"],"picked":"SKIP","floor":12}],"player_experience":402720,"relics_obtained":[{"floor":7,"key":"Juzu Bracelet"},{"floor":9,"key":"Molten Egg 2"},{"floor":12,"key":"Shovel"},{"floor":13,"key":"Boot"},{"floor":15,"key":"Art of War"}],"event_choices":[{"damage_healed":0,"gold_gain":0,"player_choice":"Donut","damage_taken":0,"max_hp_gain":5,"max_hp_loss":0,"event_name":"Big Fish","floor":2,"gold_loss":0},{"damage_healed":0,"gold_gain":0,"player_choice":"Left Gold","damage_taken":0,"max_hp_gain":0,"max_hp_loss":0,"event_name":"World of Goop","floor":3,"gold_loss":44},{"damage_healed":0,"gold_gain":0,"player_choice":"Success","damage_taken":12,"relics_obtained":["Question Card"],"max_hp_gain":0,"max_hp_loss":0,"event_name":"Scrap Ooze","floor":4,"gold_loss":0},{"damage_healed":0,"gold_gain":100,"player_choice":"Pray","damage_taken":0,"max_hp_gain":0,"max_hp_loss":0,"event_name":"Golden Shrine","floor":14,"gold_loss":0}],"is_beta":false,"boss_relics":[],"items_purged_floors":[],"is_endless":false,"potions_floor_spawned":[5,11],"killed_by":"The Guardian","ascension_level":0}