{"gold_per_floor":[112,126,86,103,103,103,119,119,119,119,67,67,87,102,102,203,203,216,216,235,251,261,261,278,208,208,208,208,208,208,208,208,311,311,321,332,348,361,361,361,374,385,385,396,396,425,258,258,258,258],"floor_reached":51,"playtime":1185,"items_purged":["Looming Evil"],"score":721,"play_id":"1058602b-703f-4e41-9861-15980f1657ae","local_time":"20190512121246","is_ascension_mode":false,"campfire_choices":[{"data":"Absolvement","floor":6,"key":"SMITH"},{"data":"BarbarianYell","floor":8,"key":"SMITH"},{"data":"True Grit","floor":12,"key":"SMITH"},{"data":"Shockwave","floor":15,"key":"SMITH"},{"data":"conspire:HitWhereItHurts","floor":23,"key":"SMITH"},{"floor":29,"key":"REST"},{"data":"Absolvement","floor":32,"key":"SMITH"},{"floor":45,"key":"REST"},{"floor":49,"key":"REST"}],"neow_cost":"NONE","seed_source_timestamp":238980338620027,"circlet_count":0,"master_deck":["Strike_R","Strike_R","Strike_R","Strike_R","Defend_R","Defend_R","Defend_R","Defend_R","Bash+1","Absolvement+1","Twin Strike","Warcry+1","BarbarianYell+1","Carnage","True Grit+1","Shockwave+1","conspire:HitWhereItHurts+1","Sword Boomerang","Absolvement+1","Dropkick","True Grit+1","Parasite","Bandage Up"],"relics":["Burning Blood","hubris:Metronome","Pear","hubris:CuriousFeather","Cursed Key","Strange Spoon","ReplayTheSpireMod:TigerMarble","conspire:DeflatedDodgeball","Painkiller Herb","hubris:ToyBattleship"],"potions_floor_usage":[46,50,50],"damage_taken":[{"damage":6,"enemies":"conspire:RoseBush","floor":1,"turns":3},{"damage":1,"enemies":"Cultist","floor":2,"turns":4},{"damage":5,"enemies":"Small Slimes","floor":4,"turns":3},{"damage":11,"enemies":"Red Slaver","floor":7,"turns":4},{"damage":13,"enemies":"Lots of Slimes","floor":13,"turns":3},{"damage":10,"enemies":"Looter","floor":14,"turns":2},{"damage":60,"enemies":"Hexaghost","floor":16,"turns":8},{"damage":8,"enemies":"conspire:FuzzyDice","floor":18,"turns":3},{"damage":14,"enemies":"Shell Parasite","floor":20,"turns":4},{"damage":11,"enemies":"Chosen and Byrds","floor":21,"turns":4},{"damage":0,"enemies":"Centurion and Healer","floor":22,"turns":3},{"damage":6,"enemies":"Snake Plant","floor":24,"turns":3},{"damage":77,"enemies":"Automaton","floor":33,"turns":9},{"damage":16,"enemies":"3 Shapes","floor":35,"turns":3},{"damage":11,"enemies":"3 Darklings","floor":36,"turns":3},{"damage":6,"enemies":"Spire Growth","floor":37,"turns":1},{"damage":10,"enemies":"4 Shapes","floor":38,"turns":3},{"damage":21,"enemies":"Sphere and 2 Shapes","floor":41,"turns":4},{"damage":24,"enemies":"Maw","floor":42,"turns":6},{"damage":8,"enemies":"Writhing Mass","floor":44,"turns":5},{"damage":68,"enemies":"Nightmare","floor":46,"turns":8},{"damage":6,"enemies":"infinitespire:MassOfShapes","floor":50,"turns":5}],"seed_played":"-6259093429206661139","potions_obtained":[{"floor":2,"key":"Poison Potion"},{"floor":7,"key":"infinitespire:BlackPotion"},{"floor":14,"key":"Swift Potion"},{"floor":46,"key":"infinitespire:BlackPotion"}],"is_trial":false,"path_per_floor":["M","M","$","M","T","R","M","R","T","?","$","R","M","M","R","B",null,"M","$","M","M","M","R","M","$","T","?","?","R","?","T","R","B",null,"?","?","?","?","?","T","?","?","T","?","T","NM","T","?","T","B",null],"character_chosen":"IRONCLAD","items_purchased":["Warcry+1","True Grit","Strange Spoon","ReplayTheSpireMod:TigerMarble","Absolvement","Bandage Up"],"campfire_rested":3,"item_purchase_floors":[3,11,19,19,25,47],"current_hp_per_floor":[80,80,80,80,80,80,75,75,85,85,85,85,78,74,74,20,90,88,65,57,52,58,58,58,58,58,58,40,68,68,68,68,10,95,85,80,80,76,76,76,61,43,43,41,69,7,7,7,35,39],"gold":258,"neow_bonus":"UPGRADE_CARD","is_prod":false,"is_daily":false,"chose_seed":false,"campfire_upgraded":6,"win_rate":0,"timestamp":1557677566,"path_taken":["M","M","$","M","?","R","M","R","T","?","$","R","M","M","R","BOSS","M","?","M","M","M","R","?","$","T","?","?","R","?","?","R","BOSS","?","?","?","?","?","?","?","?","T","?","T","NM","T","?","T","BOSS"],"build_version":"2019-01-23","purchased_purges":1,"victory":true,"max_hp_per_floor":[80,80,80,80,80,80,80,80,90,90,90,90,90,90,90,90,90,90,90,90,90,90,90,90,90,90,90,95,95,95,95,95,95,95,95,95,95,95,95,95,95,95,95,95,95,95,95,95,95,95],"card_choices":[{"not_picked":["Intimidate","Invigoration"],"picked":"Absolvement","floor":1},{"not_picked":["strawberrySpire:Overwork","Havoc"],"picked":"Twin Strike","floor":2},{"not_picked":["Armaments","strawberrySpire:ZonePlayer"],"picked":"BarbarianYell","floor":4},{"not_picked":["Blood for Blood","Shrug It Off"],"picked":"Carnage","floor":7},{"not_picked":["Warcry","Anger"],"picked":"Shockwave","floor":13},{"not_picked":["Warcry","strawberrySpire:DebrisPile","strawberrySpire:Conflagrate"],"picked":"SKIP","floor":14},{"not_picked":["Juggernaut","Barricade"],"picked":"conspire:HitWhereItHurts","floor":16},{"not_picked":["Defy Death","Flex"],"picked":"Sword Boomerang","floor":18},{"not_picked":["Seeing Red","strawberrySpire:DebrisPile","Pommel Strike"],"picked":"SKIP","floor":20},{"not_picked":["Metallicize","Sword Boomerang+1","strawberrySpire:GettingOverIt"],"picked":"SKIP","floor":21},{"not_picked":["Heavy Blade+1","ReplayTheSpireMod:Limb From Limb","Warcry"],"picked":"SKIP","floor":22},{"not_picked":["strawberrySpire:DraftPunk","Pommel Strike+1","strawberrySpire:CrashLanding"],"picked":"SKIP","floor":24},{"not_picked":["strawberrySpire:DebrisPile+1","Carnage","Sword Boomerang"],"picked":"SKIP","floor":35},{"not_picked":["Havoc","strawberrySpire:FireDrill+1","Shrug It Off+1"],"picked":"SKIP","floor":36},{"not_picked":["strawberrySpire:Spite+1","Body Slam","strawberrySpire:FireDrill"],"picked":"SKIP","floor":37},{"not_picked":["hubris:ReadiedAction+1","Run Through"],"picked":"Dropkick","floor":38},{"not_picked":["Carnage+1","strawberrySpire:Hellbender"],"picked":"True Grit+1","floor":41},{"not_picked":["Twin Strike+1","infinitespire:OneForAll+1","Massacre"],"picked":"SKIP","floor":42},{"not_picked":["hubris:ReadiedAction","strawberrySpire:Endurance+1","Havoc+1"],"picked":"SKIP","floor":44},{"not_picked":["Barricade","Flex+1","Warcry+1"],"picked":"SKIP","floor":46}],"player_experience":746799,"relics_obtained":[{"floor":5,"key":"hubris:Metronome"},{"floor":9,"key":"Pear"},{"floor":10,"key":"hubris:CuriousFeather"},{"floor":26,"key":"conspire:DeflatedDodgeball"},{"floor":46,"key":"hubris:ToyBattleship"}],"event_choices":[{"damage_healed":0,"gold_gain":0,"player_choice":"Ignored","damage_taken":0,"max_hp_gain":0,"max_hp_loss":0,"event_name":"Vampires","floor":27,"gold_loss":0},{"damage_healed":0,"gold_gain":0,"player_choice":"Shed Blood","damage_taken":23,"max_hp_gain":5,"max_hp_loss":0,"event_name":"Forgotten Altar","floor":28,"gold_loss":0},{"cards_removed":["Strike_R"],"damage_healed":0,"gold_gain":0,"player_choice":"Elegance","damage_taken":0,"max_hp_gain":0,"max_hp_loss":0,"event_name":"Back to Basics","floor":30,"gold_loss":0}],"is_beta":false,"boss_relics":[{"not_picked":["Busted Crown","hubris:GrandSneckoEye"],"picked":"Cursed Key"},{"not_picked":["aspiration:PoetsPen_weak","Runic Dome"],"picked":"Painkiller Herb"}],"items_purged_floors":[47],"is_endless":false,"potions_floor_spawned":[2,7,14,18,20,21,37,42,44],"ascension_level":0}