{"gold_per_floor":[114,129,144,159,174,174,204,169,219,219,234,264,279,294,294,294],"floor_reached":16,"playtime":728,"items_purged":[],"score":241,"play_id":"0309fcad-30b7-43fe-a18a-d0b1cfba88ab","local_time":"20180704011802","daily_mods":["Specialized","Lethality","Hoarder"],"is_ascension_mode":false,"campfire_choices":[{"data":"Finisher","floor":6,"key":"SMITH"},{"data":"Finisher","floor":10,"key":"SMITH"},{"floor":15,"key":"REST"}],"neow_cost":"","seed_source_timestamp":761175546588549,"circlet_count":0,"master_deck":["Defend_G","Defend_G","Defend_G","Defend_G","Defend_G","Strike_G","Strike_G","Strike_G","Strike_G","Strike_G","Survivor","Neutralize","Phantasmal Killer","Phantasmal Killer","Phantasmal Killer","Phantasmal Killer","Phantasmal Killer","Phantasmal Killer","Phantasmal Killer","Phantasmal Killer","Phantasmal Killer","Phantasmal Killer","Phantasmal Killer","Phantasmal Killer","Phantasmal Killer","Phantasmal Killer","Phantasmal Killer","Endless Agony","Endless Agony","Endless Agony","Sucker Punch+1","Sucker Punch","Sucker Punch","Endless Agony","Endless Agony","Endless Agony+1","Finisher+1","Finisher+1","Finisher","PiercingWail","PiercingWail","PiercingWail","Acrobatics","Acrobatics","Acrobatics","Backflip","Backflip","Backflip","Choke","Choke","Choke","Noxious Fumes","Noxious Fumes","Noxious Fumes"],"special_seed":17715,"relics":["Ring of the Snake","Whetstone","Snake Skull","Paper Crane"],"potions_floor_usage":[7,16,16,16],"damage_taken":[{"damage":8,"enemies":"Small Slimes","floor":1,"turns":4},{"damage":0,"enemies":"Cultist","floor":2,"turns":2},{"damage":2,"enemies":"Jaw Worm","floor":3,"turns":2},{"damage":0,"enemies":"Large Slime","floor":4,"turns":3},{"damage":0,"enemies":"2 Fungi Beasts","floor":5,"turns":1},{"damage":26,"enemies":"Lagavulin","floor":7,"turns":4},{"damage":10,"enemies":"Exordium Wildlife","floor":11,"turns":2},{"damage":0,"enemies":"Gremlin Nob","floor":12,"turns":1},{"damage":0,"enemies":"Blue Slaver","floor":13,"turns":1},{"damage":13,"enemies":"3 Louse","floor":14,"turns":2},{"damage":49,"enemies":"The Guardian","floor":16,"turns":5}],"seed_played":"-5295216616361332357","potions_obtained":[{"floor":2,"key":"Regen Potion"},{"floor":3,"key":"Block Potion"},{"floor":4,"key":"GamblersBrew"},{"floor":5,"key":"SpeedPotion"},{"floor":12,"key":"Ancient Potion"},{"floor":14,"key":"FearPotion"}],"is_trial":false,"path_per_floor":["M","M","M","M","M","R","E","?","T","R","M","E","M","M","R"],"character_chosen":"THE_SILENT","items_purchased":[],"campfire_rested":1,"item_purchase_floors":[],"current_hp_per_floor":[62,62,60,60,60,60,39,56,56,56,46,46,46,33,54,5],"gold":294,"neow_bonus":"","is_prod":false,"is_daily":true,"chose_seed":false,"campfire_upgraded":2,"win_rate":0.0,"timestamp":1530659882,"path_taken":["M","M","M","M","M","R","E","?","T","R","M","E","M","M","R","BOSS"],"build_version":"2018-06-28","purchased_purges":0,"victory":false,"max_hp_per_floor":[70,70,70,70,70,70,70,70,70,70,70,70,70,70,70,70],"card_choices":[{"not_picked":["Slice","Backflip"],"picked":"Endless Agony","floor":1},{"not_picked":["Dagger Spray","Dash"],"picked":"Sucker Punch","floor":2},{"not_picked":["Grand Finale","Terror"],"picked":"Endless Agony","floor":3},{"not_picked":["Predator","Deflect"],"picked":"Finisher","floor":4},{"not_picked":["Deflect","Skewer"],"picked":"PiercingWail","floor":5},{"not_picked":["Deadly Poison","Dagger Throw"],"picked":"Acrobatics","floor":7},{"not_picked":["Calculated Gamble","Masterful Stab"],"picked":"Backflip","floor":11},{"not_picked":["Dodge and Roll","Bouncing Flask"],"picked":"Choke","floor":12},{"not_picked":["Glass Knife","PiercingWail","Bane"],"picked":"SKIP","floor":13},{"not_picked":["Eviscerate","Dagger Spray"],"picked":"Noxious Fumes","floor":14}],"player_experience":23448,"relics_obtained":[{"floor":7,"key":"Whetstone"},{"floor":9,"key":"Snake Skull"},{"floor":12,"key":"Paper Crane"}],"event_choices":[{"event_name":"The Cleric","player_choice":"Healed","floor":8,"damage_taken":0}],"boss_relics":[],"items_purged_floors":[],"is_endless":false,"potions_floor_spawned":[2,3,4,5,12,14],"killed_by":"The Guardian","ascension_level":0}