{"gold_per_floor":[117,134,16,66,27,27,45,45,45,77,37,37,37,55,55,132,132,147,147,29,39,39],"floor_reached":22,"playtime":434,"items_purged":[],"score":355,"play_id":"4e50536f-ff29-45ae-9c15-33031681ffa9","local_time":"20190917010804","is_ascension_mode":true,"campfire_choices":[{"data":"Neutralize","floor":6.0,"key":"SMITH"},{"data":"Terror","floor":8.0,"key":"SMITH"},{"data":"Blade Dance","floor":13.0,"key":"SMITH"},{"data":"Noxious Fumes","floor":15.0,"key":"SMITH"}],"neow_cost":"NONE","seed_source_timestamp":214180348353000,"circlet_count":0,"master_deck":["AscendersBane","Strike_G+1","Strike_G+1","Strike_G+1","Strike_G+1","Strike_G+1","Defend_G+1","Defend_G+1","Defend_G+1","Defend_G+1","Defend_G+1","Survivor","Neutralize+1","Choke+1","Noxious Fumes+1","Endless Agony","Terror+1","Blade Dance+1","Backflip","Endless Agony","Slice","Envenom","Cloak And Dagger","Crippling Poison","Riddle With Holes","Cloak And Dagger"],"special_seed":0,"relics":["Ring of the Snake","NeowsBlessing","Gremlin Horn","Bag of Marbles","SacredBark"],"potions_floor_usage":[],"damage_taken":[{"damage":0.0,"enemies":"Jaw Worm","floor":1.0,"turns":1.0},{"damage":0.0,"enemies":"Cultist","floor":2.0,"turns":1.0},{"damage":0.0,"enemies":"Small Slimes","floor":7.0,"turns":1.0},{"damage":6.0,"enemies":"Gremlin Nob","floor":10.0,"turns":3.0},{"damage":0.0,"enemies":"Exordium Wildlife","floor":14.0,"turns":2.0},{"damage":39.0,"enemies":"The Guardian","floor":16.0,"turns":11.0},{"damage":30.0,"enemies":"Shell Parasite","floor":18.0,"turns":5.0},{"damage":13.0,"enemies":"Chosen","floor":21.0,"turns":4.0},{"damage":16,"enemies":"Centurion and Healer","floor":22,"turns":2}],"seed_played":"7291627045083721359","potions_obtained":[{"floor":2.0,"key":"Poison Potion"},{"floor":7.0,"key":"GamblersBrew"}],"is_trial":false,"path_per_floor":["M","M","$","?","$","R","M","R","T","E","$","?","R","M","R","B",null,"M","?","$","M","M"],"character_chosen":"THE_SILENT","items_purchased":["Noxious Fumes","Endless Agony","Terror","Endless Agony","Crippling Poison","Riddle With Holes"],"campfire_rested":0,"item_purchase_floors":[3,3,5,11,20,20],"current_hp_per_floor":[59,59,59,53,53,53,53,53,53,47,47,47,47,47,47,8,52,22,22,22,9,0],"gold":39,"neow_bonus":"THREE_ENEMY_KILL","is_prod":false,"is_daily":false,"chose_seed":false,"campfire_upgraded":4,"win_rate":0,"timestamp":1568700484,"path_taken":["M","M","$","?","?","R","?","R","T","E","$","?","R","M","R","BOSS","M","?","$","M","M"],"build_version":"2019-09-12","purchased_purges":0,"victory":false,"max_hp_per_floor":[66,66,66,66,66,66,66,66,66,66,66,66,66,66,66,66,66,66,66,66,66,66],"card_choices":[{"not_picked":["Prepared","Dagger Throw","PiercingWail"],"picked":"SKIP","floor":1.0},{"not_picked":["Well Laid Plans","Deflect","Choke"],"picked":"SKIP","floor":2.0},{"not_picked":["Well Laid Plans","Deflect"],"picked":"Choke","floor":2.0},{"not_picked":["Acrobatics","Deadly Poison"],"picked":"Blade Dance","floor":7.0},{"not_picked":["Skewer","Tools of the Trade"],"picked":"Backflip","floor":10.0},{"not_picked":["Bane","Endless Agony"],"picked":"Slice","floor":14.0},{"not_picked":["Bullet Time","Tools of the Trade"],"picked":"Envenom","floor":16.0},{"not_picked":["Flechettes","Poisoned Stab+1"],"picked":"Cloak And Dagger","floor":18.0},{"not_picked":["Flechettes+1","Calculated Gamble"],"picked":"Cloak And Dagger","floor":21.0}],"player_experience":1361763,"relics_obtained":[{"floor":9.0,"key":"Gremlin Horn"},{"floor":10.0,"key":"Bag of Marbles"}],"event_choices":[{"damage_healed":0.0,"max_hp_gain":0.0,"max_hp_loss":0.0,"gold_gain":50.0,"event_name":"FaceTrader","player_choice":"Touch","floor":4.0,"gold_loss":0.0,"damage_taken":6.0},{"damage_healed":0.0,"max_hp_gain":0.0,"max_hp_loss":0.0,"gold_gain":0.0,"event_name":"Living Wall","player_choice":"Grow","floor":12.0,"gold_loss":0.0,"damage_taken":0.0,"cards_upgraded":["Choke"]},{"damage_healed":0.0,"max_hp_gain":0.0,"max_hp_loss":0.0,"gold_gain":0.0,"event_name":"Back to Basics","player_choice":"Simplicity","floor":19.0,"gold_loss":0.0,"damage_taken":0.0,"cards_upgraded":["Strike_G","Strike_G","Strike_G","Strike_G","Strike_G","Defend_G","Defend_G","Defend_G","Defend_G","Defend_G"]}],"is_beta":true,"boss_relics":[{"not_picked":["Pandora\u0027s Box","Velvet Choker"],"picked":"SacredBark"}],"items_purged_floors":[],"is_endless":false,"potions_floor_spawned":[2,7],"killed_by":"Centurion and Healer","ascension_level":19}