{"path_per_floor":["M","?","M","?","$","R","E","M","T","E","M","?","R","M","R","B",null,"M","$","M","?","M","R","?","R","T","M","?","$","M","E","R"],"character_chosen":"THE_SILENT","items_purchased":["Ice Cream","Noxious Fumes","Deflect","Finesse"],"gold_per_floor":[109,184,204,379,2,2,29,42,67,100,111,111,111,124,124,223,223,234,35,48,298,313,313,313,313,313,325,240,11,22,51,51,51],"floor_reached":33,"campfire_rested":2,"playtime":2544,"current_hp_per_floor":[63,52,46,46,46,46,25,25,25,12,12,12,12,12,48,5,54,50,50,50,50,37,37,37,37,37,32,32,32,32,22,58,0],"items_purged":["Doubt","Strike_G","Regret"],"gold":51,"score":399,"play_id":"8c73f7fc-04f3-4f4a-afaf-8e20cfa81056","local_time":"20180421001030","is_prod":false,"is_daily":false,"chose_seed":false,"is_ascension_mode":true,"campfire_upgraded":1,"timestamp":1524294630,"path_taken":["M","?","?","?","?","R","E","M","T","E","?","?","R","M","R","BOSS","M","$","M","?","M","R","?","R","T","M","?","$","M","E","R","BOSS"],"build_version":"2018-04-19","seed_source_timestamp":221427446677005,"purchased_purges":3,"victory":false,"master_deck":["Defend_G","Defend_G","Defend_G","Defend_G","Defend_G","Strike_G","Strike_G","Strike_G","Survivor","Neutralize","Footwork+1","Dash","Blur","Backstab","Escape Plan","Poisoned Stab","Prepared","Bullet Time","Footwork","Noxious Fumes","Deflect","Cloak And Dagger","Noxious Fumes+1","Bouncing Flask+1","Finesse","Catalyst"],"max_hp_per_floor":[70,70,70,70,70,70,70,70,70,70,70,70,70,70,70,70,70,70,70,70,70,70,70,70,70,70,70,70,70,70,70,70,70],"relics":["Ring of the Snake","Ice Cream","Regal Pillow","Bronze Scales","Girya","Sozu","Mercury Hourglass","Ancient Tea Set","Peace Pipe"],"card_choices":[{"not_picked":["Poisoned Stab","Flying Knee"],"picked":"Footwork","floor":1},{"not_picked":["Endless Agony","Slice"],"picked":"Dash","floor":3},{"not_picked":["Sucker Punch","Poisoned Stab"],"picked":"Blur","floor":7},{"not_picked":["Slice","Dagger Throw"],"picked":"Backstab","floor":8},{"not_picked":["Acrobatics","Deadly Poison"],"picked":"Escape Plan","floor":11},{"not_picked":["Eviscerate","PiercingWail"],"picked":"Prepared","floor":14},{"not_picked":["Storm of Steel","Unload"],"picked":"Bullet Time","floor":16},{"not_picked":["Deflect","Backstab"],"picked":"Footwork","floor":18},{"not_picked":["Quick Slash","Prepared"],"picked":"Cloak And Dagger","floor":20},{"not_picked":["Flechettes","Dodge and Roll"],"picked":"Noxious Fumes","floor":22},{"not_picked":["Reflex","Dagger Spray"],"picked":"Bouncing Flask","floor":27},{"not_picked":["Dagger Throw","Reflex"],"picked":"Catalyst","floor":30}],"player_experience":410350,"potions_floor_usage":[7,14,27,31],"damage_taken":[{"damage":0,"enemies":"Jaw Worm","floor":1,"turns":5},{"damage":6,"enemies":"2 Louse","floor":3,"turns":5},{"damage":21,"enemies":"Gremlin Nob","floor":7,"turns":7},{"damage":0,"enemies":"Cultist","floor":8,"turns":5},{"damage":13,"enemies":"Lagavulin","floor":10,"turns":10},{"damage":0,"enemies":"2 Fungi Beasts","floor":11,"turns":4},{"damage":0,"enemies":"Exordium Wildlife","floor":14,"turns":4},{"damage":43,"enemies":"Hexaghost","floor":16,"turns":12},{"damage":4,"enemies":"Chosen","floor":18,"turns":7},{"damage":0,"enemies":"3 Byrds","floor":20,"turns":4},{"damage":13,"enemies":"Centurion and Healer","floor":22,"turns":12},{"damage":5,"enemies":"Snake Plant","floor":27,"turns":4},{"damage":0,"enemies":"Cultist and Chosen","floor":30,"turns":5},{"damage":10,"enemies":"Gremlin Leader","floor":31,"turns":7},{"damage":60,"enemies":"Champ","floor":33,"turns":8}],"event_choices":[{"event_name":"World of Goop","player_choice":"Gather Gold","floor":2,"damage_taken":0},{"event_name":"Liars Game","player_choice":"agreed","floor":4,"damage_taken":0},{"event_name":"Transmorgrifier","player_choice":"Transform","floor":12,"damage_taken":0},{"event_name":"Golden Shrine","player_choice":"Desecrate","floor":21,"damage_taken":0},{"event_name":"Drug Dealer","player_choice":"Ignored","floor":24,"damage_taken":0},{"event_name":"Addict","player_choice":"Obtained Relic","floor":28,"damage_taken":0}],"boss_relics":[{"not_picked":["Lizard Tail","Eternal Feather"],"picked":"Sozu"}],"potions_floor_spawned":[3,8,10,11,18,22,27,31],"seed_played":"5779097110182297705","killed_by":"Champ","ascension_level":9,"is_trial":false}