{"gold_per_floor":[119,133,133,133,144,171,171,204,204,11,26,26,26,40,40,142,142,158,172,172,172,198,215,230,230,230,240,256,266,48,67,67,171,221,232,454,454,471,302,302,331,331],"floor_reached":42,"playtime":8873,"items_purged":["Strike_B","Strike_B"],"score":484,"play_id":"157f1272-3a1f-4e0c-8cf1-cb6e18c7309a","local_time":"20190916031746","is_ascension_mode":true,"campfire_choices":[{"data":"Chill","floor":7,"key":"SMITH"},{"floor":15,"key":"REST"},{"floor":25,"key":"REST"},{"floor":32,"key":"REST"},{"floor":40,"key":"REST"}],"neow_cost":"NONE","seed_source_timestamp":213893212035900,"circlet_count":0,"master_deck":["Strike_B","Defend_B+1","Defend_B","Defend_B","Zap+1","Dualcast","Genetic Algorithm+1","Cold Snap","Defragment+1","Chill+1","Sweeping Beam+1","Apotheosis+1","Skim","Capacitor","Creative AI","Sunder+1","Cold Snap+1","Consume","Rebound+1","Loop","Echo Form","Seek","Turbo+1","Hologram","Chill","Loop+1"],"relics":["Empty Cage","Molten Egg 2","Bronze Scales","Question Card","Black Star","Red Mask","Bottled Lightning","Tiny House","Omamori","Ancient Tea Set"],"potions_floor_usage":[6,31,33,42,42],"damage_taken":[{"damage":7,"enemies":"Jaw Worm","floor":1,"turns":3},{"damage":4,"enemies":"2 Louse","floor":2,"turns":4},{"damage":1,"enemies":"Cultist","floor":5,"turns":4},{"damage":25,"enemies":"3 Sentries","floor":6,"turns":11},{"damage":6,"enemies":"Lagavulin","floor":8,"turns":9},{"damage":0,"enemies":"Blue Slaver","floor":11,"turns":3},{"damage":10,"enemies":"3 Louse","floor":14,"turns":3},{"damage":22,"enemies":"The Guardian","floor":16,"turns":11},{"damage":34,"enemies":"Shell Parasite","floor":18,"turns":7},{"damage":7,"enemies":"2 Thieves","floor":19,"turns":5},{"damage":0,"enemies":"Masked Bandits","floor":22,"turns":4},{"damage":26,"enemies":"3 Cultists","floor":23,"turns":6},{"damage":12,"enemies":"Shelled Parasite and Fungi","floor":24,"turns":7},{"damage":9,"enemies":"Snecko","floor":27,"turns":7},{"damage":0,"enemies":"Centurion and Healer","floor":28,"turns":8},{"damage":2,"enemies":"Cultist and Chosen","floor":29,"turns":8},{"damage":16,"enemies":"3 Cultists","floor":31,"turns":6},{"damage":14,"enemies":"Champ","floor":33,"turns":13},{"damage":59,"enemies":"3 Shapes","floor":35,"turns":5},{"damage":12,"enemies":"Orb Walker","floor":38,"turns":4},{"damage":35,"enemies":"Nemesis","floor":41,"turns":13},{"damage":9,"enemies":"Transient","floor":42,"turns":1}],"seed_played":"-3159604329806464173","potions_obtained":[{"floor":2,"key":"PowerPotion"},{"floor":8,"key":"Poison Potion"},{"floor":11,"key":"Strength Potion"},{"floor":14,"key":"Fire Potion"},{"floor":16,"key":"FocusPotion"},{"floor":28,"key":"Ancient Potion"},{"floor":33,"key":"GamblersBrew"},{"floor":34,"key":"EssenceOfSteel"},{"floor":35,"key":"SkillPotion"}],"is_trial":false,"path_per_floor":["M","M","?","?","M","E","R","E","T","$","M","?","$","M","R","B",null,"M","M","?","?","?","M","M","R","T","M","M","M","$","M","R","B",null,"M","?","?","M","$","R","E","M"],"character_chosen":"DEFECT","items_purchased":["Apotheosis","Echo Form","Chill"],"campfire_rested":4,"item_purchase_floors":[10,30,39],"current_hp_per_floor":[68,64,64,64,63,38,38,32,32,32,32,17,17,7,29,7,75,41,34,59,45,45,19,7,31,31,22,22,20,20,4,28,14,85,26,26,26,14,14,39,4,0],"gold":331,"neow_bonus":"BOSS_RELIC","is_prod":false,"is_daily":false,"chose_seed":false,"campfire_upgraded":1,"win_rate":0,"timestamp":1568596666,"path_taken":["M","M","?","?","M","E","R","E","T","$","M","?","?","M","R","BOSS","M","M","?","?","?","M","M","R","T","M","M","M","$","M","R","BOSS","M","?","?","?","?","R","E","M"],"build_version":"2019-07-17","purchased_purges":2,"victory":false,"max_hp_per_floor":[75,75,75,75,75,75,75,75,75,75,75,75,75,75,75,75,75,75,75,75,80,80,80,80,80,80,80,80,80,80,80,80,80,85,85,85,85,85,85,85,85,85],"card_choices":[{"not_picked":["Go for the Eyes","Leap"],"picked":"Genetic Algorithm","floor":1},{"not_picked":["FTL","Steam"],"picked":"Cold Snap","floor":2},{"not_picked":["Barrage","Loop"],"picked":"Defragment","floor":5},{"not_picked":["Double Energy","Leap"],"picked":"Chill","floor":6},{"not_picked":["FTL+1","Conserve Battery"],"picked":"Sweeping Beam+1","floor":8},{"not_picked":["Hologram","Aggregate","Conserve Battery"],"picked":"Skim","floor":11},{"not_picked":["Tempest","Gash+1","Ball Lightning+1"],"picked":"Capacitor","floor":14},{"not_picked":["Rainbow","Core Surge+1","Buffer"],"picked":"Creative AI","floor":16},{"not_picked":["Sweeping Beam+1","Beam Cell+1","Compile Driver+1"],"picked":"Sunder+1","floor":18},{"not_picked":["Go for the Eyes+1","BootSequence","Hello World+1"],"picked":"Cold Snap+1","floor":19},{"not_picked":["Gash+1","Double Energy","Multi-Cast"],"picked":"Consume","floor":22},{"not_picked":["Coolheaded","Fusion","Hologram"],"picked":"Rebound+1","floor":23},{"not_picked":["Double Energy","Doom and Gloom+1","Stack+1","Hello World"],"picked":"SKIP","floor":24},{"not_picked":["Heatsinks","Compile Driver+1","Redo+1"],"picked":"Loop","floor":27},{"not_picked":["Stack+1","Gash+1","Skim","Sweeping Beam+1"],"picked":"SKIP","floor":28},{"not_picked":["Beam Cell+1","Stack","Compile Driver+1","Streamline+1"],"picked":"SKIP","floor":29},{"not_picked":["Consume","Barrage+1","Scrape+1","Skim+1"],"picked":"SKIP","floor":31},{"not_picked":["Reboot","Machine Learning","Multi-Cast"],"picked":"Seek","floor":33},{"not_picked":["Capacitor","Reinforced Body+1","Cold Snap+1"],"picked":"Turbo+1","floor":34},{"not_picked":["Undo","Melter+1","Compile Driver+1","Stack+1"],"picked":"SKIP","floor":35},{"not_picked":["Loop+1","Compile Driver+1","Genetic Algorithm"],"picked":"Hologram","floor":38},{"not_picked":["All For One+1","Creative AI","Sweeping Beam+1"],"picked":"Loop+1","floor":41}],"player_experience":135107,"relics_obtained":[{"floor":6,"key":"Molten Egg 2"},{"floor":8,"key":"Bronze Scales"},{"floor":9,"key":"Question Card"},{"floor":22,"key":"Red Mask"},{"floor":26,"key":"Bottled Lightning"},{"floor":41,"key":"Omamori"},{"floor":41,"key":"Ancient Tea Set"}],"event_choices":[{"damage_healed":0,"gold_gain":0,"player_choice":"Ignored","damage_taken":0,"max_hp_gain":0,"max_hp_loss":0,"event_name":"Liars Game","floor":3,"gold_loss":0},{"damage_healed":0,"gold_gain":0,"player_choice":"Grow","damage_taken":0,"max_hp_gain":0,"max_hp_loss":0,"event_name":"Living Wall","floor":4,"gold_loss":0,"cards_upgraded":["Genetic Algorithm"]},{"damage_healed":0,"gold_gain":0,"player_choice":"Entered Light","damage_taken":15,"max_hp_gain":0,"max_hp_loss":0,"event_name":"Shining Light","floor":12,"gold_loss":0,"cards_upgraded":["Defragment","Zap"]},{"damage_healed":25,"gold_gain":0,"player_choice":"Heal","damage_taken":0,"max_hp_gain":0,"max_hp_loss":0,"event_name":"The Library","floor":20,"gold_loss":0},{"damage_healed":0,"gold_gain":0,"player_choice":"Shed Blood","damage_taken":19,"max_hp_gain":5,"max_hp_loss":0,"event_name":"Forgotten Altar","floor":21,"gold_loss":0},{"damage_healed":0,"gold_gain":0,"player_choice":"Fought Bandits","damage_taken":0,"max_hp_gain":0,"max_hp_loss":0,"event_name":"Masked Bandits","floor":22,"gold_loss":0},{"damage_healed":0,"gold_gain":222,"player_choice":"Wore Mask","damage_taken":0,"max_hp_gain":0,"max_hp_loss":0,"event_name":"Tomb of Lord Red Mask","floor":36,"gold_loss":0},{"damage_healed":0,"gold_gain":0,"player_choice":"Forge","damage_taken":0,"max_hp_gain":0,"max_hp_loss":0,"event_name":"Accursed Blacksmith","floor":37,"gold_loss":0,"cards_upgraded":["Apotheosis"]}],"is_beta":false,"boss_relics":[{"not_picked":["Snecko Eye","Calling Bell"],"picked":"Black Star"},{"not_picked":["Runic Dome","Runic Pyramid"],"picked":"Tiny House"}],"items_purged_floors":[30,39],"is_endless":false,"potions_floor_spawned":[2,8,11,14,16,22,24,27,28,33,35],"killed_by":"Transient","ascension_level":2}