{"gold_per_floor":[112,124,25,25,35,35,45,58,58,92,110,110,110,130,130,255,255,271,289,289,289,308,308,332,332,332,332,352,352],"floor_reached":29,"playtime":1182,"items_purged":[],"score":229,"play_id":"931f805f-bd6d-432b-ac57-9b9d20820d1e","local_time":"20181121195706","is_ascension_mode":false,"campfire_choices":[{"data":"Body Slam","floor":6,"key":"SMITH"},{"data":"Spot Weakness","floor":13,"key":"SMITH"},{"data":"Bash","floor":15,"key":"SMITH"},{"data":"Shrug It Off","floor":23,"key":"SMITH"},{"data":"Entrench","floor":25,"key":"SMITH"}],"neow_cost":"NONE","seed_source_timestamp":276828827250798,"circlet_count":0,"master_deck":["Defend_R","Defend_R","Defend_R","Defend_R","Bash+1","Shrug It Off+1","Shrug It Off","Body Slam+1","Spot Weakness+1","Twin Strike","Shrug It Off+1","Reaper","Ghostly Armor+1","Warcry+1","Clash+1","Armaments+1","True Grit+1","Iron Wave+1","Entrench+1","Sword Boomerang+1"],"relics":["Burning Blood","Frozen Egg 2","Mummified Hand","Golden Idol","Astrolabe","Bag of Marbles"],"potions_floor_usage":[10,16,16,29],"damage_taken":[{"damage":0,"enemies":"2 Louse","floor":1,"turns":3},{"damage":0,"enemies":"Cultist","floor":2,"turns":4},{"damage":0,"enemies":"Small Slimes","floor":5,"turns":3},{"damage":5,"enemies":"Looter","floor":7,"turns":3},{"damage":0,"enemies":"Large Slime","floor":8,"turns":4},{"damage":38,"enemies":"Lagavulin","floor":10,"turns":6},{"damage":7,"enemies":"Lots of Slimes","floor":11,"turns":6},{"damage":0,"enemies":"Blue Slaver","floor":14,"turns":4},{"damage":44,"enemies":"Slime Boss","floor":16,"turns":11},{"damage":0,"enemies":"Shell Parasite","floor":18,"turns":6},{"damage":8,"enemies":"Spheric Guardian","floor":19,"turns":6},{"damage":8,"enemies":"Snecko","floor":22,"turns":6},{"damage":2,"enemies":"Centurion and Healer","floor":24,"turns":11},{"damage":3,"enemies":"Snake Plant","floor":28,"turns":8},{"damage":102,"enemies":"Gremlin Leader","floor":29,"turns":11}],"seed_played":"-6908216119788906098","potions_obtained":[{"floor":0,"key":"AttackPotion"},{"floor":0,"key":"Explosive Potion"},{"floor":0,"key":"SneckoOil"},{"floor":8,"key":"FairyPotion"},{"floor":11,"key":"Block Potion"},{"floor":22,"key":"GamblersBrew"},{"floor":24,"key":"BloodPotion"}],"is_trial":false,"path_per_floor":["M","M","$","?","M","R","M","M","T","E","M","?","R","M","R","B",null,"M","M","?","?","M","R","M","R","T","?","M","E"],"character_chosen":"IRONCLAD","items_purchased":["Shrug It Off","Body Slam"],"campfire_rested":0,"item_purchase_floors":[3,3],"current_hp_per_floor":[80,80,80,80,80,80,80,80,80,48,47,27,27,33,33,14,80,80,78,78,78,76,76,80,80,80,80,80,0],"gold":352,"neow_bonus":"THREE_SMALL_POTIONS","is_prod":false,"is_daily":false,"chose_seed":false,"campfire_upgraded":5,"win_rate":0,"timestamp":1542848226,"path_taken":["M","M","$","?","M","R","M","?","T","E","M","?","R","M","R","BOSS","M","M","?","?","M","R","?","R","T","?","?","E"],"build_version":"2018-11-15","purchased_purges":0,"victory":false,"max_hp_per_floor":[80,80,80,80,80,80,80,80,80,80,80,80,80,80,80,80,80,80,80,80,80,80,80,80,80,80,80,80,80],"card_choices":[{"not_picked":["Shockwave","Sever Soul"],"picked":"Shrug It Off","floor":1},{"not_picked":["Clothesline","Burning Pact","Flex"],"picked":"SKIP","floor":2},{"not_picked":["Sentinel","True Grit","Searing Blow"],"picked":"SKIP","floor":5},{"not_picked":["Clothesline","Havoc"],"picked":"Twin Strike","floor":7},{"not_picked":["Battle Trance","Headbutt","Metallicize"],"picked":"SKIP","floor":8},{"not_picked":["Twin Strike","Heavy Blade"],"picked":"Shrug It Off","floor":10},{"not_picked":["Havoc","Clash","Ghostly Armor"],"picked":"SKIP","floor":11},{"not_picked":["Heavy Blade","True Grit","Battle Trance"],"picked":"SKIP","floor":14},{"not_picked":["Fiend Fire","Feed"],"picked":"Reaper","floor":16},{"not_picked":["Pommel Strike","Flex+1"],"picked":"Armaments+1","floor":18},{"not_picked":["Armaments","Twin Strike"],"picked":"True Grit+1","floor":19},{"not_picked":["Anger","Wild Strike"],"picked":"Iron Wave+1","floor":22},{"not_picked":["Seeing Red+1","Burning Pact"],"picked":"Entrench","floor":24},{"not_picked":["Exhume","Perfected Strike"],"picked":"Sword Boomerang+1","floor":28}],"player_experience":970428,"relics_obtained":[{"floor":9,"key":"Frozen Egg 2"},{"floor":10,"key":"Mummified Hand"},{"floor":26,"key":"Bag of Marbles"}],"event_choices":[{"damage_healed":0,"gold_gain":0,"cards_transformed":["Strike_R"],"player_choice":"Transformed","damage_taken":0,"max_hp_gain":0,"max_hp_loss":0,"event_name":"Transmorgrifier","floor":4,"gold_loss":0,"cards_obtained":["Spot Weakness"]},{"damage_healed":0,"gold_gain":0,"player_choice":"Take Damage","damage_taken":20,"relics_obtained":["Golden Idol"],"max_hp_gain":0,"max_hp_loss":0,"event_name":"Golden Idol","floor":12,"gold_loss":0},{"damage_healed":0,"gold_gain":0,"player_choice":"Ignored","damage_taken":0,"max_hp_gain":0,"max_hp_loss":0,"event_name":"The Mausoleum","floor":20,"gold_loss":0},{"damage_healed":0,"gold_gain":0,"player_choice":"Forge","damage_taken":0,"max_hp_gain":0,"max_hp_loss":0,"event_name":"Accursed Blacksmith","floor":21,"gold_loss":0,"cards_upgraded":["Shrug It Off"]},{"cards_removed":["Strike_R"],"damage_healed":0,"gold_gain":0,"player_choice":"Purged","damage_taken":0,"max_hp_gain":0,"max_hp_loss":0,"event_name":"Purifier","floor":27,"gold_loss":0}],"is_beta":true,"boss_relics":[{"not_picked":["Snecko Eye","Mark of Pain"],"picked":"Astrolabe"}],"items_purged_floors":[],"is_endless":false,"potions_floor_spawned":[1,8,11,14,22,24],"killed_by":"Gremlin Leader","ascension_level":0}