{"path_per_floor":["M","?","?","M","M","R","$","R","T","E","R","M","?","?","R","B",null,"M","M","?","$","M","R","?","M","T","M","M","R"],"character_chosen":"DEFECT","items_purchased":["Vajra","Static Discharge"],"gold_per_floor":[116,116,116,130,149,149,74,74,122,148,148,163,163,193,193,290,290,304,319,369,149,160,160,310,326,326,338,352,352,402],"floor_reached":30,"campfire_rested":0,"playtime":868,"item_purchase_floors":[21,21],"current_hp_per_floor":[73,73,73,72,71,71,71,71,71,52,52,44,44,44,44,14,75,67,62,62,62,60,60,60,53,53,26,12,12,0],"items_purged":["Strike_B"],"gold":402,"score":242,"play_id":"fb398530-6c6c-400a-8f71-3ec1119e9d56","local_time":"20180625174458","is_prod":false,"is_daily":false,"chose_seed":false,"is_ascension_mode":true,"campfire_upgraded":6,"win_rate":0,"timestamp":1529963098,"campfire_choices":[{"data":"White Noise","floor":6,"key":"SMITH"},{"data":"Dualcast","floor":8,"key":"SMITH"},{"data":"Reboot","floor":11,"key":"SMITH"},{"data":"Defend_B","floor":15,"key":"SMITH"},{"data":"Static Discharge","floor":23,"key":"SMITH"},{"data":"White Noise","floor":29,"key":"SMITH"}],"path_taken":["M","?","?","M","M","R","$","R","T","E","R","?","?","?","R","BOSS","M","M","?","$","M","R","?","M","T","M","M","R","?"],"build_version":"2018-06-21","seed_source_timestamp":2236461885835829,"purchased_purges":1,"circlet_count":0,"victory":false,"master_deck":["Strike_B","Strike_B","Strike_B","Defend_B+1","Defend_B","Defend_B","Defend_B","Zap+1","Dualcast+1","White Noise+1","Reboot+1","Gash","All For One","Sweeping Beam","Panacea","Static Discharge+1","Gash","Redo+1","White Noise+1"],"max_hp_per_floor":[75,75,75,75,75,75,75,75,75,75,75,75,75,75,75,75,75,75,75,75,75,75,75,75,75,75,75,75,75,75],"relics":["Cracked Core","Lantern","Ice Cream","SsserpentHead","Philosopher\u0027s Stone","Vajra","Shuriken"],"card_choices":[{"not_picked":["Undo","Steam Power"],"picked":"White Noise","floor":1},{"not_picked":["Static Discharge","Recycle"],"picked":"Gash","floor":4},{"not_picked":["Sunder","Turbo","Reinforced Body"],"picked":"SKIP","floor":5},{"not_picked":["Doom and Gloom","Steam Power","Barrage"],"picked":"SKIP","floor":10},{"not_picked":["Steam","Redo","Compile Driver"],"picked":"SKIP","floor":12},{"not_picked":["Reboot","Seek"],"picked":"All For One","floor":16},{"not_picked":["Leap","Melter","Conserve Battery+1"],"picked":"SKIP","floor":18},{"not_picked":["Capacitor","Beam Cell+1"],"picked":"Sweeping Beam","floor":19},{"not_picked":["Melter","Streamline+1"],"picked":"Gash","floor":22},{"not_picked":["Beam Cell","Chaos"],"picked":"Redo+1","floor":25},{"not_picked":["Sweeping Beam","Turbo","Go for the Eyes"],"picked":"SKIP","floor":27},{"not_picked":["Streamline","Coolheaded"],"picked":"White Noise","floor":28}],"player_experience":567641,"potions_floor_usage":[10,16,25,30],"damage_taken":[{"damage":2,"enemies":"2 Louse","floor":1,"turns":2},{"damage":1,"enemies":"Cultist","floor":4,"turns":3},{"damage":1,"enemies":"Jaw Worm","floor":5,"turns":3},{"damage":26,"enemies":"Gremlin Nob","floor":10,"turns":5},{"damage":8,"enemies":"Lots of Slimes","floor":12,"turns":3},{"damage":30,"enemies":"The Guardian","floor":16,"turns":13},{"damage":8,"enemies":"Shell Parasite","floor":18,"turns":4},{"damage":5,"enemies":"3 Byrds","floor":19,"turns":4},{"damage":2,"enemies":"Snecko","floor":22,"turns":4},{"damage":7,"enemies":"Centurion and Healer","floor":25,"turns":6},{"damage":27,"enemies":"Snake Plant","floor":27,"turns":2},{"damage":14,"enemies":"3 Cultists","floor":28,"turns":4},{"damage":13,"enemies":"Centurion and Healer","floor":30,"turns":3}],"relics_obtained":[{"floor":9,"key":"Lantern"},{"floor":10,"key":"Ice Cream"},{"floor":26,"key":"Shuriken"}],"event_choices":[{"event_name":"The Woman in Blue","player_choice":"Bought 0 Potions","floor":2,"damage_taken":0},{"event_name":"Match and Keep!","player_choice":"1 cards matched","floor":3,"damage_taken":0},{"event_name":"FaceTrader","player_choice":"Took Mask Of The Ssserpant","floor":13,"damage_taken":0},{"event_name":"World of Goop","player_choice":"Left","floor":14,"damage_taken":0},{"event_name":"Match and Keep!","player_choice":"1 cards matched","floor":20,"damage_taken":0},{"event_name":"Golden Shrine","player_choice":"Pray","floor":24,"damage_taken":0}],"boss_relics":[{"not_picked":["Runic Dome","Orrery"],"picked":"Philosopher\u0027s Stone"}],"items_purged_floors":[7],"is_endless":false,"potions_floor_spawned":[1,4,16,22,27],"seed_played":"-6950022398841633480","killed_by":"Centurion and Healer","ascension_level":1,"potions_obtained":[{"floor":1,"key":"Block Potion"},{"floor":4,"key":"Ancient Potion"},{"floor":16,"key":"Dexterity Potion"},{"floor":22,"key":"AttackPotion"},{"floor":27,"key":"LiquidBronze"}],"is_trial":false}