{"gold_per_floor":[112,124,49,66,81,112,112,142,142,167,187,187,187,216,216,311,311,325,335,345,363,47,75,75,110,110,124,155,155,155,165,165,260,260,271,320,320,6,26,61,61,61,61,79,91,116,116,130,130,130],"floor_reached":51,"playtime":3715,"items_purged":["Writhe","Pain"],"score":886,"play_id":"6f9a8617-1970-4d50-a49f-1f949d8d6aa6","local_time":"20190630121945","is_ascension_mode":true,"campfire_choices":[{"data":"Perfected Strike","floor":7,"key":"SMITH"},{"floor":12,"key":"REST"},{"floor":15,"key":"REST"},{"floor":24,"key":"REST"},{"floor":29,"key":"REST"},{"floor":32,"key":"REST"},{"floor":42,"key":"REST"},{"floor":49,"key":"REST"}],"neow_cost":"CURSE","seed_source_timestamp":1521946678711983,"circlet_count":0,"master_deck":["Strike_R","Strike_R","Strike_R","Strike_R","Defend_R","Defend_R","Defend_R","Defend_R","Bash","Perfected Strike+1","Pommel Strike","Thunderclap","Twin Strike","Clothesline","Immolate","Wild Strike","Ghostly Armor","Wild Strike","Feed","Thunderclap","Clash","Spot Weakness+1","Shockwave+1","Flex+1","Metamorphosis+1","Intimidate+1","Wild Strike","Cleave","Cleave+1","Infernal Blade+1","Double Tap+1","Flex+1","Shrug It Off+1","Iron Wave","Flex+1"],"relics":["Burning Blood","Bag of Marbles","Sundial","Blue Candle","Happy Flower","WarpedTongs","Toxic Egg 2","Fusion Hammer","Omamori","Bronze Scales","Darkstone Periapt","Gremlin Horn","Runic Pyramid","Magic Flower","Singing Bowl","Blood Vial","Frozen Egg 2","Ancient Tea Set"],"potions_floor_usage":[6,14,16,23,28,33,35,39,40,40,46,50,50,50],"damage_taken":[{"damage":9,"enemies":"Small Slimes","floor":1,"turns":5},{"damage":0,"enemies":"Cultist","floor":2,"turns":2},{"damage":6,"enemies":"Jaw Worm","floor":4,"turns":2},{"damage":1,"enemies":"Exordium Wildlife","floor":5,"turns":2},{"damage":25,"enemies":"Gremlin Nob","floor":6,"turns":4},{"damage":26,"enemies":"Lagavulin","floor":8,"turns":5},{"damage":18,"enemies":"3 Sentries","floor":10,"turns":4},{"damage":0,"enemies":"2 Fungi Beasts","floor":11,"turns":1},{"damage":15,"enemies":"Gremlin Nob","floor":14,"turns":3},{"damage":36,"enemies":"The Guardian","floor":16,"turns":7},{"damage":1,"enemies":"Spheric Guardian","floor":18,"turns":1},{"damage":6,"enemies":"Chosen","floor":19,"turns":2},{"damage":0,"enemies":"Centurion and Healer","floor":20,"turns":2},{"damage":30,"enemies":"Shelled Parasite and Fungi","floor":21,"turns":3},{"damage":29,"enemies":"Slavers","floor":23,"turns":2},{"damage":31,"enemies":"Gremlin Leader","floor":25,"turns":4},{"damage":0,"enemies":"Snecko","floor":27,"turns":2},{"damage":15,"enemies":"Book of Stabbing","floor":28,"turns":3},{"damage":5,"enemies":"Chosen and Byrds","floor":31,"turns":3},{"damage":59,"enemies":"Automaton","floor":33,"turns":7},{"damage":16,"enemies":"3 Darklings","floor":35,"turns":3},{"damage":52,"enemies":"2 Orb Walkers","floor":36,"turns":4},{"damage":6,"enemies":"3 Shapes","floor":39,"turns":1},{"damage":46,"enemies":"Nemesis","floor":40,"turns":5},{"damage":14,"enemies":"3 Darklings","floor":44,"turns":3},{"damage":0,"enemies":"Sphere and 2 Shapes","floor":45,"turns":2},{"damage":18,"enemies":"Giant Head","floor":46,"turns":6},{"damage":23,"enemies":"Maw","floor":48,"turns":6},{"damage":79,"enemies":"Awakened One","floor":50,"turns":8}],"seed_played":"1347767057287732051","potions_obtained":[{"floor":1,"key":"GamblersBrew"},{"floor":2,"key":"BloodPotion"},{"floor":6,"key":"AttackPotion"},{"floor":11,"key":"Energy Potion"},{"floor":18,"key":"Poison Potion"},{"floor":21,"key":"Regen Potion"},{"floor":25,"key":"SkillPotion"},{"floor":28,"key":"Energy Potion"},{"floor":36,"key":"AttackPotion"},{"floor":39,"key":"Strength Potion"},{"floor":41,"key":"SkillPotion"},{"floor":41,"key":"Dexterity Potion"},{"floor":41,"key":"Weak Potion"},{"floor":46,"key":"Poison Potion"}],"is_trial":false,"path_per_floor":["M","M","$","M","M","E","R","E","T","E","M","R","?","E","R","B",null,"M","M","M","M","$","E","R","E","T","M","E","R","$","M","R","B",null,"M","?","?","$","M","E","?","R","T","M","M","E","$","M","R","B",null],"character_chosen":"IRONCLAD","items_purchased":["Flex+1","Metamorphosis+1","Singing Bowl","Iron Wave","Flex+1"],"campfire_rested":7,"item_purchase_floors":[22,22,38,38,38],"current_hp_per_floor":[93,96,96,96,96,77,77,57,57,45,51,79,79,70,96,66,96,99,99,99,78,78,60,90,65,65,71,62,92,92,96,105,52,105,95,53,53,53,58,46,46,81,81,81,100,96,96,93,132,65],"gold":130,"neow_bonus":"TWENTY_PERCENT_HP_BONUS","is_prod":false,"is_daily":false,"chose_seed":false,"campfire_upgraded":1,"win_rate":0,"timestamp":1561911585,"path_taken":["M","M","$","M","M","E","R","E","T","E","M","R","?","E","R","BOSS","M","M","M","M","?","E","R","E","T","M","E","R","$","M","R","BOSS","M","?","?","$","M","E","?","R","T","?","M","E","$","M","R","BOSS"],"build_version":"2019-01-23","purchased_purges":2,"victory":true,"max_hp_per_floor":[96,96,96,96,96,96,96,96,96,96,96,96,96,96,96,96,96,99,99,99,102,102,102,102,102,102,102,102,102,102,105,105,105,105,105,109,109,109,111,117,117,117,117,119,124,126,126,132,132,135],"card_choices":[{"not_picked":["Clothesline","Dual Wield"],"picked":"Perfected Strike","floor":1},{"not_picked":["Hemokinesis","Wild Strike"],"picked":"Pommel Strike","floor":2},{"not_picked":["Spot Weakness","Body Slam"],"picked":"Thunderclap","floor":4},{"not_picked":["Power Through","Flex"],"picked":"Twin Strike","floor":5},{"not_picked":["Brutality","Combust"],"picked":"Clothesline","floor":6},{"not_picked":["Dropkick","Twin Strike"],"picked":"Immolate","floor":8},{"not_picked":["Hemokinesis","Flex"],"picked":"Wild Strike","floor":10},{"not_picked":["Thunderclap","Warcry"],"picked":"Ghostly Armor","floor":11},{"not_picked":["Hemokinesis","Iron Wave"],"picked":"Wild Strike","floor":14},{"not_picked":["Berserk","Fiend Fire"],"picked":"Feed","floor":16},{"not_picked":["Twin Strike","Body Slam"],"picked":"Thunderclap","floor":18},{"not_picked":["Anger","Limit Break+1"],"picked":"Clash","floor":19},{"not_picked":["Clash","Sword Boomerang+1"],"picked":"Spot Weakness+1","floor":20},{"not_picked":["Heavy Blade","True Grit+1"],"picked":"Shockwave+1","floor":21},{"not_picked":["Burning Pact+1","Reaper"],"picked":"Intimidate+1","floor":23},{"not_picked":["Iron Wave","Warcry+1"],"picked":"Wild Strike","floor":25},{"not_picked":["Sever Soul+1","Sword Boomerang"],"picked":"Cleave","floor":27},{"not_picked":["Searing Blow","Sword Boomerang"],"picked":"Cleave+1","floor":28},{"not_picked":["Feel No Pain","Corruption+1"],"picked":"Infernal Blade+1","floor":31},{"not_picked":["Limit Break+1","Juggernaut"],"picked":"Double Tap+1","floor":33},{"not_picked":["Clash","Spot Weakness+1"],"picked":"Flex+1","floor":35},{"not_picked":["Iron Wave","Reckless Charge"],"picked":"Shrug It Off+1","floor":36},{"not_picked":["Body Slam","Intimidate+1","Carnage+1"],"picked":"Singing Bowl","floor":39},{"not_picked":["Warcry+1","Dropkick","Heavy Blade+1"],"picked":"Singing Bowl","floor":40},{"not_picked":["Evolve+1","Twin Strike","Berserk+1"],"picked":"Singing Bowl","floor":44},{"not_picked":["Shrug It Off+1","Whirlwind+1","Combust+1"],"picked":"Singing Bowl","floor":45},{"not_picked":["Pummel","Sever Soul","Cleave"],"picked":"Singing Bowl","floor":46},{"not_picked":["Pommel Strike","Twin Strike+1","Anger"],"picked":"Singing Bowl","floor":48}],"player_experience":45337,"relics_obtained":[{"floor":6,"key":"Bag of Marbles"},{"floor":8,"key":"Sundial"},{"floor":9,"key":"Blue Candle"},{"floor":10,"key":"Happy Flower"},{"floor":14,"key":"Toxic Egg 2"},{"floor":23,"key":"Omamori"},{"floor":25,"key":"Bronze Scales"},{"floor":26,"key":"Darkstone Periapt"},{"floor":28,"key":"Gremlin Horn"},{"floor":36,"key":"Magic Flower"},{"floor":40,"key":"Blood Vial"},{"floor":43,"key":"Frozen Egg 2"},{"floor":46,"key":"Ancient Tea Set"}],"event_choices":[{"damage_healed":0,"gold_gain":0,"player_choice":"Rummage","damage_taken":0,"relics_obtained":["WarpedTongs"],"max_hp_gain":0,"max_hp_loss":0,"event_name":"Accursed Blacksmith","floor":13,"gold_loss":0,"cards_obtained":["Pain"]},{"damage_healed":0,"gold_gain":0,"player_choice":"Fight","damage_taken":0,"max_hp_gain":0,"max_hp_loss":0,"event_name":"Mysterious Sphere","floor":36,"gold_loss":0},{"cards_removed":["Strike_R"],"damage_healed":0,"gold_gain":0,"player_choice":"Removed Attack","damage_taken":0,"max_hp_gain":0,"max_hp_loss":0,"event_name":"Falling","floor":37,"gold_loss":0},{"damage_healed":0,"gold_gain":0,"player_choice":"Got Potions","damage_taken":0,"max_hp_gain":0,"max_hp_loss":0,"event_name":"Lab","floor":41,"gold_loss":0}],"is_beta":false,"boss_relics":[{"not_picked":["Sozu","Coffee Dripper"],"picked":"Fusion Hammer"},{"not_picked":["Empty Cage","Mark of Pain"],"picked":"Runic Pyramid"}],"items_purged_floors":[3,22],"is_endless":false,"potions_floor_spawned":[1,2,6,11,18,21,25,27,28,36,39,46],"ascension_level":1}