{"gold_per_floor":[144,189,189,234,279,279,369,414,414,459,459,504,549,594,594,894,894,939,984,437,482,527,527,572,617,617,662,707,752,797,887,887,1187,1187,1232,681,726,771,816,861,936,936,961,1051,1096,1141,1141,1186,1186,1186],"floor_reached":51,"playtime":2696,"items_purged":[],"score":894,"play_id":"ca3e9ec7-e495-47f6-9fa8-5f0d20d8719e","local_time":"20181104144640","daily_mods":["Specialized","Vintage","Midas"],"is_ascension_mode":false,"campfire_choices":[{"floor":6,"key":"REST"},{"floor":11,"key":"REST"},{"floor":15,"key":"REST"},{"floor":23,"key":"REST"},{"floor":32,"key":"REST"},{"floor":42,"key":"REST"},{"floor":47,"key":"REST"},{"floor":49,"key":"REST"}],"neow_cost":"","seed_source_timestamp":303144455069728,"circlet_count":0,"master_deck":["Defend_G+1","Defend_G","Defend_G","Defend_G","Defend_G","Strike_G","Strike_G","Strike_G","Strike_G","Strike_G","Survivor","Neutralize+1","Cloak And Dagger+1","Cloak And Dagger","Cloak And Dagger","Cloak And Dagger","Die Die Die","A Thousand Cuts","Finesse","A Thousand Cuts","Slice+1"],"special_seed":17839,"relics":["Ring of the Snake","Vajra","Pocketwatch","Happy Flower","Question Card","Paper Crane","Prayer Wheel","Bottled Lightning","Tingsha","Regal Pillow","Darkstone Periapt","Sundial","Lizard Tail","Smiling Mask","Bag of Preparation","Ornamental Fan","Toolbox","Thread and Needle","Oddly Smooth Stone","Orichalcum","Bronze Scales","Dodecahedron","Blue Candle","Shuriken","Kunai","The Specimen","War Paint","Busted Crown","Matryoshka","Centennial Puzzle","Sling","Bag of Marbles","Whetstone","Bottled Tornado","Meat on the Bone","Snake Skull","Ninja Scroll","Pen Nib","Strawberry","Omamori","Letter Opener","Pantograph"],"potions_floor_usage":[8,16,16,16,27,31,38,50],"damage_taken":[{"damage":7,"enemies":"Jaw Worm","floor":1,"turns":5},{"damage":6,"enemies":"Cultist","floor":2,"turns":3},{"damage":1,"enemies":"Small Slimes","floor":4,"turns":4},{"damage":10,"enemies":"Exordium Thugs","floor":5,"turns":6},{"damage":42,"enemies":"Gremlin Nob","floor":7,"turns":5},{"damage":0,"enemies":"Blue Slaver","floor":8,"turns":3},{"damage":0,"enemies":"2 Fungi Beasts","floor":10,"turns":1},{"damage":1,"enemies":"Exordium Wildlife","floor":12,"turns":3},{"damage":1,"enemies":"Large Slime","floor":13,"turns":6},{"damage":0,"enemies":"3 Louse","floor":14,"turns":1},{"damage":68,"enemies":"Slime Boss","floor":16,"turns":21},{"damage":2,"enemies":"3 Byrds","floor":18,"turns":4},{"damage":13,"enemies":"2 Thieves","floor":19,"turns":4},{"damage":12,"enemies":"Snecko","floor":21,"turns":8},{"damage":0,"enemies":"Centurion and Healer","floor":22,"turns":9},{"damage":16,"enemies":"Snake Plant","floor":24,"turns":7},{"damage":0,"enemies":"3 Cultists","floor":25,"turns":5},{"damage":0,"enemies":"Snecko","floor":27,"turns":6},{"damage":0,"enemies":"Chosen and Byrds","floor":28,"turns":6},{"damage":0,"enemies":"Centurion and Healer","floor":29,"turns":6},{"damage":7,"enemies":"Shelled Parasite and Fungi","floor":30,"turns":6},{"damage":22,"enemies":"Slavers","floor":31,"turns":5},{"damage":0,"enemies":"Champ","floor":33,"turns":14},{"damage":0,"enemies":"Orb Walker","floor":35,"turns":4},{"damage":0,"enemies":"3 Shapes","floor":37,"turns":2},{"damage":6,"enemies":"Sphere and 2 Shapes","floor":38,"turns":4},{"damage":0,"enemies":"Writhing Mass","floor":39,"turns":7},{"damage":0,"enemies":"4 Shapes","floor":40,"turns":4},{"damage":5,"enemies":"Reptomancer","floor":44,"turns":4},{"damage":0,"enemies":"Sphere and 2 Shapes","floor":45,"turns":2},{"damage":1,"enemies":"Spire Growth","floor":46,"turns":4},{"damage":0,"enemies":"Jaw Worm Horde","floor":48,"turns":1},{"damage":5,"enemies":"Awakened One","floor":50,"turns":12}],"seed_played":"-2369398875627800595","potions_obtained":[{"floor":1,"key":"Regen Potion"},{"floor":8,"key":"GamblersBrew"},{"floor":10,"key":"GhostInAJar"},{"floor":12,"key":"Block Potion"},{"floor":16,"key":"Dexterity Potion"},{"floor":21,"key":"SpeedPotion"},{"floor":25,"key":"Regen Potion"},{"floor":27,"key":"Strength Potion"},{"floor":33,"key":"GhostInAJar"},{"floor":40,"key":"LiquidBronze"}],"is_trial":false,"path_per_floor":["M","M","?","M","M","R","E","M","T","M","R","M","M","M","R","B",null,"M","M","$","M","M","R","M","M","T","M","M","M","M","E","R","B",null,"M","$","M","M","M","M","?","R","T","E","M","M","R","M","R","B",null],"character_chosen":"THE_SILENT","items_purchased":["Ornamental Fan","Finesse","Toolbox","Slice","Centennial Puzzle","Sling","Bag of Marbles"],"campfire_rested":8,"item_purchase_floors":[20,20,20,36,36,36,36],"current_hp_per_floor":[63,57,62,61,51,70,28,37,37,37,58,57,56,56,70,2,70,68,55,55,43,43,70,54,54,54,69,69,69,62,40,70,70,70,70,70,70,64,64,64,57,70,70,72,72,71,77,77,77,72],"gold":1186,"neow_bonus":"","is_prod":false,"is_daily":true,"chose_seed":false,"campfire_upgraded":0,"win_rate":0,"timestamp":1541339200,"path_taken":["M","M","?","M","M","R","E","M","T","M","R","?","M","M","R","BOSS","M","?","$","M","M","R","M","M","T","M","M","M","M","E","R","BOSS","M","$","M","M","M","M","?","R","T","E","M","M","R","M","R","BOSS"],"build_version":"2018-11-01","purchased_purges":0,"victory":true,"max_hp_per_floor":[70,70,70,70,70,70,70,70,70,70,70,70,70,70,70,70,70,70,70,70,70,70,70,70,70,70,70,70,70,70,70,70,70,70,70,70,70,70,70,70,70,70,70,77,77,77,77,77,77,77],"card_choices":[{"not_picked":["Doppelganger","Poisoned Stab","Dagger Spray"],"picked":"Die Die Die","floor":7},{"not_picked":["Phantasmal Killer","After Image","Burst"],"picked":"A Thousand Cuts","floor":16},{"not_picked":["Outmaneuver+1","Choke+1","Underhanded Strike+1","Leg Sweep"],"picked":"SKIP","floor":31},{"not_picked":["Envenom","Night Terror","Bullet Time"],"picked":"A Thousand Cuts","floor":33},{"not_picked":["Deflect","Masterful Stab+1"],"picked":"SKIP","floor":44}],"player_experience":160518,"relics_obtained":[{"floor":1,"key":"Vajra"},{"floor":2,"key":"Pocketwatch"},{"floor":4,"key":"Happy Flower"},{"floor":5,"key":"Question Card"},{"floor":7,"key":"Paper Crane"},{"floor":8,"key":"Prayer Wheel"},{"floor":9,"key":"Bottled Lightning"},{"floor":10,"key":"Tingsha"},{"floor":12,"key":"Regal Pillow"},{"floor":13,"key":"Darkstone Periapt"},{"floor":14,"key":"Sundial"},{"floor":18,"key":"Smiling Mask"},{"floor":19,"key":"Bag of Preparation"},{"floor":21,"key":"Thread and Needle"},{"floor":22,"key":"Oddly Smooth Stone"},{"floor":24,"key":"Orichalcum"},{"floor":25,"key":"Bronze Scales"},{"floor":26,"key":"Dodecahedron"},{"floor":27,"key":"Blue Candle"},{"floor":28,"key":"Shuriken"},{"floor":29,"key":"Kunai"},{"floor":30,"key":"The Specimen"},{"floor":31,"key":"War Paint"},{"floor":35,"key":"Matryoshka"},{"floor":37,"key":"Whetstone"},{"floor":38,"key":"Bottled Tornado"},{"floor":39,"key":"Meat on the Bone"},{"floor":40,"key":"Snake Skull"},{"floor":43,"key":"Ninja Scroll"},{"floor":43,"key":"Pen Nib"},{"floor":44,"key":"Strawberry"},{"floor":45,"key":"Omamori"},{"floor":46,"key":"Letter Opener"},{"floor":48,"key":"Pantograph"}],"event_choices":[{"cards_removed":["Cloak And Dagger"],"damage_healed":5,"gold_gain":0,"player_choice":"Offered Common","damage_taken":0,"max_hp_gain":0,"max_hp_loss":0,"event_name":"Bonfire Elementals","floor":3,"gold_loss":0},{"cards_removed":["Cloak And Dagger"],"damage_healed":5,"gold_gain":0,"player_choice":"Offered Special","damage_taken":0,"max_hp_gain":0,"max_hp_loss":0,"event_name":"Bonfire Elementals","floor":3,"gold_loss":0},{"damage_healed":0,"gold_gain":75,"player_choice":"Touch","damage_taken":7,"max_hp_gain":0,"max_hp_loss":0,"event_name":"FaceTrader","floor":41,"gold_loss":0}],"is_beta":false,"boss_relics":[{"not_picked":["Velvet Choker","Tiny House"],"picked":"Lizard Tail"},{"not_picked":["White Beast Statue","Philosopher\u0027s Stone"],"picked":"Busted Crown"}],"items_purged_floors":[],"is_endless":false,"potions_floor_spawned":[1,8,10,12,16,21,25,27,28,33,35,40,44,45],"ascension_level":0}