{"gold_per_floor":[110,185,460,471,481,481,75,75,75,75,75,109,129,79,79,179,179,191,205,130,130,143,168,168,202,202,152,152,9,42,57,57,154,454,465,119,136,136,86,86,111,136,148,178,290,328,355,422,434,446,458,470,24,59,59],"floor_reached":55,"playtime":4052,"items_purged":["Regret","Strike_R","Regret","Parasite"],"score":756,"play_id":"fc4ab728-23ac-4602-be1b-f0e09c777f4d","local_time":"20190709155437","is_ascension_mode":false,"campfire_choices":[{"data":"Infernal Blade","floor":6,"key":"SMITH"},{"data":"Spot Weakness","floor":8,"key":"SMITH"},{"data":"Rampage","floor":10,"key":"SMITH"},{"floor":15,"key":"REST"},{"data":"Reaper","floor":24,"key":"SMITH"},{"floor":28,"key":"RECALL"},{"floor":32,"key":"REST"},{"data":"Exhume","floor":40,"key":"SMITH"},{"floor":49,"key":"REST"},{"data":"Double Tap","floor":52,"key":"SMITH"}],"neow_cost":"NONE","seed_source_timestamp":2312124877323454,"circlet_count":0,"master_deck":["Strike_R","Strike_R","Strike_R","Defend_R","Defend_R","Defend_R","Defend_R","Bash","Rampage+1","Infernal Blade+1","Spot Weakness+1","Ghostly Armor","Anger","Reaper+1","Clothesline+1","Carnage","Rupture+1","Clothesline+1","Anger","Dropkick+1","Thunderclap+1","Exhume+1","Pommel Strike+1","Double Tap+1","Madness","Madness","Flex+1","Spot Weakness","Writhe","Spot Weakness+1","Armaments+1","Chrysalis+1","Impervious+1"],"relics":["Burning Blood","Smiling Mask","Toolbox","Omamori","Dodecahedron","Happy Flower","Cursed Key","Mango","Ginger","Kunai","Ancient Tea Set","Bronze Scales","Calling Bell","Potion Belt","Mercury Hourglass","Old Coin","StoneCalendar","MawBank","Magic Flower","FossilizedHelix","Toxic Egg 2","Pocketwatch","Brimstone","Gremlin Horn"],"potions_floor_usage":[16,16,25,35,37,45,45,47,48,48,48,48,50,50,55],"damage_taken":[{"damage":3,"enemies":"Small Slimes","floor":1,"turns":3},{"damage":3,"enemies":"Cultist","floor":4,"turns":3},{"damage":11,"enemies":"2 Louse","floor":5,"turns":3},{"damage":47,"enemies":"Lagavulin","floor":12,"turns":9},{"damage":7,"enemies":"Looter","floor":13,"turns":2},{"damage":36,"enemies":"Hexaghost","floor":16,"turns":5},{"damage":0,"enemies":"Spheric Guardian","floor":18,"turns":3},{"damage":10,"enemies":"3 Byrds","floor":19,"turns":3},{"damage":22,"enemies":"Centurion and Healer","floor":22,"turns":4},{"damage":30,"enemies":"Slavers","floor":23,"turns":5},{"damage":32,"enemies":"Gremlin Leader","floor":25,"turns":5},{"damage":30,"enemies":"Book of Stabbing","floor":30,"turns":5},{"damage":7,"enemies":"Chosen and Byrds","floor":31,"turns":4},{"damage":47,"enemies":"Automaton","floor":33,"turns":8},{"damage":11,"enemies":"Orb Walker","floor":35,"turns":4},{"damage":34,"enemies":"3 Darklings","floor":37,"turns":6},{"damage":66,"enemies":"Reptomancer","floor":41,"turns":6},{"damage":17,"enemies":"Maw","floor":42,"turns":5},{"damage":21,"enemies":"Jaw Worm Horde","floor":44,"turns":4},{"damage":0,"enemies":"Mind Bloom Boss Battle","floor":45,"turns":5},{"damage":55,"enemies":"Giant Head","floor":46,"turns":8},{"damage":34,"enemies":"4 Shapes","floor":47,"turns":7},{"damage":69,"enemies":"2 Orb Walkers","floor":48,"turns":4},{"damage":74,"enemies":"Time Eater","floor":50,"turns":9},{"damage":8,"enemies":"Shield and Spear","floor":54,"turns":5},{"damage":93,"enemies":"The Heart","floor":55,"turns":3}],"seed_played":"3848273485091340404","potions_obtained":[{"floor":4,"key":"SteroidPotion"},{"floor":13,"key":"Swift Potion"},{"floor":18,"key":"Strength Potion"},{"floor":23,"key":"AttackPotion"},{"floor":31,"key":"Block Potion"},{"floor":33,"key":"SteroidPotion"},{"floor":41,"key":"SpeedPotion"},{"floor":42,"key":"EntropicBrew"},{"floor":45,"key":"BloodPotion"},{"floor":46,"key":"AttackPotion"},{"floor":48,"key":"SpeedPotion"}],"is_trial":false,"path_per_floor":["M","?","?","M","M","R","$","R","T","R","T","E","M","$","R","B",null,"M","M","?","?","M","E","R","E","T","?","R","$","E","M","R","B",null,"M","$","M","?","$","R","E","M","T","M","?","E","M","?","R","B",null,"R","$","E","B"],"character_chosen":"IRONCLAD","items_purchased":["Toolbox","Omamori","Ancient Tea Set","StoneCalendar","Brimstone","Chrysalis+1","Impervious+1"],"campfire_rested":3,"item_purchase_floors":[7,7,29,36,53,53,53],"current_hp_per_floor":[80,69,69,72,67,67,67,67,67,67,67,26,25,25,49,19,80,80,79,79,79,64,72,72,68,68,68,68,68,44,56,84,43,94,90,90,94,82,82,82,40,67,67,77,86,63,74,67,91,26,91,91,91,91,0],"gold":59,"neow_bonus":"RANDOM_COMMON_RELIC","is_prod":false,"is_daily":false,"chose_seed":false,"campfire_upgraded":6,"win_rate":0,"timestamp":1562702077,"path_taken":["M","?","?","M","?","R","$","R","T","R","?","E","M","?","R","BOSS","M","M","?","?","M","E","R","E","T","?","R","$","E","M","R","BOSS","M","$","?","?","$","R","E","M","T","M","?","E","?","?","R","BOSS","R","$","E","BOSS"],"build_version":"2019-07-05","purchased_purges":4,"victory":false,"max_hp_per_floor":[80,80,80,80,80,80,80,80,80,80,80,80,80,80,80,80,80,80,80,80,80,80,94,94,94,94,94,94,94,94,94,94,94,94,94,94,94,94,91,91,91,91,91,91,91,91,91,91,91,91,91,91,91,91,91],"card_choices":[{"not_picked":["Cleave","Havoc"],"picked":"Rampage","floor":1},{"not_picked":["Wild Strike","Corruption"],"picked":"Infernal Blade","floor":4},{"not_picked":["Sword Boomerang","Clothesline"],"picked":"Spot Weakness","floor":5},{"not_picked":["Anger","Feel No Pain"],"picked":"Ghostly Armor","floor":12},{"not_picked":["Fire Breathing","Clothesline"],"picked":"Anger","floor":13},{"not_picked":["Fiend Fire","Brutality"],"picked":"Reaper","floor":16},{"not_picked":["Fire Breathing+1","Entrench+1"],"picked":"Clothesline+1","floor":18},{"not_picked":["Clash","Shrug It Off"],"picked":"Carnage","floor":19},{"not_picked":["Rage","Corruption"],"picked":"Rupture+1","floor":22},{"not_picked":["Flame Barrier+1","Entrench+1"],"picked":"Clothesline+1","floor":23},{"not_picked":["Fire Breathing","Twin Strike"],"picked":"Anger","floor":25},{"not_picked":["Sword Boomerang","Clothesline"],"picked":"Dropkick+1","floor":30},{"not_picked":["Havoc","Perfected Strike"],"picked":"Thunderclap+1","floor":31},{"not_picked":["Reaper","Offering"],"picked":"Exhume","floor":33},{"not_picked":["Carnage+1","Havoc+1"],"picked":"Pommel Strike+1","floor":35},{"not_picked":["True Grit+1","Anger"],"picked":"Double Tap","floor":37},{"not_picked":["Dual Wield","Power Through"],"picked":"Flex+1","floor":41},{"not_picked":["Combust","Clash"],"picked":"Spot Weakness","floor":42},{"not_picked":["Heavy Blade","Clothesline","Burning Pact+1"],"picked":"SKIP","floor":44},{"not_picked":["Headbutt+1","Iron Wave+1"],"picked":"Spot Weakness+1","floor":46},{"not_picked":["Metallicize+1","True Grit+1","Ghostly Armor+1"],"picked":"SKIP","floor":47},{"not_picked":["Clothesline","Reckless Charge"],"picked":"Armaments+1","floor":48},{"not_picked":["Evolve","Corruption","Dropkick+1"],"picked":"SKIP","floor":54}],"player_experience":131846,"relics_obtained":[{"floor":11,"key":"Dodecahedron"},{"floor":12,"key":"Happy Flower"},{"floor":23,"key":"Mango"},{"floor":25,"key":"Ginger"},{"floor":26,"key":"Kunai"},{"floor":30,"key":"Bronze Scales"},{"floor":34,"key":"Potion Belt"},{"floor":34,"key":"Mercury Hourglass"},{"floor":34,"key":"Old Coin"},{"floor":41,"key":"MawBank"},{"floor":43,"key":"Magic Flower"},{"floor":45,"key":"FossilizedHelix"},{"floor":46,"key":"Toxic Egg 2"},{"floor":48,"key":"Pocketwatch"},{"floor":54,"key":"Gremlin Horn"}],"event_choices":[{"damage_healed":0,"gold_gain":75,"player_choice":"Gather Gold","damage_taken":11,"max_hp_gain":0,"max_hp_loss":0,"event_name":"World of Goop","floor":2,"gold_loss":0},{"damage_healed":0,"gold_gain":275,"player_choice":"Desecrate","damage_taken":0,"max_hp_gain":0,"max_hp_loss":0,"event_name":"Golden Shrine","floor":3,"gold_loss":0,"cards_obtained":["Regret"]},{"cards_removed":["Strike_R"],"damage_healed":0,"gold_gain":0,"player_choice":"Gave Gold","damage_taken":0,"max_hp_gain":0,"max_hp_loss":0,"event_name":"Beggar","floor":20,"gold_loss":75},{"damage_healed":0,"gold_gain":0,"player_choice":"Ignored","damage_taken":0,"max_hp_gain":0,"max_hp_loss":0,"event_name":"Vampires","floor":21,"gold_loss":0},{"damage_healed":0,"gold_gain":0,"player_choice":"Bet on Owner","damage_taken":0,"max_hp_gain":0,"max_hp_loss":0,"event_name":"The Joust","floor":27,"gold_loss":50},{"damage_healed":0,"gold_gain":0,"player_choice":"Embrace Madness","damage_taken":12,"max_hp_gain":0,"max_hp_loss":0,"event_name":"Winding Halls","floor":38,"gold_loss":0,"cards_obtained":["Madness","Madness"]},{"damage_healed":0,"gold_gain":0,"player_choice":"Fight","damage_taken":0,"max_hp_gain":0,"max_hp_loss":0,"event_name":"MindBloom","floor":45,"gold_loss":0},{"damage_healed":0,"gold_gain":0,"player_choice":"Fight","damage_taken":0,"max_hp_gain":0,"max_hp_loss":0,"event_name":"Mysterious Sphere","floor":48,"gold_loss":0}],"is_beta":false,"boss_relics":[{"not_picked":["White Beast Statue","Philosopher\u0027s Stone"],"picked":"Cursed Key"},{"not_picked":["Black Star","Orrery"],"picked":"Calling Bell"}],"items_purged_floors":[7,14,36,39],"is_endless":false,"potions_floor_spawned":[4,13,18,23,31,33,41,42,45,46,48],"killed_by":"The Heart","ascension_level":0}