{"path_per_floor":["M","$","?","M","$","R","?","E","T","T","R","?","M","M","R","B",null,"M","M"],"character_chosen":"DEFECT","items_purchased":["Seek","Undo"],"gold_per_floor":[119,48,48,64,25,25,25,53,130,130,130,130,144,161,161,260,260,272,287,287],"floor_reached":20,"campfire_rested":0,"playtime":2257,"current_hp_per_floor":[69,69,69,68,68,68,68,47,47,47,47,47,46,35,35,20,72,67,39,0],"items_purged":[],"gold":287,"score":189,"play_id":"80957601-d3d7-482e-a8b5-e7cfee17e601","local_time":"20180428010735","is_prod":false,"is_daily":false,"chose_seed":false,"is_ascension_mode":true,"campfire_upgraded":3,"timestamp":1524902855,"path_taken":["M","$","?","M","$","R","?","E","T","?","R","?","M","M","R","BOSS","M","M","M"],"build_version":"2018-04-26v2","seed_source_timestamp":186599501556897,"purchased_purges":0,"victory":false,"master_deck":["Strike_B","Defend_B","Defend_B","Defend_B","Zap+1","Dualcast","Prime","Recycle","Chaos","Seek+1","Leap","Undo","Auto Shields","Capacitor+1","Thunder Strike","Nova","Turbo+1","Sweeping Beam"],"max_hp_per_floor":[75,75,72,72,72,72,72,72,72,72,72,72,72,72,72,72,72,72,72,72],"relics":["Cracked Core","Bottled Lightning","Darkstone Periapt","Shovel","Nuclear Battery"],"card_choices":[{"not_picked":["Chill","Beam Cell"],"picked":"Chaos","floor":1},{"not_picked":["Hello World","Hologram"],"picked":"Leap","floor":4},{"not_picked":["Turbo","Capacitor"],"picked":"Auto Shields","floor":8},{"not_picked":["Ball Lightning","Stack"],"picked":"Capacitor","floor":13},{"not_picked":["Go for the Eyes","Coolheaded"],"picked":"Thunder Strike","floor":14},{"not_picked":["Amplify","All For One"],"picked":"Nova","floor":16},{"not_picked":["Heatsinks","Glacier"],"picked":"Turbo","floor":18},{"not_picked":["Cold Snap","Turbo"],"picked":"Sweeping Beam","floor":19}],"player_experience":442570,"potions_floor_usage":[16,16],"damage_taken":[{"damage":6,"enemies":"2 Louse","floor":1,"turns":4},{"damage":1,"enemies":"Cultist","floor":4,"turns":3},{"damage":27,"enemies":"3 Sentries","floor":8,"turns":11},{"damage":1,"enemies":"Jaw Worm","floor":13,"turns":4},{"damage":11,"enemies":"Large Slime","floor":14,"turns":8},{"damage":25,"enemies":"Slime Boss","floor":16,"turns":10},{"damage":19,"enemies":"Spheric Guardian","floor":18,"turns":5},{"damage":42,"enemies":"Shell Parasite","floor":19,"turns":8},{"damage":65,"enemies":"3 Cultists","floor":20,"turns":4}],"event_choices":[{"event_name":"Fountain of Cleansing","player_choice":"Removed Curse","floor":3,"damage_taken":0},{"event_name":"Purifier","player_choice":"One Purge","floor":7,"damage_taken":0},{"event_name":"Living Wall","player_choice":"Forget","floor":12,"damage_taken":0}],"boss_relics":[{"not_picked":["Runic Dome","White Beast Statue"],"picked":"Nuclear Battery"}],"potions_floor_spawned":[4,13,19],"seed_played":"9086604779712543879","killed_by":"3 Cultists","ascension_level":2,"is_trial":false}