{"path_per_floor":["M","$","?","M","$","E","R","?","T","R","M","M","M","M","R","B",null,"M","?","?","$","?","E","$","R","T","M","R","?","R","T","R"],"character_chosen":"DEFECT","items_purchased":["Recycle","Madness","Capacitor","Capacitor","DataDisk","Leap","Glacier"],"gold_per_floor":[367,57,57,80,56,99,99,174,228,228,252,271,295,316,316,436,436,457,457,457,165,165,204,9,9,9,22,22,22,22,45,45,45],"floor_reached":33,"campfire_rested":2,"playtime":2788,"current_hp_per_floor":[75,75,57,44,44,19,19,8,8,30,25,25,15,9,31,24,62,43,68,37,37,25,25,25,25,25,27,27,27,27,27,27,0],"items_purged":["Regret","Strike_B","Defend_B"],"gold":45,"score":376,"play_id":"d8d962f2-5789-4d49-8dae-642e6a102fa2","local_time":"20180430113309","is_prod":false,"is_daily":false,"chose_seed":false,"is_ascension_mode":true,"campfire_upgraded":5,"timestamp":1525113189,"path_taken":["BOSS","M","$","?","M","$","E","R","?","T","R","M","M","M","M","R","BOSS","M","?","?","?","?","E","$","R","T","M","R","?","R","?","R","BOSS"],"build_version":"2018-04-27v3","seed_source_timestamp":0,"purchased_purges":4,"victory":false,"master_deck":["Defend_B","Defend_B","Zap+1","Dualcast","Doom and Gloom","Recycle+1","Madness+1","Capacitor","Leap","Capacitor","Force Field","Axe Kick","Skim","White Noise","Seek+1","Ghostly+1","Ghostly","Ghostly","Ghostly","Ghostly","Leap","Bite","Bite","Bite","Bite","Bite","Echo Form","Glacier","Double Energy"],"max_hp_per_floor":[75,75,75,75,75,75,75,75,75,75,75,75,75,75,75,75,75,75,75,37,37,25,25,25,25,25,27,27,27,27,27,27,27],"relics":["Cracked Core","Golden Idol","Juzu Bracelet","Lantern","Runic Dome","DataDisk","Singing Bowl","Centennial Puzzle","Blood Vial"],"card_choices":[{"not_picked":["Rip and Tear","Reprogram"],"picked":"Doom and Gloom","floor":1},{"not_picked":["Doom and Gloom","Recycle"],"picked":"Leap","floor":4},{"not_picked":["Cold Snap","Sweeping Beam"],"picked":"Force Field","floor":6},{"not_picked":["Rebound","Sweeping Beam"],"picked":"Axe Kick","floor":11},{"not_picked":["Stack","Rip and Tear"],"picked":"Skim","floor":12},{"not_picked":["Genetic Algorithm","Rebound"],"picked":"White Noise","floor":14},{"not_picked":["Amplify","Echo Form"],"picked":"Seek","floor":16},{"not_picked":["Static Discharge","Self Repair"],"picked":"Echo Form","floor":23}],"player_experience":493858,"potions_floor_usage":[6,16,18],"damage_taken":[{"damage":0,"enemies":"Cultist","floor":1,"turns":4},{"damage":13,"enemies":"Small Slimes","floor":4,"turns":3},{"damage":40,"enemies":"Lagavulin","floor":6,"turns":10},{"damage":5,"enemies":"2 Louse","floor":11,"turns":2},{"damage":0,"enemies":"Large Slime","floor":12,"turns":4},{"damage":10,"enemies":"2 Fungi Beasts","floor":13,"turns":3},{"damage":6,"enemies":"Blue Slaver","floor":14,"turns":3},{"damage":7,"enemies":"Slime Boss","floor":16,"turns":8},{"damage":19,"enemies":"2 Thieves","floor":18,"turns":4},{"damage":7,"enemies":"Gremlin Leader","floor":23,"turns":11},{"damage":3,"enemies":"Spheric Guardian","floor":27,"turns":6},{"damage":37,"enemies":"Champ","floor":33,"turns":12}],"event_choices":[{"event_name":"Golden Idol","player_choice":"Take Damage","floor":3,"damage_taken":0},{"event_name":"World of Goop","player_choice":"Gather Gold","floor":8,"damage_taken":0},{"event_name":"The Library","player_choice":"Heal","floor":19,"damage_taken":0},{"event_name":"Ghosts","player_choice":"Became a Ghost","floor":20,"damage_taken":0},{"event_name":"Vampires","player_choice":"Became a vampire","floor":22,"damage_taken":0},{"event_name":"Transmorgrifier","player_choice":"Transform","floor":29,"damage_taken":0}],"boss_relics":[{"not_picked":["Inserter","Philosopher\u0027s Stone"],"picked":"Runic Dome"}],"potions_floor_spawned":[4,11,16,27],"seed_played":"2763902443493341143","killed_by":"Champ","ascension_level":5,"is_trial":false}