{"path_per_floor":["M","M","M","M","M","R","M","R","T","E","R","$"],"character_chosen":"THE_SILENT","items_purchased":["Footwork"],"gold_per_floor":[115,131,151,169,187,187,174,174,174,209,209,131,131],"floor_reached":13,"campfire_rested":0,"playtime":478,"item_purchase_floors":[12],"current_hp_per_floor":[65,65,65,65,65,65,57,57,57,45,45,45,0],"items_purged":[],"gold":131,"score":100,"play_id":"b845164b-30fe-4d95-bfb4-324454f5dee8","local_time":"20180601014604","is_prod":false,"is_daily":false,"chose_seed":false,"is_ascension_mode":true,"campfire_upgraded":3,"win_rate":0,"timestamp":1527831964,"campfire_choices":[{"data":"Neutralize","floor":6,"key":"SMITH"},{"data":"Leg Sweep","floor":8,"key":"SMITH"},{"data":"Cloak And Dagger","floor":11,"key":"SMITH"}],"path_taken":["M","M","M","M","M","R","M","R","T","E","R","$","E"],"build_version":"2018-05-31","seed_source_timestamp":105722376511980,"purchased_purges":0,"victory":false,"master_deck":["Defend_G","Defend_G","Defend_G+1","Defend_G","Defend_G+1","Strike_G","Strike_G","Strike_G","Strike_G","Strike_G","Survivor","Neutralize+1","Leg Sweep+1","Dagger Spray","Backflip","Burst","Cloak And Dagger+1","Footwork"],"max_hp_per_floor":[70,70,70,70,70,70,70,70,70,70,70,70,70],"relics":["Ring of the Snake","War Paint","Happy Flower","Letter Opener"],"card_choices":[{"not_picked":["Predator","Escape Plan"],"picked":"Leg Sweep","floor":1},{"not_picked":["Prepared","Backflip","PiercingWail"],"picked":"SKIP","floor":2},{"not_picked":["Backflip","Bouncing Flask"],"picked":"Dagger Spray","floor":3},{"not_picked":["Prepared","Accuracy"],"picked":"Backflip","floor":4},{"not_picked":["Backflip","Endless Agony","Underhanded Strike"],"picked":"SKIP","floor":5},{"not_picked":["PiercingWail","Blade Dance"],"picked":"Burst","floor":7},{"not_picked":["Skewer","Bane"],"picked":"Cloak And Dagger","floor":10}],"player_experience":534811,"potions_floor_usage":[5],"damage_taken":[{"damage":5,"enemies":"Small Slimes","floor":1,"turns":4},{"damage":0,"enemies":"2 Louse","floor":2,"turns":3},{"damage":0,"enemies":"Jaw Worm","floor":3,"turns":5},{"damage":0,"enemies":"3 Louse","floor":4,"turns":2},{"damage":0,"enemies":"Large Slime","floor":5,"turns":6},{"damage":8,"enemies":"Exordium Thugs","floor":7,"turns":7},{"damage":12,"enemies":"3 Sentries","floor":10,"turns":9},{"damage":46,"enemies":"Gremlin Nob","floor":13,"turns":5}],"relics_obtained":[{"floor":9,"key":"Happy Flower"},{"floor":10,"key":"Letter Opener"}],"event_choices":[],"boss_relics":[],"items_purged_floors":[],"potions_floor_spawned":[1,3,10],"seed_played":"-2536550335133608290","killed_by":"Gremlin Nob","ascension_level":3,"potions_obtained":[{"floor":1,"key":"SteroidPotion"},{"floor":3,"key":"Strength Potion"},{"floor":10,"key":"Strength Potion"}],"is_trial":false}