{"gold_per_floor":[118,193,219,238,13,48,48,74,74,74,101,118,132,164,164,241,241,255,255,58,58,58,58,78,78,78,111,124,135,135,162,162,238,238,258,274,374,374,393,393,423,423,447,447,461,480,510,166,166,166,166,166,11,38,38],"floor_reached":56,"playtime":7804,"items_purged":["Strike_R","Strike_R+1","Strike_R+1","Strike_R+1"],"score":2078,"play_id":"3f4dffae-58e0-47e6-ba72-18559ea8bbd7","local_time":"20190908110153","is_ascension_mode":true,"campfire_choices":[{"data":"Armaments","floor":7.0,"key":"SMITH"},{"data":"Battle Trance","floor":10.0,"key":"SMITH"},{"data":"Feel No Pain","floor":15.0,"key":"SMITH"},{"data":"Whirlwind","floor":23.0,"key":"SMITH"},{"data":"Feed","floor":25.0,"key":"SMITH"},{"data":"Battle Trance","floor":30.0,"key":"SMITH"},{"data":"Berserk","floor":32.0,"key":"SMITH"},{"data":"Body Slam","floor":40,"key":"SMITH"},{"data":"J.A.X.","floor":42,"key":"SMITH"},{"data":"Corruption","floor":44,"key":"SMITH"},{"floor":49,"key":"RECALL"},{"data":"Battle Trance","floor":52,"key":"SMITH"}],"neow_cost":"NONE","seed_source_timestamp":0,"circlet_count":0,"master_deck":["AscendersBane","Defend_R+1","Defend_R+1","Defend_R+1","Defend_R+1","Bash+1","Shockwave","Corruption+1","Flash of Steel","Armaments+1","Battle Trance+1","Feel No Pain+1","Dropkick+1","Flame Barrier","Intimidate","Feed+1","Whirlwind+1","J.A.X.+1","Body Slam+1","Seeing Red","Battle Trance+1","Berserk+1","Armaments+1","Exhume","Shockwave","Evolve+1","Flame Barrier","Pommel Strike+1","Seeing Red","Battle Trance+1","Ghostly Armor","Warcry"],"special_seed":0,"relics":["Burning Blood","PreservedInsect","Ornamental Fan","Self Forming Clay","Pantograph","Smiling Mask","Calipers","Eternal Feather","Ancient Tea Set","Singing Bowl","Whetstone","Regal Pillow","Runic Cube","Thread and Needle","Pear","The Courier","Bottled Lightning","Centennial Puzzle"],"potions_floor_usage":[39,50,55,55,55,55],"damage_taken":[{"damage":11.0,"enemies":"Small Slimes","floor":1.0,"turns":5.0},{"damage":4.0,"enemies":"Jaw Worm","floor":4.0,"turns":5.0},{"damage":10.0,"enemies":"Lagavulin","floor":6.0,"turns":4.0},{"damage":0.0,"enemies":"Gremlin Nob","floor":8.0,"turns":3.0},{"damage":3.0,"enemies":"Lagavulin","floor":11.0,"turns":5.0},{"damage":0.0,"enemies":"Cultist","floor":12.0,"turns":3.0},{"damage":2.0,"enemies":"Looter","floor":13.0,"turns":3.0},{"damage":0.0,"enemies":"3 Sentries","floor":14.0,"turns":5.0},{"damage":25.0,"enemies":"Slime Boss","floor":16.0,"turns":14.0},{"damage":10.0,"enemies":"Shell Parasite","floor":18.0,"turns":6.0},{"damage":3.0,"enemies":"3 Byrds","floor":24.0,"turns":3.0},{"damage":2.0,"enemies":"Slavers","floor":27.0,"turns":4.0},{"damage":10.0,"enemies":"Centurion and Healer","floor":28.0,"turns":5.0},{"damage":16.0,"enemies":"Snake Plant","floor":29.0,"turns":6.0},{"damage":23.0,"enemies":"Book of Stabbing","floor":31.0,"turns":6.0},{"damage":24.0,"enemies":"Collector","floor":33.0,"turns":7.0},{"damage":4,"enemies":"3 Shapes","floor":35,"turns":6},{"damage":19,"enemies":"3 Darklings","floor":36,"turns":8},{"damage":3,"enemies":"Mind Bloom Boss Battle","floor":37,"turns":4},{"damage":12,"enemies":"Transient","floor":39,"turns":5},{"damage":3,"enemies":"Giant Head","floor":41,"turns":6},{"damage":14,"enemies":"Sphere and 2 Shapes","floor":45,"turns":7},{"damage":3,"enemies":"Maw","floor":46,"turns":7},{"damage":22,"enemies":"Reptomancer","floor":47,"turns":7},{"damage":30,"enemies":"Donu and Deca","floor":50,"turns":6},{"damage":35,"enemies":"Shield and Spear","floor":54,"turns":4},{"damage":18,"enemies":"The Heart","floor":55,"turns":7}],"seed_played":"8125665817642161625","potions_obtained":[{"floor":4.0,"key":"Block Potion"},{"floor":6.0,"key":"BloodPotion"},{"floor":14.0,"key":"PowerPotion"},{"floor":27.0,"key":"Dexterity Potion"},{"floor":29.0,"key":"Fruit Juice"},{"floor":33.0,"key":"Energy Potion"},{"floor":36,"key":"EntropicBrew"},{"floor":39,"key":"Swift Potion"}],"is_trial":false,"path_per_floor":["M","?","T","M","$","E","R","E","T","R","E","M","M","E","R","B",null,"M","?","$","?","?","R","M","R","T","E","M","M","R","E","R","B",null,"M","M","?","?","M","R","E","R","T","R","M","M","E","$","R","B",null,"R","$","E","B",null],"character_chosen":"IRONCLAD","items_purchased":["Flash of Steel","Clash","Ancient Tea Set","Bottled Lightning","Seeing Red","Battle Trance","Dexterity Potion","Ghostly Armor","Warcry"],"campfire_rested":0,"item_purchase_floors":[5,5,20,48,48,48,53,53,53],"current_hp_per_floor":[70,59,59,61,61,57,57,63,63,63,82,82,82,82,82,63,77,77,77,77,77,77,86,89,89,89,93,95,89,103,95,110,98,112,124,115,136,136,132,138,152,152,152,152,152,159,149,149,167,154,172,178,178,155,168],"gold":38,"neow_bonus":"TEN_PERCENT_HP_BONUS","is_prod":false,"is_daily":false,"chose_seed":false,"campfire_upgraded":11,"win_rate":0,"timestamp":1567965713,"path_taken":["M","?","?","M","$","E","R","E","T","R","E","M","?","E","R","BOSS","M","?","$","?","?","R","?","R","T","E","M","M","R","E","R","BOSS","M","M","?","?","M","R","E","R","T","R","M","M","E","$","R","BOSS","R","$","E","BOSS"],"build_version":"2019-07-17","purchased_purges":4,"victory":true,"max_hp_per_floor":[82,82,82,82,82,82,82,82,82,82,82,82,82,82,82,82,82,86,86,86,86,86,86,89,89,89,93,99,103,103,112,112,116,116,126,130,136,136,138,138,152,152,152,152,160,164,170,170,170,178,178,178,178,184,184],"card_choices":[{"not_picked":["Heavy Blade","Body Slam"],"picked":"Shockwave","floor":1.0},{"not_picked":["Twin Strike","Uppercut"],"picked":"Corruption","floor":4.0},{"not_picked":["Twin Strike","Berserk"],"picked":"Armaments","floor":6.0},{"not_picked":["Clothesline","Hemokinesis"],"picked":"Battle Trance","floor":8.0},{"not_picked":["Twin Strike","Battle Trance"],"picked":"Feel No Pain","floor":11.0},{"not_picked":["Headbutt","Pummel"],"picked":"Dropkick","floor":12.0},{"not_picked":["Clothesline","Heavy Blade"],"picked":"Flame Barrier","floor":13.0},{"not_picked":["Warcry","Havoc"],"picked":"Intimidate","floor":14.0},{"not_picked":["Limit Break","Impervious"],"picked":"Feed","floor":16.0},{"not_picked":["Shrug It Off","Sever Soul"],"picked":"Whirlwind","floor":18.0},{"not_picked":["Twin Strike","Perfected Strike"],"picked":"Seeing Red","floor":24.0},{"not_picked":["Entrench","Twin Strike+1"],"picked":"Battle Trance","floor":27.0},{"not_picked":["Havoc","Perfected Strike","Armaments"],"picked":"Singing Bowl","floor":28.0},{"not_picked":["Thunderclap","Dual Wield"],"picked":"Berserk","floor":29.0},{"not_picked":["Cleave","Warcry"],"picked":"Armaments+1","floor":31.0},{"not_picked":["Juggernaut","Berserk"],"picked":"Exhume","floor":33.0},{"not_picked":["Thunderclap","Wild Strike","Armaments"],"picked":"Singing Bowl","floor":35},{"not_picked":["Havoc","Rage"],"picked":"Shockwave","floor":36},{"not_picked":["Thunderclap","Perfected Strike","Wild Strike"],"picked":"Singing Bowl","floor":37},{"not_picked":["Sever Soul+1","Cleave","Body Slam"],"picked":"Singing Bowl","floor":39},{"not_picked":["Bloodletting+1","Dropkick"],"picked":"Evolve+1","floor":41},{"not_picked":["Whirlwind+1","Body Slam"],"picked":"Flame Barrier","floor":45},{"not_picked":["Warcry","Perfected Strike"],"picked":"Pommel Strike+1","floor":46},{"not_picked":["Headbutt","Clash+1","Carnage"],"picked":"Singing Bowl","floor":47},{"not_picked":["Sword Boomerang","Rupture+1","Warcry"],"picked":"Singing Bowl","floor":54}],"player_experience":911713,"relics_obtained":[{"floor":3.0,"key":"PreservedInsect"},{"floor":6.0,"key":"Ornamental Fan"},{"floor":8.0,"key":"Self Forming Clay"},{"floor":9.0,"key":"Pantograph"},{"floor":11.0,"key":"Smiling Mask"},{"floor":14.0,"key":"Calipers"},{"floor":26.0,"key":"Singing Bowl"},{"floor":27.0,"key":"Whetstone"},{"floor":31.0,"key":"Regal Pillow"},{"floor":37,"key":"Thread and Needle"},{"floor":41,"key":"Pear"},{"floor":47,"key":"The Courier"},{"floor":54,"key":"Centennial Puzzle"}],"event_choices":[{"damage_healed":0.0,"max_hp_gain":0.0,"max_hp_loss":0.0,"gold_gain":75.0,"event_name":"World of Goop","player_choice":"Gather Gold","floor":2.0,"gold_loss":0.0,"damage_taken":11.0},{"damage_healed":0.0,"max_hp_gain":0.0,"max_hp_loss":0.0,"gold_gain":0.0,"event_name":"Back to Basics","player_choice":"Simplicity","floor":19.0,"gold_loss":0.0,"damage_taken":0.0,"cards_upgraded":["Strike_R","Strike_R","Strike_R","Strike_R","Defend_R","Defend_R","Defend_R","Defend_R"]},{"damage_healed":0.0,"max_hp_gain":0.0,"max_hp_loss":0.0,"gold_gain":0.0,"event_name":"Drug Dealer","player_choice":"Obtain J.A.X.","floor":21.0,"gold_loss":0.0,"damage_taken":0.0,"cards_obtained":["J.A.X."]},{"damage_healed":0.0,"max_hp_gain":0.0,"max_hp_loss":0.0,"gold_gain":0.0,"cards_transformed":["Strike_R"],"event_name":"Transmorgrifier","player_choice":"Transformed","floor":22.0,"gold_loss":0.0,"damage_taken":0.0,"cards_obtained":["Body Slam"]},{"damage_healed":0,"gold_gain":0,"player_choice":"Fight","damage_taken":0,"max_hp_gain":0,"max_hp_loss":0,"event_name":"MindBloom","floor":37,"gold_loss":0},{"cards_removed":["Clash"],"damage_healed":0,"gold_gain":0,"player_choice":"Removed Attack","damage_taken":0,"max_hp_gain":0,"max_hp_loss":0,"event_name":"Falling","floor":38,"gold_loss":0}],"is_beta":false,"boss_relics":[{"not_picked":["Velvet Choker","Philosopher\u0027s Stone"],"picked":"Eternal Feather"},{"not_picked":["Astrolabe","Snecko Eye"],"picked":"Runic Cube"}],"items_purged_floors":[5,20,48,53],"is_endless":false,"potions_floor_spawned":[4,6,14,16,24,27,29,33,36,39,45,47,54],"ascension_level":14}