{"gold_per_floor":[36,95,95,112,247,247,312,344,344,361,361,213,213,257,257,360,360,374,392,403,148,148,148,158,198,198,198,210,255,275,101,101,205,205,244,344,359,371,371,371,412,425,425,425,435,435],"floor_reached":46,"playtime":3674,"items_purged":["Strike_G","Strike_G","Strike_G"],"score":474,"play_id":"a68be7d6-a117-4083-b8cd-4ba35e569c99","local_time":"20190107232031","is_ascension_mode":false,"campfire_choices":[{"data":"Noxious Fumes","floor":6,"key":"SMITH"},{"data":"HandOfGreed","floor":11,"key":"SMITH"},{"floor":15,"key":"REST"},{"data":"Well Laid Plans","floor":23,"key":"SMITH"},{"floor":32,"key":"REST"},{"floor":40,"key":"REST"},{"floor":44,"key":"REST"}],"neow_cost":"NO_GOLD","seed_source_timestamp":954364405339376,"circlet_count":0,"master_deck":["Defend_G","Defend_G","Defend_G","Defend_G","Defend_G","Strike_G","Survivor","Neutralize","HandOfGreed+1","Apotheosis+1","Noxious Fumes+1","Bane","Deadly Poison","Catalyst+1","Slice","Well Laid Plans+1","Burst","Bane","Bouncing Flask","Dash+1","Bouncing Flask","Slice+1","Deadly Poison+1","Deadly Poison+1"],"relics":["Ring of the Serpent","Pantograph","hubris:ScarierMask","Omamori","Necronomicon","Frozen Egg 2","Tough Bandages","infinitespire:EmpoweringShard"],"potions_floor_usage":[30],"damage_taken":[{"damage":0,"enemies":"Cultist","floor":1,"turns":4},{"damage":0,"enemies":"Small Slimes","floor":2,"turns":4},{"damage":1,"enemies":"Jaw Worm","floor":4,"turns":4},{"damage":0,"enemies":"Exordium Wildlife","floor":5,"turns":2},{"damage":20,"enemies":"Gremlin Gang","floor":7,"turns":5},{"damage":5,"enemies":"2 Fungi Beasts","floor":8,"turns":3},{"damage":10,"enemies":"Blue Slaver","floor":10,"turns":4},{"damage":4,"enemies":"Looter","floor":14,"turns":4},{"damage":18,"enemies":"Hexaghost","floor":16,"turns":7},{"damage":0,"enemies":"3 Byrds","floor":18,"turns":4},{"damage":2,"enemies":"Chosen","floor":19,"turns":4},{"damage":7,"enemies":"Snecko","floor":20,"turns":5},{"damage":15,"enemies":"Snake Plant","floor":24,"turns":3},{"damage":11,"enemies":"Centurion and Healer","floor":25,"turns":4},{"damage":6,"enemies":"Shelled Parasite and Fungi","floor":28,"turns":3},{"damage":1,"enemies":"3 Cultists","floor":29,"turns":3},{"damage":11,"enemies":"Snecko","floor":30,"turns":5},{"damage":44,"enemies":"Collector","floor":33,"turns":6},{"damage":1,"enemies":"3 Darklings","floor":35,"turns":5},{"damage":12,"enemies":"Mind Bloom Boss Battle","floor":36,"turns":7},{"damage":1,"enemies":"3 Shapes","floor":37,"turns":3},{"damage":30,"enemies":"Transient","floor":38,"turns":5},{"damage":28,"enemies":"Spire Growth","floor":41,"turns":5},{"damage":7,"enemies":"Maw","floor":42,"turns":4},{"damage":24,"enemies":"Writhing Mass","floor":45,"turns":4},{"damage":16,"enemies":"3 Darklings","floor":46,"turns":2}],"seed_played":"-4632394714498070812","potions_obtained":[{"floor":1,"key":"SpeedPotion"},{"floor":8,"key":"LiquidBronze"},{"floor":10,"key":"Weak Potion"}],"is_trial":false,"path_per_floor":["M","M","?","M","M","R","M","M","T","M","R","$","?","M","R","B",null,"M","M","M","$","?","R","M","M","T","?","M","M","M","$","R","B",null,"M","?","M","M","?","R","M","M","T","R","M","M"],"character_chosen":"THE_SILENT","items_purchased":["Well Laid Plans","Omamori","Poison Potion"],"campfire_rested":4,"item_purchase_floors":[12,21,31],"current_hp_per_floor":[70,70,70,69,69,69,49,44,44,34,34,34,34,30,51,52,70,70,68,61,61,45,45,30,19,19,19,13,12,1,1,22,3,70,69,58,57,27,27,48,20,13,13,34,10,0],"gold":435,"neow_bonus":"RANDOM_COLORLESS_2","is_prod":false,"is_daily":false,"chose_seed":false,"campfire_upgraded":3,"win_rate":0,"timestamp":1546921231,"path_taken":["M","M","?","M","?","R","M","M","T","M","R","$","?","M","R","BOSS","M","M","M","$","?","R","M","M","T","?","M","M","?","$","R","BOSS","M","?","M","M","?","R","M","M","T","R","M","M"],"build_version":"2019-01-03v4","purchased_purges":3,"victory":false,"max_hp_per_floor":[70,70,70,70,70,70,70,70,70,70,70,70,70,70,70,70,70,70,70,70,70,70,70,70,70,70,70,70,70,70,70,70,70,70,70,70,70,70,70,70,70,70,70,70,70,70],"card_choices":[{"not_picked":["Poisoned Stab","Dagger Throw"],"picked":"Noxious Fumes","floor":1},{"not_picked":["Dagger Throw","Cloak And Dagger"],"picked":"Bane","floor":2},{"not_picked":["Backflip","Crippling Poison","Dagger Throw"],"picked":"SKIP","floor":4},{"not_picked":["Sucker Punch","Heel Hook"],"picked":"Deadly Poison","floor":5},{"not_picked":["Underhanded Strike","Reflex"],"picked":"Catalyst","floor":7},{"not_picked":["Setup","Prepared","Dagger Spray"],"picked":"SKIP","floor":8},{"not_picked":["Concentrate","Dagger Throw"],"picked":"Slice","floor":10},{"not_picked":["Accuracy","Leg Sweep","Prepared"],"picked":"SKIP","floor":14},{"not_picked":["After Image","Wraith Form v2"],"picked":"Burst","floor":16},{"not_picked":["PiercingWail","Outmaneuver"],"picked":"Bane","floor":18},{"not_picked":["Dagger Throw","Backstab"],"picked":"Bouncing Flask","floor":19},{"not_picked":["Choke","PiercingWail","Venomology"],"picked":"SKIP","floor":20},{"not_picked":["Slice","Blur"],"picked":"Dash+1","floor":24},{"not_picked":["Expertise","Prepared+1","Deflect"],"picked":"SKIP","floor":25},{"not_picked":["Storm of Steel","Concentrate","Backflip"],"picked":"SKIP","floor":28},{"not_picked":["PiercingWail","Underhanded Strike","Flying Knee"],"picked":"SKIP","floor":29},{"not_picked":["Finisher","Quick Slash+1"],"picked":"Bouncing Flask","floor":30},{"not_picked":["Prepared+1","Masterful Stab"],"picked":"Slice+1","floor":35},{"not_picked":["Blur+1","Bouncing Flask+1","Dagger Spray+1"],"picked":"SKIP","floor":37},{"not_picked":["Sucker Punch+1","hubris:SlightOfHand"],"picked":"Deadly Poison+1","floor":38},{"not_picked":["Acrobatics+1","Riddle With Holes","hubris:TrickCloak+1"],"picked":"SKIP","floor":41},{"not_picked":["PiercingWail","Backflip"],"picked":"Deadly Poison+1","floor":42},{"not_picked":["Slice","Concentrate+1","Blur+1"],"picked":"SKIP","floor":45}],"player_experience":554454,"relics_obtained":[{"floor":9,"key":"Pantograph"},{"floor":22,"key":"Necronomicon"},{"floor":26,"key":"Frozen Egg 2"},{"floor":36,"key":"Tough Bandages"},{"floor":43,"key":"infinitespire:EmpoweringShard"}],"event_choices":[{"damage_healed":0,"gold_gain":0,"player_choice":"Forge","damage_taken":0,"max_hp_gain":0,"max_hp_loss":0,"event_name":"Accursed Blacksmith","floor":13,"gold_loss":0,"cards_upgraded":["Catalyst"]},{"damage_healed":0,"gold_gain":0,"player_choice":"Obtained Book","damage_taken":16,"max_hp_gain":0,"max_hp_loss":0,"event_name":"Cursed Tome","floor":22,"gold_loss":0},{"cards_removed":["Strike_G"],"damage_healed":0,"gold_gain":0,"player_choice":"Offered Basic","damage_taken":0,"max_hp_gain":0,"max_hp_loss":0,"event_name":"Bonfire Elementals","floor":27,"gold_loss":0},{"damage_healed":0,"gold_gain":0,"player_choice":"Fight","damage_taken":0,"max_hp_gain":0,"max_hp_loss":0,"event_name":"MindBloom","floor":36,"gold_loss":0},{"damage_healed":0,"gold_gain":0,"player_choice":"Memory 1","damage_taken":0,"max_hp_gain":0,"max_hp_loss":0,"event_name":"SensoryStone","floor":39,"gold_loss":0}],"is_beta":false,"boss_relics":[{"not_picked":["Orrery","Sozu"],"picked":"hubris:ScarierMask"},{"not_picked":["Runic Pyramid","infinitespire:Cupcake"],"picked":"Ring of the Serpent"}],"items_purged_floors":[12,21,31],"is_endless":false,"potions_floor_spawned":[1,8,10,16,18,24,25,28,33,38,42],"killed_by":"3 Darklings","ascension_level":0}