{"gold_per_floor":[113,129,140,140,158,158,188,206,229,229,263,286,97,108,108,204,204,190,190,203,213,213,213,242,242,316,316,334,349,349,349],"floor_reached":31,"playtime":2720,"items_purged":[],"score":296,"play_id":"dd0dd2b0-f909-4886-825a-9b1a6da53afc","local_time":"20190215121626","is_ascension_mode":true,"campfire_choices":[{"data":"Intimidate","floor":6,"key":"SMITH"},{"data":"Cleave","floor":10,"key":"SMITH"},{"floor":15,"key":"REST"},{"floor":23,"key":"REST"},{"floor":25,"key":"REST"}],"neow_cost":"NONE","seed_source_timestamp":42884348442477,"circlet_count":0,"master_deck":["Strike_R","Strike_R","Strike_R","Strike_R","Strike_R","Defend_R","Defend_R","Defend_R","Bash","Intimidate+1","True Grit","Iron Wave","Cleave+1","Headbutt","Battle Trance","Burning Pact","Shrug It Off","Disarm","Exhume","Inflame","Warcry","Intimidate","True Grit","Sentinel","Armaments","Whirlwind+1","Uppercut","Thunderclap+1","Inflame+1","Decay"],"relics":["Burning Blood","Ancient Tea Set","Blood Vial","Oddly Smooth Stone","MawBank","PreservedInsect","Orrery","MutagenicStrength","Dream Catcher","Sundial"],"potions_floor_usage":[11,11,11,16,20,24],"damage_taken":[{"damage":14,"enemies":"Cultist","floor":1,"turns":5},{"damage":7,"enemies":"Jaw Worm","floor":2,"turns":5},{"damage":9,"enemies":"Small Slimes","floor":3,"turns":3},{"damage":4,"enemies":"Looter","floor":5,"turns":4},{"damage":34,"enemies":"Gremlin Nob","floor":7,"turns":6},{"damage":19,"enemies":"Large Slime","floor":8,"turns":6},{"damage":15,"enemies":"3 Sentries","floor":11,"turns":5},{"damage":6,"enemies":"Red Slaver","floor":12,"turns":5},{"damage":17,"enemies":"Exordium Thugs","floor":14,"turns":5},{"damage":37,"enemies":"The Guardian","floor":16,"turns":17},{"damage":9,"enemies":"2 Thieves","floor":18,"turns":4},{"damage":29,"enemies":"Shell Parasite","floor":20,"turns":6},{"damage":44,"enemies":"Snecko","floor":21,"turns":6},{"damage":36,"enemies":"Slavers","floor":24,"turns":5},{"damage":8,"enemies":"3 Cultists","floor":28,"turns":3},{"damage":27,"enemies":"Snake Plant","floor":29,"turns":8},{"damage":40,"enemies":"Cultist and Chosen","floor":31,"turns":4}],"seed_played":"-2541348998648473916","potions_obtained":[{"floor":3,"key":"EssenceOfSteel"},{"floor":5,"key":"AttackPotion"},{"floor":7,"key":"SkillPotion"},{"floor":14,"key":"Regen Potion"},{"floor":18,"key":"Fire Potion"},{"floor":21,"key":"Block Potion"},{"floor":29,"key":"Weak Potion"},{"floor":30,"key":"Swift Potion"},{"floor":30,"key":"EssenceOfSteel"}],"is_trial":false,"path_per_floor":["M","M","M","?","M","R","E","M","T","R","E","M","$","M","R","B",null,"M","$","M","M","?","R","E","R","T","?","M","M","?","M"],"character_chosen":"IRONCLAD","items_purchased":["PreservedInsect","Shrug It Off"],"campfire_rested":3,"item_purchase_floors":[13,13],"current_hp_per_floor":[72,71,68,68,70,70,42,31,31,31,24,26,26,17,41,27,80,77,77,56,20,20,44,16,40,40,40,40,21,21,0],"gold":349,"neow_bonus":"RANDOM_COMMON_RELIC","is_prod":false,"is_daily":false,"chose_seed":false,"campfire_upgraded":2,"win_rate":0,"timestamp":1550229386,"path_taken":["M","M","?","?","M","R","E","M","T","R","E","M","$","?","R","BOSS","M","$","M","M","?","R","E","R","T","?","M","M","?","M"],"build_version":"2019-01-23","purchased_purges":0,"victory":false,"max_hp_per_floor":[80,80,80,80,80,80,80,80,80,80,80,80,80,80,80,80,80,80,80,80,80,80,80,80,80,80,80,80,80,80,80],"card_choices":[{"not_picked":["Twin Strike","Body Slam"],"picked":"Intimidate","floor":1},{"not_picked":["Anger","Flex"],"picked":"True Grit","floor":2},{"not_picked":["Second Wind","Sever Soul"],"picked":"Iron Wave","floor":3},{"not_picked":["Sword Boomerang","Feel No Pain"],"picked":"Cleave","floor":5},{"not_picked":["Sever Soul","Power Through"],"picked":"Headbutt","floor":7},{"not_picked":["Sword Boomerang","Twin Strike","Heavy Blade"],"picked":"SKIP","floor":8},{"not_picked":["Dropkick","Armaments"],"picked":"Battle Trance","floor":11},{"not_picked":["Second Wind","Pummel"],"picked":"Burning Pact","floor":12},{"not_picked":["Searing Blow","Sentinel"],"picked":"Disarm","floor":14},{"not_picked":["Limit Break","Impervious"],"picked":"Exhume","floor":16},{"not_picked":["Flex","Flame Barrier"],"picked":"Inflame","floor":17},{"not_picked":["True Grit","Cleave"],"picked":"Warcry","floor":17},{"not_picked":["Fire Breathing","Headbutt"],"picked":"Intimidate","floor":17},{"not_picked":["Bludgeon","Twin Strike"],"picked":"True Grit","floor":17},{"not_picked":["True Grit","Havoc"],"picked":"Sentinel","floor":17},{"not_picked":["Reaper","Intimidate+1"],"picked":"Armaments","floor":18},{"not_picked":["Anger","Intimidate"],"picked":"Whirlwind+1","floor":20},{"not_picked":["Rage","Perfected Strike"],"picked":"Uppercut","floor":21},{"not_picked":["Berserk","Shockwave"],"picked":"Thunderclap+1","floor":24},{"not_picked":["Perfected Strike","Thunderclap"],"picked":"Inflame+1","floor":25},{"not_picked":["Clash+1","Combust","True Grit"],"picked":"SKIP","floor":28},{"not_picked":["Anger","Thunderclap","Headbutt+1"],"picked":"SKIP","floor":29}],"player_experience":191528,"relics_obtained":[{"floor":7,"key":"Blood Vial"},{"floor":9,"key":"Oddly Smooth Stone"},{"floor":11,"key":"MawBank"},{"floor":24,"key":"Dream Catcher"},{"floor":26,"key":"Sundial"}],"event_choices":[{"cards_removed":["Defend_R"],"damage_healed":0,"gold_gain":0,"player_choice":"Offered Basic","damage_taken":0,"max_hp_gain":0,"max_hp_loss":0,"event_name":"Bonfire Elementals","floor":4,"gold_loss":0},{"damage_healed":0,"gold_gain":0,"player_choice":"Inject Mutagens","damage_taken":0,"relics_obtained":["MutagenicStrength"],"max_hp_gain":0,"max_hp_loss":0,"event_name":"Drug Dealer","floor":22,"gold_loss":0},{"damage_healed":0,"gold_gain":0,"player_choice":"Smashed Altar","damage_taken":0,"max_hp_gain":0,"max_hp_loss":0,"event_name":"Forgotten Altar","floor":27,"gold_loss":0,"cards_obtained":["Decay"]},{"damage_healed":0,"gold_gain":0,"player_choice":"Got Potions","damage_taken":0,"max_hp_gain":0,"max_hp_loss":0,"event_name":"Lab","floor":30,"gold_loss":0}],"is_beta":false,"boss_relics":[{"not_picked":["Runic Pyramid","Black Star"],"picked":"Orrery"}],"items_purged_floors":[],"is_endless":false,"potions_floor_spawned":[3,5,7,14,18,21,29],"killed_by":"Cultist and Chosen","ascension_level":2}