{"gold_per_floor":[15,15,28,28,51,84,84,61,61,61,61,61,80,105,105,105],"floor_reached":16,"playtime":633,"items_purged":[],"score":150,"play_id":"a4bef69a-3444-4d49-967d-bf674137f1a8","local_time":"20190829010832","is_ascension_mode":true,"campfire_choices":[{"data":"Body Slam","floor":10,"key":"SMITH"},{"floor":12,"key":"REST"},{"data":"Entrench","floor":15,"key":"SMITH"}],"neow_cost":"NO_GOLD","seed_source_timestamp":194352232935800,"circlet_count":0,"master_deck":["AscendersBane","Strike_R","Strike_R","Strike_R","Strike_R","Defend_R","Defend_R","Defend_R","Bash","Pummel","Shrug It Off","Dropkick","Body Slam+1","Sword Boomerang","Entrench+1"],"relics":["Burning Blood","Golden Idol","Sundial","Regal Pillow"],"potions_floor_usage":[16],"damage_taken":[{"damage":4,"enemies":"Jaw Worm","floor":1,"turns":4},{"damage":1,"enemies":"2 Louse","floor":3,"turns":3},{"damage":4,"enemies":"Small Slimes","floor":5,"turns":4},{"damage":59,"enemies":"3 Sentries","floor":6,"turns":13},{"damage":6,"enemies":"Blue Slaver","floor":13,"turns":4},{"damage":19,"enemies":"Lots of Slimes","floor":14,"turns":6},{"damage":38,"enemies":"The Guardian","floor":16,"turns":5}],"seed_played":"-377745166993511511","potions_obtained":[{"floor":1,"key":"Ancient Potion"},{"floor":5,"key":"Ancient Potion"},{"floor":13,"key":"Ancient Potion"},{"floor":14,"key":"EssenceOfSteel"}],"is_trial":false,"path_per_floor":["M","?","M","?","M","E","?","$","T","R","$","R","M","M","R","B"],"character_chosen":"IRONCLAD","items_purchased":["Body Slam"],"campfire_rested":1,"item_purchase_floors":[8],"current_hp_per_floor":[74,54,59,59,61,8,8,8,8,8,8,47,47,34,34,0],"gold":105,"neow_bonus":"REMOVE_TWO","is_prod":false,"is_daily":false,"chose_seed":false,"campfire_upgraded":2,"win_rate":0,"timestamp":1567055312,"path_taken":["M","?","M","?","M","E","?","$","T","R","?","R","?","M","R","BOSS"],"build_version":"2019-08-26","purchased_purges":0,"victory":false,"max_hp_per_floor":[80,80,80,80,80,80,80,80,80,80,80,80,80,80,80,80],"card_choices":[{"not_picked":["Rage","Seeing Red"],"picked":"Pummel","floor":1},{"not_picked":["Flex","Iron Wave","Rage"],"picked":"SKIP","floor":3},{"not_picked":["Thunderclap","Havoc"],"picked":"Shrug It Off","floor":5},{"not_picked":["Wild Strike","Seeing Red"],"picked":"Dropkick","floor":6},{"not_picked":["Blood for Blood","Infernal Blade"],"picked":"Sword Boomerang","floor":13},{"not_picked":["Pommel Strike","Perfected Strike"],"picked":"Entrench","floor":14}],"player_experience":990429,"relics_obtained":[{"floor":6,"key":"Sundial"},{"floor":9,"key":"Regal Pillow"}],"event_choices":[{"damage_healed":0,"gold_gain":0,"player_choice":"Take Damage","damage_taken":20,"relics_obtained":["Golden Idol"],"max_hp_gain":0,"max_hp_loss":0,"event_name":"Golden Idol","floor":2,"gold_loss":0},{"damage_healed":0,"gold_gain":0,"player_choice":"Fled","damage_taken":0,"max_hp_gain":0,"max_hp_loss":0,"event_name":"Scrap Ooze","floor":4,"gold_loss":0},{"damage_healed":0,"gold_gain":0,"player_choice":"Searched \u00270\u0027 times","damage_taken":0,"max_hp_gain":0,"max_hp_loss":0,"event_name":"Dead Adventurer","floor":7,"gold_loss":0}],"is_beta":true,"boss_relics":[],"items_purged_floors":[],"is_endless":false,"potions_floor_spawned":[1,5,13,14],"killed_by":"The Guardian","ascension_level":10}