{"path_per_floor":["M","?","?","?","M","E","M","R","T","E","M","R","M","M","R"],"character_chosen":"IRONCLAD","items_purchased":[],"gold_per_floor":[13,13,13,188,203,267,281,281,307,340,355,355,369,384,384,384],"floor_reached":16,"campfire_rested":2,"playtime":564,"item_purchase_floors":[],"current_hp_per_floor":[76,76,76,76,81,21,21,45,45,35,36,36,10,10,36,0],"items_purged":[],"gold":384,"score":151,"play_id":"48488c77-8ea6-42de-9e39-3d9890c45306","local_time":"20180621214918","is_prod":false,"is_daily":false,"chose_seed":false,"is_ascension_mode":true,"campfire_upgraded":1,"win_rate":0,"timestamp":1529632158,"campfire_choices":[{"floor":8,"key":"REST"},{"data":"Rampage","floor":12,"key":"SMITH"},{"floor":15,"key":"REST"}],"path_taken":["M","?","?","?","?","E","M","R","T","E","M","R","M","M","R","BOSS"],"build_version":"2018-06-21","seed_source_timestamp":1905829101333211,"purchased_purges":0,"circlet_count":0,"victory":false,"master_deck":["Strike_R","Strike_R","Strike_R","Strike_R","Defend_R","Defend_R","Defend_R","Defend_R","Bash","Rage","Doubt","Headbutt","Rampage+1","Thunderclap","Inflame","Seeing Red","Shrug It Off"],"max_hp_per_floor":[80,80,80,80,81,82,83,83,83,84,85,85,86,87,87,87],"relics":["Burning Blood","Charon\u0027s Ashes","FaceOfCleric","Tiny Chest","Omamori","Prayer Wheel"],"card_choices":[{"not_picked":["True Grit","Evolve"],"picked":"Rage","floor":1},{"not_picked":["Body Slam","Clash"],"picked":"Headbutt","floor":5},{"not_picked":["Heavy Blade","Iron Wave"],"picked":"Rampage","floor":6},{"not_picked":["Rampage","Body Slam","Anger"],"picked":"SKIP","floor":7},{"not_picked":["Spot Weakness","Iron Wave","Juggernaut"],"picked":"SKIP","floor":10},{"not_picked":["Wild Strike","Headbutt"],"picked":"Thunderclap","floor":11},{"not_picked":["Body Slam","Sword Boomerang"],"picked":"Inflame","floor":11},{"not_picked":["Rage","Intimidate"],"picked":"Seeing Red","floor":13},{"not_picked":["Thunderclap","Wild Strike","Combust"],"picked":"SKIP","floor":13},{"not_picked":["Combust","Shockwave"],"picked":"Shrug It Off","floor":14},{"not_picked":["Rupture","Armaments","Cleave"],"picked":"SKIP","floor":14}],"player_experience":562607,"potions_floor_usage":[6,10,14,14],"damage_taken":[{"damage":2,"enemies":"2 Louse","floor":1,"turns":5},{"damage":0,"enemies":"Cultist","floor":5,"turns":4},{"damage":67,"enemies":"Lagavulin","floor":6,"turns":9},{"damage":7,"enemies":"Jaw Worm","floor":7,"turns":3},{"damage":17,"enemies":"3 Sentries","floor":10,"turns":7},{"damage":6,"enemies":"3 Louse","floor":11,"turns":4},{"damage":33,"enemies":"Exordium Wildlife","floor":13,"turns":3},{"damage":7,"enemies":"Blue Slaver","floor":14,"turns":4},{"damage":37,"enemies":"Slime Boss","floor":16,"turns":8}],"relics_obtained":[{"floor":6,"key":"Tiny Chest"},{"floor":9,"key":"Omamori"},{"floor":10,"key":"Prayer Wheel"}],"event_choices":[{"event_name":"Bonfire Elementals","player_choice":"BASIC","floor":2,"damage_taken":0},{"event_name":"FaceTrader","player_choice":"Took Face Of Cleric","floor":3,"damage_taken":0},{"event_name":"Liars Game","player_choice":"agreed","floor":4,"damage_taken":0}],"boss_relics":[],"items_purged_floors":[],"is_endless":false,"potions_floor_spawned":[1,6,10,13],"seed_played":"6078291455980177366","killed_by":"Slime Boss","ascension_level":7,"potions_obtained":[{"floor":1,"key":"Block Potion"},{"floor":6,"key":"Dexterity Potion"},{"floor":10,"key":"EssenceOfSteel"},{"floor":13,"key":"PowerPotion"}],"is_trial":false}