{"path_per_floor":["M","?","M","$","M","R","E","R","T","R","M","M","M","M","R","B",null,"M","$","?","M","M","E","R","?","T","E","?","E","M","M","R","B",null,"M","M","?","$","?","E","R","M","T","R","M","E","M","E","R","B"],"character_chosen":"IRONCLAD","items_purchased":["Panache","Kunai","Demon Form"],"gold_per_floor":[119,119,136,61,74,74,109,109,135,135,155,172,190,207,207,310,310,325,20,20,33,48,81,81,81,107,139,139,170,188,208,208,309,309,327,340,590,46,46,74,74,84,108,108,121,152,163,194,194,194],"floor_reached":51,"campfire_rested":1,"playtime":5640,"current_hp_per_floor":[69,69,70,70,72,72,72,72,79,79,77,77,61,67,67,40,79,79,79,79,79,74,77,77,77,77,55,55,60,61,65,65,38,79,78,79,79,79,72,60,60,67,67,67,74,40,49,53,76,50],"items_purged":["Regret","Defend_R","Defend_R"],"gold":194,"score":774,"play_id":"4d104a81-67ef-49d4-bde4-17c45a91d6c4","local_time":"20180406123036","is_prod":false,"is_daily":false,"is_ascension_mode":false,"campfire_upgraded":8,"timestamp":1523043036,"path_taken":["M","?","?","$","M","R","E","R","T","R","M","M","M","M","R","BOSS","M","$","?","M","M","E","R","?","T","E","?","E","?","M","R","BOSS","M","M","?","?","?","E","R","?","T","R","M","E","M","E","R","BOSS"],"build_version":"2018-04-05v2","purchased_purges":3,"victory":true,"master_deck":["Strike_R","Strike_R","Strike_R","Strike_R","Defend_R","Bash","Inflame+1","Disarm","Whirlwind+1","Rage+1","Pommel Strike","Armaments+1","Heavy Blade","Pummel","Double Tap+1","Shockwave","Panache+1","Spot Weakness","Heavy Blade","Cleave+1","Sword Boomerang+1","Battle Trance+1","Anger+1","Burning Pact","Heavy Blade+1","Double Tap","Sword Boomerang+1","Spot Weakness+1","Demon Form+1","Fire Breathing+1","Inflame+1","Warcry+1","Spot Weakness+1"],"max_hp_per_floor":[72,72,72,72,72,72,72,72,79,79,79,79,79,79,79,79,79,79,79,79,79,79,79,79,79,79,79,79,79,79,79,79,79,79,79,79,79,79,79,79,79,79,79,79,79,79,79,79,79,79],"relics":["Burning Blood","Lantern","Matryoshka","Darkstone Periapt","Strawberry","Velvet Choker","Magic Flower","Bag of Marbles","Omamori","Bag of Preparation","Anchor","Cursed Key","Kunai","Prayer Wheel","Orichalcum","Bronze Scales","Bottled Flame"],"card_choices":[{"not_picked":["Shockwave","Second Wind"],"picked":"Inflame","floor":1},{"not_picked":["Warcry","Entrench"],"picked":"Disarm","floor":3},{"not_picked":["Headbutt","Perfected Strike"],"picked":"Whirlwind","floor":5},{"not_picked":["Cleave","Sever Soul"],"picked":"Rage","floor":7},{"not_picked":["Warcry","Flex"],"picked":"Pommel Strike","floor":11},{"not_picked":["Fire Breathing","Clothesline"],"picked":"Armaments","floor":12},{"not_picked":["Dual Wield","Searing Blow"],"picked":"Heavy Blade","floor":13},{"not_picked":["Bludgeon","Iron Wave"],"picked":"Pummel","floor":14},{"not_picked":["Feed","Bludgeon"],"picked":"Double Tap","floor":16},{"not_picked":["Sword Boomerang","Wild Strike"],"picked":"Shockwave","floor":18},{"not_picked":["Sever Soul","Body Slam"],"picked":"Spot Weakness","floor":21},{"not_picked":["Flame Barrier","True Grit"],"picked":"Heavy Blade","floor":22},{"not_picked":["Rupture","Headbutt"],"picked":"Cleave","floor":23},{"not_picked":["True Grit","Rampage"],"picked":"Sword Boomerang","floor":27},{"not_picked":["Wild Strike","Immolate"],"picked":"Anger","floor":29},{"not_picked":["Cleave","Sword Boomerang"],"picked":"Burning Pact","floor":30},{"not_picked":["Sword Boomerang","Rampage"],"picked":"Heavy Blade","floor":31},{"not_picked":["Reaper","Fiend Fire"],"picked":"Double Tap","floor":33},{"not_picked":["Rupture","Body Slam"],"picked":"Sword Boomerang","floor":35},{"not_picked":["Warcry","Rupture"],"picked":"Spot Weakness","floor":36},{"not_picked":["True Grit","Heavy Blade"],"picked":"Fire Breathing","floor":40},{"not_picked":["Anger","Bloodletting"],"picked":"Inflame","floor":42},{"not_picked":["Corruption","Dropkick"],"picked":"Warcry","floor":43},{"not_picked":["Sever Soul","Rampage"],"picked":"Spot Weakness","floor":45}],"player_experience":88608,"potions_floor_usage":[7,16,18,23,30,36,36,46,47,50,50],"damage_taken":[{"damage":9,"enemies":"2 Louse","floor":1,"turns":4},{"damage":5,"enemies":"Jaw Worm","floor":3,"turns":3},{"damage":0,"enemies":"Cultist","floor":5,"turns":2},{"damage":3,"enemies":"3 Sentries","floor":7,"turns":2},{"damage":8,"enemies":"Looter","floor":11,"turns":2},{"damage":6,"enemies":"Exordium Thugs","floor":12,"turns":5},{"damage":22,"enemies":"Gremlin Gang","floor":13,"turns":5},{"damage":0,"enemies":"Blue Slaver","floor":14,"turns":3},{"damage":33,"enemies":"The Guardian","floor":16,"turns":9},{"damage":0,"enemies":"2 Thieves","floor":18,"turns":1},{"damage":3,"enemies":"3 Byrds","floor":21,"turns":3},{"damage":11,"enemies":"Centurion and Healer","floor":22,"turns":5},{"damage":12,"enemies":"Gremlin Leader","floor":23,"turns":4},{"damage":31,"enemies":"Slavers","floor":27,"turns":4},{"damage":4,"enemies":"Gremlin Leader","floor":29,"turns":4},{"damage":8,"enemies":"Snecko","floor":30,"turns":3},{"damage":5,"enemies":"Chosen and Byrds","floor":31,"turns":3},{"damage":36,"enemies":"Automaton","floor":33,"turns":5},{"damage":10,"enemies":"3 Shapes","floor":35,"turns":4},{"damage":7,"enemies":"3 Darklings","floor":36,"turns":3},{"damage":21,"enemies":"2 Orb Walkers","floor":40,"turns":3},{"damage":2,"enemies":"4 Shapes","floor":42,"turns":1},{"damage":2,"enemies":"Maw","floor":45,"turns":5},{"damage":43,"enemies":"Nemesis","floor":46,"turns":5},{"damage":0,"enemies":"3 Darklings","floor":47,"turns":1},{"damage":5,"enemies":"2 Orb Walkers","floor":48,"turns":2},{"damage":35,"enemies":"Donu and Deca","floor":50,"turns":4}],"event_choices":[{"event_name":"Big Fish","player_choice":"Box","floor":2,"damage_taken":0},{"event_name":"Accursed Blacksmith","player_choice":"Forge","floor":20,"damage_taken":0},{"event_name":"Drug Dealer","player_choice":"Ignored","floor":25,"damage_taken":0},{"event_name":"The Library","player_choice":"Read","floor":28,"damage_taken":0},{"event_name":"Golden Shrine","player_choice":"Desecrate","floor":37,"damage_taken":0},{"event_name":"Wheel of Change","player_choice":"Damage","floor":39,"damage_taken":0}],"boss_relics":[{"not_picked":["Philosopher\u0027s Stone","Black Blood"],"picked":"Velvet Choker"},{"not_picked":["Tiny House","Astrolabe"],"picked":"Cursed Key"}],"potions_floor_spawned":[1,3,7,12,14,22,29,31,33,35,42,46,47],"seed_played":"8042991829526824861","ascension_level":0,"is_trial":false}