{"gold_per_floor":[365,365,64,77,77,77,91,91,117,39,59,69,94,114,114,210,260,276,276,32,32,32,32,62,62,62,77,105,117,142,168,180,294,306,330,353,345,376,295,295,310,323,323,11,11,21,32,51,51,51],"floor_reached":50,"playtime":3955,"items_purged":[],"score":566,"play_id":"0acdc7e1-af7a-44ee-8df5-3b6da1498daf","local_time":"20190909203204","is_ascension_mode":false,"campfire_choices":[{"data":"Twin Strike","floor":6,"key":"SMITH"},{"data":"Sword Boomerang","floor":8,"key":"SMITH"},{"data":"Infernal Blade","floor":15,"key":"SMITH"},{"floor":23,"key":"REST"},{"data":"Flex","floor":29,"key":"SMITH"},{"floor":32,"key":"REST"},{"floor":40,"key":"REST"},{"floor":49,"key":"REST"}],"neow_cost":"PERCENT_DAMAGE","seed_source_timestamp":81009626512700,"circlet_count":0,"master_deck":["Strike_R","Strike_R","Strike_R","Strike_R","Strike_R","Defend_R","Defend_R","Perfected Strike+1","Twin Strike+1","Sword Boomerang+1","Infernal Blade+1","Twin Strike+1","Pummel","Flex+1","Feed","Pommel Strike","Feed","Sword Boomerang","Uppercut","Infernal Blade+1","Double Tap+1","Feed","Rampage+1","Metallicize+1","Flex+1","Dual Wield+1","Perfected Strike+1","Anger+1","Forethought+1","Cleave+1","Warcry+1","Heavy Blade+1","Perfected Strike+1"],"relics":["Burning Blood","FossilizedHelix","Red Skull","Pantograph","Tiny House","Toxic Egg 2","Nilry\u0027s Codex","Red Mask","Sundial","Mango","MawBank","Astrolabe","Charon\u0027s Ashes","Ginger"],"potions_floor_usage":[28,33,33,42,46,46,50,50,50],"damage_taken":[{"damage":0,"enemies":"2 Louse","floor":1,"turns":2},{"damage":0,"enemies":"Jaw Worm","floor":4,"turns":2},{"damage":0,"enemies":"Small Slimes","floor":7,"turns":2},{"damage":4,"enemies":"2 Fungi Beasts","floor":11,"turns":3},{"damage":0,"enemies":"Large Slime","floor":12,"turns":3},{"damage":0,"enemies":"Gremlin Nob","floor":13,"turns":3},{"damage":0,"enemies":"Blue Slaver","floor":14,"turns":2},{"damage":50,"enemies":"The Guardian","floor":16,"turns":6},{"damage":0,"enemies":"Chosen","floor":18,"turns":3},{"damage":12,"enemies":"Masked Bandits","floor":24,"turns":4},{"damage":0,"enemies":"2 Thieves","floor":27,"turns":2},{"damage":37,"enemies":"Slavers","floor":28,"turns":6},{"damage":13,"enemies":"Cultist and Chosen","floor":30,"turns":5},{"damage":3,"enemies":"Chosen and Byrds","floor":31,"turns":4},{"damage":93,"enemies":"Automaton","floor":33,"turns":8},{"damage":9,"enemies":"Orb Walker","floor":35,"turns":3},{"damage":47,"enemies":"3 Darklings","floor":36,"turns":6},{"damage":23,"enemies":"4 Shapes","floor":38,"turns":4},{"damage":58,"enemies":"Writhing Mass","floor":41,"turns":7},{"damage":0,"enemies":"3 Darklings","floor":42,"turns":2},{"damage":12,"enemies":"Jaw Worm Horde","floor":46,"turns":3},{"damage":22,"enemies":"Spire Growth","floor":47,"turns":3},{"damage":27,"enemies":"Maw","floor":48,"turns":5},{"damage":98,"enemies":"Donu and Deca","floor":50,"turns":5}],"seed_played":"-7363271150382113309","potions_obtained":[{"floor":4,"key":"GamblersBrew"},{"floor":11,"key":"Block Potion"},{"floor":16,"key":"Energy Potion"},{"floor":17,"key":"Ancient Potion"},{"floor":30,"key":"Weak Potion"},{"floor":36,"key":"Explosive Potion"},{"floor":37,"key":"SneckoOil"},{"floor":42,"key":"BloodPotion"},{"floor":46,"key":"Strength Potion"},{"floor":48,"key":"Block Potion"}],"is_trial":false,"path_per_floor":["M","?","$","M","$","R","M","R","T","$","M","M","E","M","R","B",null,"M","?","$","?","?","R","?","T","T","M","E","R","M","M","R","B",null,"M","M","?","M","$","R","M","M","T","$","?","M","M","M","R","B"],"character_chosen":"IRONCLAD","items_purchased":["FossilizedHelix","Infernal Blade","Toxic Egg 2","Forethought+1","Ginger"],"campfire_rested":4,"item_purchase_floors":[3,10,20,39,44],"current_hp_per_floor":[62,62,62,68,68,68,74,74,74,74,76,80,80,80,80,36,85,88,71,71,71,55,82,79,79,93,99,71,71,64,67,100,26,113,110,69,69,55,55,89,37,43,43,43,43,66,50,29,63,0],"gold":51,"neow_bonus":"TWO_FIFTY_GOLD","is_prod":false,"is_daily":false,"chose_seed":false,"campfire_upgraded":4,"win_rate":0.0,"timestamp":1568053924,"path_taken":["M","?","$","M","$","R","M","R","T","$","M","M","E","M","R","BOSS","M","?","$","?","?","R","?","?","T","?","E","R","M","M","R","BOSS","M","?","?","M","$","R","M","M","T","?","?","M","M","M","R","BOSS"],"build_version":"2019-07-17","purchased_purges":0,"victory":false,"max_hp_per_floor":[80,80,80,80,80,80,80,80,80,80,80,80,80,80,80,80,85,88,93,93,93,93,93,96,96,110,110,113,113,113,113,113,113,113,113,113,113,116,116,116,116,116,116,116,116,116,116,116,116,116],"card_choices":[{"not_picked":["Reckless Charge","Intimidate"],"picked":"Perfected Strike","floor":1},{"not_picked":["Warcry","Reckless Charge"],"picked":"Twin Strike","floor":4},{"not_picked":["Fire Breathing","Disarm"],"picked":"Sword Boomerang","floor":7},{"not_picked":["True Grit","Iron Wave"],"picked":"Inflame","floor":11},{"not_picked":["Armaments","Headbutt"],"picked":"Twin Strike","floor":12},{"not_picked":["Reckless Charge","Rage"],"picked":"Pummel","floor":13},{"not_picked":["Combust","Second Wind"],"picked":"Flex","floor":14},{"not_picked":["Brutality","Dark Embrace"],"picked":"Feed","floor":16},{"not_picked":["Warcry","Body Slam"],"picked":"Pommel Strike","floor":17},{"not_picked":["Carnage+1","Blood for Blood"],"picked":"Feed","floor":18},{"not_picked":["Iron Wave","Hemokinesis"],"picked":"Sword Boomerang","floor":24},{"not_picked":["Carnage","Ghostly Armor+1"],"picked":"Uppercut","floor":27},{"not_picked":["Feel No Pain","Warcry+1"],"picked":"Infernal Blade+1","floor":28},{"not_picked":["Clothesline+1","Combust","Spot Weakness+1"],"picked":"SKIP","floor":30},{"not_picked":["Thunderclap+1","Flame Barrier+1"],"picked":"Double Tap+1","floor":31},{"not_picked":["Barricade","Bludgeon"],"picked":"Feed","floor":33},{"not_picked":["Corruption","Pummel"],"picked":"Dual Wield+1","floor":35},{"not_picked":["Rampage","Thunderclap+1"],"picked":"Perfected Strike+1","floor":36},{"not_picked":["Sword Boomerang","Dual Wield+1"],"picked":"Anger+1","floor":38},{"not_picked":["Shrug It Off+1","Sword Boomerang"],"picked":"Cleave+1","floor":41},{"not_picked":["Clothesline","Offering+1"],"picked":"Warcry+1","floor":42},{"not_picked":["Warcry+1","Pommel Strike"],"picked":"Heavy Blade+1","floor":46},{"not_picked":["Body Slam+1","Heavy Blade"],"picked":"Perfected Strike+1","floor":47},{"not_picked":["Fiend Fire","Clothesline+1","Ghostly Armor+1"],"picked":"SKIP","floor":48}],"player_experience":25576,"relics_obtained":[{"floor":9,"key":"Red Skull"},{"floor":13,"key":"Pantograph"},{"floor":22,"key":"Nilry\u0027s Codex"},{"floor":24,"key":"Red Mask"},{"floor":25,"key":"Sundial"},{"floor":26,"key":"Mango"},{"floor":28,"key":"MawBank"},{"floor":43,"key":"Charon\u0027s Ashes"}],"event_choices":[{"damage_healed":0,"gold_gain":0,"player_choice":"Grow","damage_taken":0,"max_hp_gain":0,"max_hp_loss":0,"event_name":"Living Wall","floor":2,"gold_loss":0,"cards_upgraded":["Perfected Strike"]},{"damage_healed":0,"gold_gain":0,"player_choice":"Shed Blood","damage_taken":22,"max_hp_gain":5,"max_hp_loss":0,"event_name":"Forgotten Altar","floor":19,"gold_loss":0},{"damage_healed":0,"gold_gain":0,"player_choice":"Ignored","damage_taken":0,"max_hp_gain":0,"max_hp_loss":0,"event_name":"Vampires","floor":21,"gold_loss":0},{"damage_healed":0,"gold_gain":0,"player_choice":"Obtained Book","damage_taken":16,"max_hp_gain":0,"max_hp_loss":0,"event_name":"Cursed Tome","floor":22,"gold_loss":0},{"damage_healed":0,"gold_gain":0,"player_choice":"Fought Bandits","damage_taken":0,"max_hp_gain":0,"max_hp_loss":0,"event_name":"Masked Bandits","floor":24,"gold_loss":0},{"damage_healed":0,"gold_gain":0,"player_choice":"Bought 1 Potion","damage_taken":0,"max_hp_gain":0,"max_hp_loss":0,"event_name":"The Woman in Blue","floor":37,"gold_loss":0},{"cards_removed":["Inflame"],"damage_healed":0,"gold_gain":0,"player_choice":"Removed Power","damage_taken":0,"max_hp_gain":0,"max_hp_loss":0,"event_name":"Falling","floor":45,"gold_loss":0}],"is_beta":false,"boss_relics":[{"not_picked":["Eternal Feather","Black Blood"],"picked":"Tiny House"},{"not_picked":["Fusion Hammer","Empty Cage"],"picked":"Astrolabe"}],"items_purged_floors":[],"is_endless":false,"potions_floor_spawned":[4,11,16,18,30,31,36,42,46,48],"killed_by":"Donu and Deca","ascension_level":0}