{"gold_per_floor":[109,109,59,70,170,170,200,200,200,211,221,236,236,176,176,300,300,313,332,332,332,347,381,381,381,381,301,301,201,201,201,201,299,299,311,330,346,346,226,226,243,243,243,0,27,45,75,85,85,85],"floor_reached":51,"playtime":1489,"items_purged":["Strike_R","Strike_R","Defend_R","Defend_R"],"score":723,"play_id":"d726db71-14e6-4951-a0bb-3f0de48ee402","local_time":"20180827214443","is_ascension_mode":false,"campfire_choices":[{"data":"Headbutt","floor":6,"key":"SMITH"},{"data":"Shrug It Off","floor":8,"key":"SMITH"},{"data":"Flame Barrier","floor":15,"key":"SMITH"},{"data":"Demon Form","floor":24,"key":"SMITH"},{"data":"Burning Pact","floor":28,"key":"SMITH"},{"data":"Bash","floor":30,"key":"SMITH"},{"data":"Anger","floor":32,"key":"SMITH"},{"data":"Shrug It Off","floor":40,"key":"SMITH"},{"data":"Defend_R","floor":42,"key":"SMITH"},{"floor":49,"key":"REST"}],"neow_cost":"PERCENT_DAMAGE","seed_source_timestamp":1922635629610733,"circlet_count":0,"master_deck":["Defend_R+1","Bash+1","Body Slam+1","Headbutt+1","Shrug It Off+1","Shrug It Off+1","Flame Barrier+1","Demon Form+1","Anger+1","Body Slam+1","Burning Pact+1","Twin Strike+1","Disarm+1","Body Slam+1"],"relics":["Black Blood","Darkstone Periapt","The Courier","Bloody Idol","Cursed Key","MutagenicStrength","Unceasing Top","Red Mask","Torii","Vajra"],"potions_floor_usage":[7,16,33,33,37,50,50],"damage_taken":[{"damage":0,"enemies":"2 Louse","floor":1,"turns":4},{"damage":0,"enemies":"Small Slimes","floor":4,"turns":5},{"damage":6,"enemies":"Gremlin Nob","floor":7,"turns":4},{"damage":0,"enemies":"Cultist","floor":10,"turns":3},{"damage":0,"enemies":"Looter","floor":11,"turns":3},{"damage":7,"enemies":"Blue Slaver","floor":12,"turns":2},{"damage":25,"enemies":"Slime Boss","floor":16,"turns":8},{"damage":1,"enemies":"Shell Parasite","floor":18,"turns":5},{"damage":5,"enemies":"Chosen","floor":19,"turns":4},{"damage":16,"enemies":"Snake Plant","floor":22,"turns":2},{"damage":23,"enemies":"Book of Stabbing","floor":23,"turns":5},{"damage":41,"enemies":"Champ","floor":33,"turns":7},{"damage":0,"enemies":"Orb Walker","floor":35,"turns":3},{"damage":7,"enemies":"Flame Bruiser 1 Orb","floor":36,"turns":4},{"damage":20,"enemies":"Jaw Worm Horde","floor":37,"turns":4},{"damage":0,"enemies":"3 Darklings","floor":41,"turns":4},{"damage":13,"enemies":"Nemesis","floor":45,"turns":5},{"damage":17,"enemies":"Transient","floor":46,"turns":5},{"damage":41,"enemies":"2 Orb Walkers","floor":47,"turns":4},{"damage":32,"enemies":"Spire Growth","floor":48,"turns":3},{"damage":9,"enemies":"Awakened One","floor":50,"turns":11}],"seed_played":"5841613954076893521","potions_obtained":[{"floor":1,"key":"Block Potion"},{"floor":4,"key":"GamblersBrew"},{"floor":7,"key":"Explosive Potion"},{"floor":11,"key":"AttackPotion"},{"floor":16,"key":"BloodPotion"},{"floor":35,"key":"SteroidPotion"},{"floor":37,"key":"Weak Potion"},{"floor":45,"key":"Fire Potion"}],"is_trial":false,"path_per_floor":["M","?","?","M","?","R","E","R","T","M","M","M","?","$","R","B",null,"M","M","?","?","M","E","R","?","T","$","R","$","R","?","R","B",null,"M","M","M","?","$","R","M","R","T","?","E","M","E","M","R","B"],"character_chosen":"IRONCLAD","items_purchased":[],"campfire_rested":1,"item_purchase_floors":[],"current_hp_per_floor":[62,62,62,68,68,68,68,68,68,74,80,79,59,59,59,40,80,80,80,80,80,70,53,53,53,53,53,53,53,53,53,53,31,80,80,80,75,75,75,75,80,80,80,80,80,78,52,35,59,60],"gold":85,"neow_bonus":"REMOVE_TWO","is_prod":false,"is_daily":false,"chose_seed":false,"campfire_upgraded":9,"win_rate":0,"timestamp":1535420683,"path_taken":["M","?","?","M","?","R","E","R","T","?","M","M","?","$","R","BOSS","M","M","?","?","M","E","R","?","T","$","R","$","R","?","R","BOSS","M","M","?","?","$","R","M","R","T","?","E","?","E","M","R","BOSS"],"build_version":"2018-08-23v2","purchased_purges":4,"victory":true,"max_hp_per_floor":[80,80,80,80,80,80,80,80,80,80,80,80,80,80,80,80,80,80,80,80,80,80,80,80,80,80,80,80,80,80,80,80,80,80,80,80,80,80,80,80,80,80,80,80,80,80,80,80,80,80],"card_choices":[{"not_picked":["Fire Breathing","True Grit"],"picked":"Body Slam","floor":1},{"not_picked":["Dropkick","Feel No Pain"],"picked":"Headbutt","floor":4},{"not_picked":["Flex","Pummel"],"picked":"Shrug It Off","floor":7},{"not_picked":["Brutality","Havoc","Second Wind"],"picked":"SKIP","floor":10},{"not_picked":["Pommel Strike","Fire Breathing"],"picked":"Shrug It Off","floor":11},{"not_picked":["Wild Strike","Clash"],"picked":"Flame Barrier","floor":12},{"not_picked":["Offering","Exhume"],"picked":"Demon Form","floor":16},{"not_picked":["Perfected Strike","Clash"],"picked":"Anger","floor":18},{"not_picked":["Searing Blow+1","Shrug It Off","Second Wind"],"picked":"SKIP","floor":19},{"not_picked":["Intimidate+1","Headbutt"],"picked":"Body Slam+1","floor":22},{"not_picked":["Feed","Dual Wield"],"picked":"Burning Pact","floor":23},{"not_picked":["Corruption+1","Cleave+1","Shrug It Off"],"picked":"SKIP","floor":35},{"not_picked":["Shrug It Off+1","Armaments+1"],"picked":"Twin Strike+1","floor":36},{"not_picked":["Heavy Blade","Wild Strike+1","Clash+1"],"picked":"SKIP","floor":37},{"not_picked":["Clash+1","Warcry+1"],"picked":"Disarm+1","floor":41},{"not_picked":["Burning Pact+1","Sever Soul+1","Metallicize+1"],"picked":"SKIP","floor":45},{"not_picked":["Evolve+1","Clash+1","Bludgeon"],"picked":"SKIP","floor":46},{"not_picked":["Headbutt","Searing Blow+1"],"picked":"Body Slam+1","floor":47},{"not_picked":["Havoc","True Grit+1","Spot Weakness+1"],"picked":"SKIP","floor":48}],"player_experience":880556,"relics_obtained":[{"floor":7,"key":"Darkstone Periapt"},{"floor":9,"key":"The Courier"},{"floor":23,"key":"Unceasing Top"},{"floor":45,"key":"Torii"},{"floor":47,"key":"Vajra"}],"event_choices":[{"event_name":"Living Wall","player_choice":"Grow","floor":2,"damage_taken":0},{"event_name":"The Cleric","player_choice":"Card Removal","floor":3,"damage_taken":0},{"event_name":"Golden Shrine","player_choice":"Pray","floor":5,"damage_taken":0},{"event_name":"Golden Idol","player_choice":"Take Damage","floor":13,"damage_taken":0},{"event_name":"Drug Dealer","player_choice":"Inject Mutagens","floor":20,"damage_taken":0},{"event_name":"The Woman in Blue","player_choice":"Bought 0 Potions","floor":21,"damage_taken":0},{"event_name":"The Mausoleum","player_choice":"No","floor":25,"damage_taken":0},{"event_name":"Forgotten Altar","player_choice":"Gave Idol","floor":31,"damage_taken":0},{"event_name":"Falling","player_choice":"Removed Skill","floor":38,"damage_taken":0},{"event_name":"Tomb of Lord Red Mask","player_choice":"Paid","floor":44,"damage_taken":0}],"is_beta":true,"boss_relics":[{"not_picked":["Philosopher\u0027s Stone","Orrery"],"picked":"Cursed Key"},{"not_picked":["Velvet Choker","Runic Dome"],"picked":"Black Blood"}],"items_purged_floors":[14,27,29,39],"is_endless":false,"potions_floor_spawned":[1,4,7,11,16,18,19,23,35,37,45,47],"ascension_level":0}