{"path_per_floor":["M","?","$","M","?","E","R","E","T","?","?","T","M","M","R","B",null,"M","M","?","$"],"character_chosen":"IRONCLAD","items_purchased":["Spot Weakness","Cleave","Secret Technique"],"gold_per_floor":[113,113,24,39,39,74,74,100,100,100,100,100,116,129,129,225,225,239,256,256,79],"floor_reached":22,"campfire_rested":1,"playtime":1315,"current_hp_per_floor":[72,72,72,71,71,38,38,20,20,20,20,20,36,48,69,37,72,36,33,20,20],"items_purged":[],"gold":79,"score":192,"play_id":"0ea918ae-3b33-4eac-a8d9-615b9fe797b0","is_prod":false,"is_daily":false,"is_ascension_mode":false,"campfire_upgraded":1,"path_taken":["M","?","?","M","?","E","R","E","T","?","?","?","?","M","R","BOSS","M","M","?","$","M"],"build_version":"2018-02-12-PROD1","purchased_purges":0,"victory":false,"master_deck":["Strike_R","Strike_R","Strike_R","Strike_R","Strike_R","Defend_R","Defend_R","Defend_R","Defend_R","Bash","Reaper+1","Flex","Spot Weakness","Cleave","Rupture","Impervious","Shrug It Off","Dual Wield","Cleave","Juggernaut","Sword Boomerang","Rampage","Secret Technique"],"max_hp_per_floor":[72,72,72,72,72,72,72,72,72,72,72,72,72,72,72,72,72,72,72,77,77],"relics":["Black Blood","Meat on the Bone","Vajra","Shuriken","Bird Faced Urn"],"card_choices":[{"not_picked":["Juggernaut","Fiend Fire"],"picked":"Reaper"},{"not_picked":["Shrug It Off","Body Slam"],"picked":"Flex"},{"not_picked":["Thunderclap","Flex"],"picked":"Rupture"},{"not_picked":["Perfected Strike","Shockwave"],"picked":"Impervious"},{"not_picked":["Iron Wave","Dropkick"],"picked":"Shrug It Off"},{"not_picked":["Dropkick","Rampage"],"picked":"Dual Wield"},{"not_picked":["Clothesline","Burning Pact"],"picked":"Cleave"},{"not_picked":["Fiend Fire","Barricade"],"picked":"Juggernaut"},{"not_picked":["Seeing Red","Searing Blow"],"picked":"Sword Boomerang"},{"not_picked":["Warcry","Clash"],"picked":"Rampage"}],"player_experience":10012,"potions_floor_usage":[18,22,22],"damage_taken":[{"damage":13,"enemies":"2 Louse","floor":1,"turns":3},{"damage":7,"enemies":"Small Slimes","floor":4,"turns":3},{"damage":39,"enemies":"Gremlin Nob","floor":6,"turns":5},{"damage":36,"enemies":"Lagavulin","floor":8,"turns":6},{"damage":14,"enemies":"Blue Slaver","floor":13,"turns":4},{"damage":25,"enemies":"Large Slime","floor":14,"turns":6},{"damage":85,"enemies":"Hexaghost","floor":16,"turns":13},{"damage":64,"enemies":"Chosen","floor":18,"turns":9},{"damage":40,"enemies":"3 Byrds","floor":19,"turns":5},{"damage":30,"enemies":"Sentry and Sphere","floor":22,"turns":3}],"event_choices":[{"event_name":"The Cleric","player_choice":"Leave","floor":2,"damage_taken":0},{"event_name":"Liars Game","player_choice":"disagreed","floor":5,"damage_taken":0},{"event_name":"Shining Light","player_choice":"Ignored","floor":10,"damage_taken":0},{"event_name":"Golden Wing","player_choice":"Ignored","floor":11,"damage_taken":0},{"event_name":"Forgotten Altar","player_choice":"Shed Blood","floor":20,"damage_taken":0}],"boss_relics":[{"not_picked":["Ectoplasm","Philosopher\u0027s Stone"],"picked":"Black Blood"}],"potions_floor_spawned":[4,6,13,19],"seed_played":"-7926215639635934292","killed_by":"Sentry and Sphere","ascension_level":0,"is_trial":false}