{"gold_per_floor":[113,10,20,35,35,66,66,94,94,120,120,13,52,75,75,166,166,181,195,110,133,133,133,164,164,189,122,136,136,201,217,217,217],"floor_reached":33,"playtime":4566,"items_purged":[],"score":617,"play_id":"ed74666e-8ec1-4ec0-8a09-4c6e62cd731d","local_time":"20190908213020","is_ascension_mode":true,"campfire_choices":[{"floor":7,"key":"REST"},{"data":"Corruption","floor":15,"key":"SMITH"},{"data":"Whirlwind","floor":23,"key":"SMITH"},{"data":"Metallicize","floor":25,"key":"SMITH"},{"data":"Feel No Pain","floor":32,"key":"SMITH"}],"neow_cost":"PERCENT_DAMAGE","seed_source_timestamp":1454237114311626,"circlet_count":0,"master_deck":["AscendersBane","Strike_R","Strike_R","Strike_R","Strike_R+1","Strike_R+1","Defend_R","Defend_R","Defend_R","Defend_R","Bash","Corruption+1","Pommel Strike","Clothesline","Cleave","Metallicize+1","Exhume","Whirlwind+1","Seeing Red","Shrug It Off","Bandage Up","Feel No Pain+1","Shockwave","Offering","Iron Wave+1","Headbutt","Dropkick","Writhe","Flame Barrier","Infernal Blade","Ghostly Armor","Ghostly","Ghostly","Ghostly","Flame Barrier","Seeing Red"],"relics":["Burning Blood","Turnip","Bird Faced Urn","Bottled Tornado","Thread and Needle","Incense Burner","Golden Idol","Whetstone","Coffee Dripper","Matryoshka","Meat on the Bone","Dodecahedron","Vajra","Ancient Tea Set","Tiny Chest"],"potions_floor_usage":[6,10,18,33,33],"damage_taken":[{"damage":2,"enemies":"2 Louse","floor":1,"turns":4},{"damage":4,"enemies":"Small Slimes","floor":3,"turns":4},{"damage":4,"enemies":"Jaw Worm","floor":4,"turns":3},{"damage":39,"enemies":"Lagavulin","floor":6,"turns":8},{"damage":28,"enemies":"Gremlin Nob","floor":8,"turns":5},{"damage":7,"enemies":"3 Sentries","floor":10,"turns":5},{"damage":20,"enemies":"Lagavulin","floor":13,"turns":9},{"damage":9,"enemies":"3 Louse","floor":14,"turns":4},{"damage":34,"enemies":"The Guardian","floor":16,"turns":16},{"damage":6,"enemies":"Spheric Guardian","floor":18,"turns":6},{"damage":6,"enemies":"Shell Parasite","floor":19,"turns":4},{"damage":23,"enemies":"Snake Plant","floor":21,"turns":5},{"damage":16,"enemies":"Gremlin Leader","floor":24,"turns":8},{"damage":0,"enemies":"Centurion and Healer","floor":28,"turns":6},{"damage":6,"enemies":"Book of Stabbing","floor":30,"turns":6},{"damage":6,"enemies":"Snecko","floor":31,"turns":4},{"damage":61,"enemies":"Champ","floor":33,"turns":15}],"seed_played":"-4993474036253508604","potions_obtained":[{"floor":1,"key":"PowerPotion"},{"floor":3,"key":"Energy Potion"},{"floor":16,"key":"FearPotion"},{"floor":19,"key":"BloodPotion"},{"floor":24,"key":"Fire Potion"},{"floor":30,"key":"Poison Potion"}],"is_trial":false,"path_per_floor":["M","$","M","M","?","E","R","E","T","E","?","$","E","M","R","B",null,"M","M","?","M","?","R","E","R","T","$","M","?","E","M","R","B"],"character_chosen":"IRONCLAD","items_purchased":["Pommel Strike","Clothesline","Shrug It Off","Bandage Up","Infernal Blade"],"campfire_rested":1,"item_purchase_floors":[2,2,12,12,27],"current_hp_per_floor":[68,68,70,72,67,34,60,40,40,43,43,43,35,46,46,28,68,81,81,81,70,70,70,70,70,70,70,80,40,40,40,40,0],"gold":217,"neow_bonus":"TWENTY_PERCENT_HP_BONUS","is_prod":false,"is_daily":false,"chose_seed":false,"campfire_upgraded":4,"win_rate":0,"timestamp":1567992620,"path_taken":["M","$","M","M","?","E","R","E","T","E","?","$","E","M","R","BOSS","M","M","?","M","?","R","E","R","T","$","M","?","E","M","R","BOSS"],"build_version":"2019-07-17","purchased_purges":0,"victory":false,"max_hp_per_floor":[89,89,89,89,89,89,89,89,89,89,81,81,81,81,81,81,81,81,81,81,81,81,81,81,81,81,81,81,40,40,40,40,40],"card_choices":[{"not_picked":["Sentinel","Armaments"],"picked":"Corruption","floor":1},{"not_picked":["Perfected Strike","Twin Strike"],"picked":"Cleave","floor":3},{"not_picked":["Bloodletting","Spot Weakness"],"picked":"Metallicize","floor":4},{"not_picked":["Body Slam","True Grit"],"picked":"Exhume","floor":6},{"not_picked":["Battle Trance","Havoc"],"picked":"Whirlwind","floor":8},{"not_picked":["Cleave","Headbutt"],"picked":"Seeing Red","floor":10},{"not_picked":["Second Wind","Ghostly Armor"],"picked":"Feel No Pain","floor":13},{"not_picked":["Perfected Strike","Clash"],"picked":"Shockwave","floor":14},{"not_picked":["Limit Break","Barricade"],"picked":"Offering","floor":16},{"not_picked":["Intimidate","Headbutt"],"picked":"Iron Wave+1","floor":18},{"not_picked":["Sword Boomerang","Flex+1"],"picked":"Headbutt","floor":19},{"not_picked":["Anger","Twin Strike"],"picked":"Dropkick","floor":21},{"not_picked":["Cleave","Limit Break"],"picked":"Flame Barrier","floor":24},{"not_picked":["Wild Strike","Clothesline"],"picked":"Ghostly Armor","floor":28},{"not_picked":["Flex","Heavy Blade"],"picked":"Flame Barrier","floor":30},{"not_picked":["Cleave+1","Sword Boomerang"],"picked":"Seeing Red","floor":31}],"player_experience":565725,"relics_obtained":[{"floor":6,"key":"Bird Faced Urn"},{"floor":8,"key":"Bottled Tornado"},{"floor":9,"key":"Thread and Needle"},{"floor":10,"key":"Incense Burner"},{"floor":13,"key":"Whetstone"},{"floor":24,"key":"Dodecahedron"},{"floor":26,"key":"Vajra"},{"floor":26,"key":"Ancient Tea Set"},{"floor":30,"key":"Tiny Chest"}],"event_choices":[{"damage_healed":0,"gold_gain":0,"player_choice":"Success","damage_taken":5,"relics_obtained":["Turnip"],"max_hp_gain":0,"max_hp_loss":0,"event_name":"Scrap Ooze","floor":5,"gold_loss":0},{"damage_healed":0,"gold_gain":0,"player_choice":"Lose Max HP","damage_taken":0,"relics_obtained":["Golden Idol"],"max_hp_gain":0,"max_hp_loss":8,"event_name":"Golden Idol","floor":11,"gold_loss":0},{"damage_healed":0,"gold_gain":0,"player_choice":"Obtained Relic","damage_taken":0,"relics_obtained":["Matryoshka"],"max_hp_gain":0,"max_hp_loss":0,"event_name":"Addict","floor":20,"gold_loss":85},{"damage_healed":0,"gold_gain":0,"player_choice":"Opened","damage_taken":0,"relics_obtained":["Meat on the Bone"],"max_hp_gain":0,"max_hp_loss":0,"event_name":"The Mausoleum","floor":22,"gold_loss":0,"cards_obtained":["Writhe"]},{"damage_healed":0,"gold_gain":0,"player_choice":"Became a Ghost","damage_taken":0,"max_hp_gain":0,"max_hp_loss":41,"event_name":"Ghosts","floor":29,"gold_loss":0,"cards_obtained":["Ghostly","Ghostly","Ghostly"]}],"is_beta":false,"boss_relics":[{"not_picked":["White Beast Statue","Runic Dome"],"picked":"Coffee Dripper"}],"items_purged_floors":[],"is_endless":false,"potions_floor_spawned":[1,3,4,16,19,24,30],"killed_by":"Champ","ascension_level":15}