{"gold_per_floor":[119,119,119,137,148,148,148,148,225,242,242,254,254,254,254,254],"floor_reached":16,"playtime":273,"items_purged":[],"score":90,"play_id":"dc4190c3-2bfe-4960-839a-99b1cec9bb12","local_time":"20190224224341","is_ascension_mode":false,"campfire_choices":[{"data":"Life Link","floor":6,"key":"SMITH"},{"data":"strawberrySpire:CrashLanding","floor":8,"key":"SMITH"},{"data":"Barricade","floor":11,"key":"SMITH"},{"data":"Whirlwind","floor":15,"key":"SMITH"}],"neow_cost":"NONE","seed_source_timestamp":461673489925426,"circlet_count":0,"master_deck":["Strike_R","Strike_R","Defend_R","Defend_R","Defend_R","Defend_R","Bash","Life Link+1","ReplayTheSpireMod:Strike From Hell","strawberrySpire:CrashLanding+1","Barricade+1","Shrug It Off","Whirlwind+1","strawberrySpire:Conflagrate+1"],"relics":["Burning Blood","hubris:Towel","Frozen Egg 2"],"potions_floor_usage":[],"damage_taken":[{"damage":0,"enemies":"2 Louse","floor":1,"turns":4},{"damage":1,"enemies":"Cultist","floor":4,"turns":4},{"damage":6,"enemies":"Jaw Worm","floor":5,"turns":6},{"damage":6,"enemies":"Lots of Slimes","floor":10,"turns":3},{"damage":8,"enemies":"Large Slime","floor":12,"turns":7},{"damage":80,"enemies":"Hexaghost","floor":16,"turns":11}],"seed_played":"4846623565426790287","potions_obtained":[{"floor":12,"key":"Explosive Potion"}],"is_trial":false,"path_per_floor":["M","?","?","M","M","R","?","R","T","M","R","M","?","T","R","B"],"character_chosen":"IRONCLAD","items_purchased":[],"campfire_rested":0,"item_purchase_floors":[],"current_hp_per_floor":[80,80,80,80,80,80,80,80,80,80,80,78,78,78,78,0],"gold":254,"neow_bonus":"TRANSFORM_CARD","is_prod":false,"is_daily":false,"chose_seed":false,"campfire_upgraded":4,"win_rate":0,"timestamp":1551066221,"path_taken":["M","?","?","M","?","R","?","R","T","M","R","?","?","?","R","BOSS"],"build_version":"2019-01-23","purchased_purges":0,"victory":false,"max_hp_per_floor":[80,80,80,80,80,80,80,80,80,80,80,80,80,80,80,80],"card_choices":[{"not_picked":["Pommel Strike","Havoc"],"picked":"ReplayTheSpireMod:Strike From Hell","floor":1},{"not_picked":["Rupture","strawberrySpire:ZonePlayer","hubris:ReadiedAction"],"picked":"SKIP","floor":4},{"not_picked":["strawberrySpire:GettingOverIt","Flex"],"picked":"strawberrySpire:CrashLanding","floor":5},{"not_picked":["hubris:ReadiedAction","Wild Strike"],"picked":"Shrug It Off","floor":10},{"not_picked":["Replay:Undeath\u0027s Touch","Disarm"],"picked":"Whirlwind","floor":12}],"player_experience":725414,"relics_obtained":[{"floor":9,"key":"Frozen Egg 2"}],"event_choices":[{"damage_healed":0,"gold_gain":0,"cards_transformed":["Strike_R"],"player_choice":"Transformed","damage_taken":0,"max_hp_gain":0,"max_hp_loss":0,"event_name":"Transmorgrifier","floor":7,"gold_loss":0,"cards_obtained":["Barricade"]}],"is_beta":false,"boss_relics":[],"items_purged_floors":[],"is_endless":false,"potions_floor_spawned":[12],"killed_by":"Hexaghost","ascension_level":0}