{"gold_per_floor":[115,4,4,4,20,20,20,20,69,69,69,89,99,116,116,220,220,235,235,221,267,267,299,316,316,363,381,414,431,71,81,81,176,176,190,37,53,73,295,295,325,325,406,434,446,40,57,72,72,72],"floor_reached":51,"playtime":3315,"items_purged":["Strike_B","Strike_B"],"score":894,"play_id":"27c01b56-d15a-421a-a7bb-9fa21be3f580","local_time":"20190121203643","is_ascension_mode":false,"campfire_choices":[{"data":"Defragment","floor":6,"key":"SMITH"},{"data":"BasicCrystalCard","floor":8,"key":"SMITH"},{"data":"Zap","floor":11,"key":"SMITH"},{"floor":25,"key":"REST"},{"floor":32,"key":"REST"},{"floor":40,"key":"REST"},{"floor":49,"key":"REST"}],"neow_cost":"NONE","seed_source_timestamp":2154451214169550,"circlet_count":0,"master_deck":["Strike_B","Strike_B","Defend_B","Defend_B","Defend_B","Zap+1","Dualcast","Echo Form","Defragment+1","Steam","Delirium","BasicCrystalCard+1","Mirror Shield","Glacier","Electrodynamics","Crystallizer","Pot Of Greed","Pot Of Greed","Crow Ritual","Crow Ritual","Mirror Shield","Rebound","Coolheaded+1","Coolheaded","Pot Of Greed","Double Energy","Stack","hubris:PowerSurge+1","Parasite","Stack","Hologram"],"special_seed":0,"relics":["infinitespire:DarkRift","Ancient Bracer","infinitespire:Cubic Diamond","Ring of Peace","ReplayTheSpireMod:Ring of Addiction","Chameleon Ring","Potion Belt","Bag of Preparation","hubris:OldNail","Black Star","Blue Doll","Shovel","hubris:BundleOfHerbs","Grinning Jar","Red Mask","Regal Pillow","Honey Jar","Ancient Tea Set","hubris:64BitClover","Replay:WaspNest","hubris:Towel","Ornamental Fan","Geode","Happy Flower","Calipers","infinitespire:Beetle Shell"],"potions_floor_usage":[5,13,18,20,20,24,28,28,28,47,50,50,50],"damage_taken":[{"damage":7.0,"enemies":"2 Louse","floor":1.0,"turns":3.0},{"damage":0,"enemies":"Cultist","floor":5,"turns":4},{"damage":0,"enemies":"Small Slimes","floor":12,"turns":5},{"damage":8,"enemies":"Exordium Wildlife","floor":13,"turns":4},{"damage":0,"enemies":"Looter","floor":14,"turns":4},{"damage":0,"enemies":"The Guardian","floor":16,"turns":10},{"damage":0,"enemies":"Shell Parasite","floor":18,"turns":8},{"damage":0,"enemies":"2 Thieves","floor":20,"turns":4},{"damage":0,"enemies":"Replay:Snechameleon","floor":23,"turns":9},{"damage":34,"enemies":"Sentry and Sphere","floor":24,"turns":6},{"damage":4,"enemies":"Centurion and Healer","floor":27,"turns":6},{"damage":8,"enemies":"Masked Bandits","floor":28,"turns":4},{"damage":5,"enemies":"Snake Plant","floor":29,"turns":5},{"damage":3,"enemies":"Cultist and Chosen","floor":31,"turns":6},{"damage":36,"enemies":"hubris:MusketHawk","floor":33,"turns":11},{"damage":24,"enemies":"3 Darklings","floor":35,"turns":4},{"damage":2,"enemies":"Orb Walker","floor":37,"turns":6},{"damage":0,"enemies":"Spire Growth","floor":38,"turns":7},{"damage":12,"enemies":"R_Hoarder","floor":41,"turns":8},{"damage":41,"enemies":"Nightmare","floor":44,"turns":7},{"damage":0,"enemies":"4 Shapes","floor":45,"turns":4},{"damage":0,"enemies":"Writhing Mass","floor":47,"turns":8},{"damage":0,"enemies":"3 Darklings","floor":48,"turns":4},{"damage":0,"enemies":"hubris:GrandSnecko","floor":50,"turns":8}],"seed_played":"-1131632063501945379","potions_obtained":[{"floor":1,"key":"AttackPotion"},{"floor":4,"key":"Dexterity Potion"},{"floor":4,"key":"AttackPotion"},{"floor":4,"key":"GamblersBrew"},{"floor":13,"key":"LifebloodPotion"},{"floor":14,"key":"Dexterity Potion"},{"floor":16,"key":"Toxic Potion"},{"floor":18,"key":"Fire Potion"},{"floor":20,"key":"EssenceOfSteel"},{"floor":23,"key":"Flashbang"},{"floor":28,"key":"Cursed Concoction"},{"floor":31,"key":"GamblersBrew"},{"floor":35,"key":"SkillPotion"},{"floor":38,"key":"Reflective Coating"},{"floor":41,"key":"SpeedPotion"},{"floor":45,"key":"Milkshake"},{"floor":48,"key":"SkillPotion"}],"is_trial":false,"path_per_floor":["M","$","?","?","M","R","?","R","T","$","R","M","M","M","R","B",null,"M","?","M","T","?","E","M","R","T","M","?","M","$","M","R","B",null,"M","$","M","M","?","R","E","?","T","NM","M","$","M","M","R","B",null],"character_chosen":"DEFECT","items_purchased":["Steam","Ancient Bracer","Crow Ritual","Regal Pillow","Ancient Tea Set","Calipers"],"campfire_rested":4,"item_purchase_floors":[2,2,30,30,36,46],"current_hp_per_floor":[68,68,68,68,68,68,68,68,68,68,68,68,60,60,60,60,69,69,69,69,69,57,57,25,46,46,42,34,29,29,26,61,25,68,42,42,40,40,40,64,57,57,57,16,16,16,16,16,48,58],"gold":72,"neow_bonus":"ONE_RANDOM_RARE_CARD","is_prod":false,"is_daily":false,"chose_seed":false,"campfire_upgraded":3,"win_rate":0,"timestamp":1548121003,"path_taken":["M","$","?","?","?","R","?","R","T","$","R","M","M","M","R","BOSS","M","?","M","?","?","E","M","R","T","M","?","M","$","M","R","BOSS","M","$","M","M","?","R","E","?","T","NM","M","$","M","M","R","BOSS"],"build_version":"2019-01-17v2","purchased_purges":2,"victory":true,"max_hp_per_floor":[75,75,75,75,75,75,75,75,73,73,73,71,71,71,71,71,69,69,69,69,69,74,74,72,72,72,72,70,70,70,70,68,68,68,66,66,66,64,64,64,62,62,62,60,60,60,58,58,58,58],"card_choices":[{"not_picked":["Conserve Battery","Leap"],"picked":"Defragment","floor":1},{"not_picked":["Defragment","Hologram"],"picked":"BasicCrystalCard","floor":5},{"not_picked":["Steam","Undo","Go for the Eyes"],"picked":"SKIP","floor":12},{"not_picked":["Ball Lightning","BasicCrystalCard"],"picked":"Mirror Shield","floor":13},{"not_picked":["Leap","Coolheaded"],"picked":"Glacier","floor":14},{"not_picked":["Stack","Coolheaded+1","Conserve Battery+1"],"picked":"SKIP","floor":18},{"not_picked":["Reprogram","Undo+1","BasicCrystalCard"],"picked":"SKIP","floor":20},{"not_picked":["BootSequence","Go for the Eyes"],"picked":"Electrodynamics","floor":23},{"not_picked":["Coolheaded","Hologram"],"picked":"Crystallizer","floor":24},{"not_picked":["Hologram","Rebound+1","Gash"],"picked":"SKIP","floor":27},{"not_picked":["FTL","Stack+1","Conserve Battery"],"picked":"SKIP","floor":29},{"not_picked":["Panic Button","Compile Driver","Multi-Cast"],"picked":"SKIP","floor":31},{"not_picked":["hubris:Prefetch","hubris:SpecializedCircuitry"],"picked":"Mirror Shield","floor":33},{"not_picked":["Panic Button","Compile Driver","Leap"],"picked":"Rebound","floor":35},{"not_picked":["Capacitor","Loop","Sweeping Beam"],"picked":"Coolheaded+1","floor":37},{"not_picked":["Loop","Double Energy","Undo"],"picked":"Coolheaded","floor":38},{"not_picked":["Streamline+1","Stack+1","Leap"],"picked":"Double Energy","floor":41},{"not_picked":["Leap","BasicCrystalCard+1","Go for the Eyes+1"],"picked":"Stack","floor":44},{"not_picked":["Ball Lightning+1","Meteor Strike","BootSequence"],"picked":"hubris:PowerSurge+1","floor":45},{"not_picked":["ReplaySolidLightProjector","Time Bomb+1","ReplayTheSpireMod:Calculation Training"],"picked":"Stack","floor":47},{"not_picked":["Double Energy+1","ReplayGash+1","Fusion"],"picked":"Hologram","floor":48}],"player_experience":595205,"relics_obtained":[{"floor":4,"key":"Ring of Peace"},{"floor":4,"key":"ReplayTheSpireMod:Ring of Addiction"},{"floor":4,"key":"Chameleon Ring"},{"floor":4,"key":"Potion Belt"},{"floor":7,"key":"Bag of Preparation"},{"floor":9,"key":"hubris:OldNail"},{"floor":21,"key":"Blue Doll"},{"floor":23,"key":"Shovel"},{"floor":23,"key":"hubris:BundleOfHerbs"},{"floor":26,"key":"Grinning Jar"},{"floor":28,"key":"Red Mask"},{"floor":41,"key":"hubris:64BitClover"},{"floor":41,"key":"Replay:WaspNest"},{"floor":43,"key":"Ornamental Fan"},{"floor":44,"key":"Geode"},{"floor":44,"key":"Happy Flower"}],"event_choices":[{"damage_healed":0,"gold_gain":0,"player_choice":"Ignored","damage_taken":0,"max_hp_gain":0,"max_hp_loss":0,"event_name":"Cursed Tome","floor":19,"gold_loss":0},{"damage_healed":0,"gold_gain":0,"player_choice":"Shed Blood","damage_taken":17,"max_hp_gain":5,"max_hp_loss":0,"event_name":"Forgotten Altar","floor":22,"gold_loss":0},{"damage_healed":0,"gold_gain":0,"player_choice":"Fought Bandits","damage_taken":0,"max_hp_gain":0,"max_hp_loss":0,"event_name":"Masked Bandits","floor":28,"gold_loss":0},{"damage_healed":0,"gold_gain":222,"player_choice":"Wore Mask","damage_taken":0,"max_hp_gain":0,"max_hp_loss":0,"event_name":"Tomb of Lord Red Mask","floor":39,"gold_loss":0}],"is_beta":false,"boss_relics":[{"not_picked":["hubris:Stopwatch","hubris:HollowSoul"],"picked":"Black Star"},{"not_picked":["Astrolabe","Empty Cage"],"picked":"Honey Jar"}],"items_purged_floors":[30,46],"is_endless":false,"potions_floor_spawned":[1,13,14,16,18,20,23,28,31,35,38,41,45,48],"ascension_level":0}