{"gold_per_floor":[366,23,23,23,38,38,70,87,136,136],"floor_reached":10,"playtime":499,"items_purged":["Shame"],"score":132,"play_id":"b309fe01-5d55-4a6a-9c1f-a0c88245de5c","local_time":"20190827102100","is_ascension_mode":true,"campfire_choices":[{"data":"Loop","floor":6,"key":"SMITH"}],"neow_cost":"CURSE","seed_source_timestamp":333433981828548,"circlet_count":0,"master_deck":["AscendersBane","Strike_B","Strike_B","Strike_B","Defend_B","Defend_B","Defend_B","Defend_B","Zap","Dualcast","Sweeping Beam","Loop+1","Sunder","Cold Snap","Fission"],"relics":["Cracked Core","Oddly Smooth Stone","Potion Belt","Bottled Tornado","Happy Flower"],"potions_floor_usage":[5,8],"damage_taken":[{"damage":0,"enemies":"2 Louse","floor":1,"turns":2},{"damage":17,"enemies":"Cultist","floor":5,"turns":4},{"damage":32,"enemies":"Gremlin Nob","floor":7,"turns":4},{"damage":10,"enemies":"Jaw Worm","floor":8,"turns":3},{"damage":7,"enemies":"Exordium Wildlife","floor":10,"turns":3}],"seed_played":"-6077666744870903705","potions_obtained":[{"floor":5,"key":"Fruit Juice"},{"floor":7,"key":"SkillPotion"}],"is_trial":false,"path_per_floor":["M","$","?","?","M","R","E","M","T","M"],"character_chosen":"DEFECT","items_purchased":["Oddly Smooth Stone","Sweeping Beam","Loop"],"campfire_rested":0,"item_purchase_floors":[2,2,2],"current_hp_per_floor":[64,64,59,59,47,47,15,5,5,0],"gold":136,"neow_bonus":"TWO_FIFTY_GOLD","is_prod":false,"is_daily":false,"chose_seed":false,"campfire_upgraded":1,"win_rate":0,"timestamp":1566926460,"path_taken":["M","$","?","?","?","R","E","M","T","M"],"build_version":"2019-07-17","purchased_purges":1,"victory":false,"max_hp_per_floor":[71,71,71,71,76,76,76,76,76,76],"card_choices":[{"not_picked":["Streamline","Barrage","Force Field"],"picked":"SKIP","floor":1},{"not_picked":["Storm","Stack"],"picked":"Sunder","floor":5},{"not_picked":["Storm","Stack"],"picked":"Cold Snap","floor":7},{"not_picked":["Stack","Hello World"],"picked":"Fission","floor":8}],"player_experience":784403,"relics_obtained":[{"floor":7,"key":"Bottled Tornado"},{"floor":9,"key":"Happy Flower"}],"event_choices":[{"damage_healed":0,"gold_gain":0,"player_choice":"Success","damage_taken":5,"relics_obtained":["Potion Belt"],"max_hp_gain":0,"max_hp_loss":0,"event_name":"Scrap Ooze","floor":3,"gold_loss":0},{"cards_removed":["Strike_B"],"damage_healed":0,"gold_gain":0,"player_choice":"Offered Basic","damage_taken":0,"max_hp_gain":0,"max_hp_loss":0,"event_name":"Bonfire Elementals","floor":4,"gold_loss":0}],"is_beta":false,"boss_relics":[],"items_purged_floors":[2],"is_endless":false,"potions_floor_spawned":[5,7],"killed_by":"Exordium Wildlife","ascension_level":20}