{"gold_per_floor":[114,127,127,137,149,149,184,184,184,194,194,204,222,236,236,333,333,351,450,420,438,438],"floor_reached":22,"playtime":1135,"items_purged":[],"score":190,"play_id":"85ffa709-2642-4641-b4b4-779708107236","local_time":"20190913204703","is_ascension_mode":false,"campfire_choices":[{"data":"Armaments","floor":6,"key":"SMITH"},{"data":"Berserk","floor":8,"key":"SMITH"},{"floor":11,"key":"REST"},{"data":"Shrug It Off","floor":15,"key":"SMITH"}],"neow_cost":"NONE","seed_source_timestamp":2391638264665900,"circlet_count":0,"master_deck":["Strike_R","Strike_R","Strike_R","Strike_R","Strike_R","Defend_R","Defend_R","Defend_R","Defend_R","Bash","Wild Strike","Armaments+1","Shrug It Off+1","Reckless Charge","Berserk+1","Flame Barrier","Reaper","Body Slam"],"relics":["Burning Blood"],"potions_floor_usage":[7,16,16],"damage_taken":[{"damage":2,"enemies":"2 Louse","floor":1,"turns":3},{"damage":10,"enemies":"Jaw Worm","floor":2,"turns":5},{"damage":0,"enemies":"Small Slimes","floor":4,"turns":4},{"damage":3,"enemies":"Exordium Thugs","floor":5,"turns":5},{"damage":32,"enemies":"Gremlin Nob","floor":7,"turns":5},{"damage":16,"enemies":"Gremlin Gang","floor":10,"turns":9},{"damage":0,"enemies":"Blue Slaver","floor":12,"turns":4},{"damage":7,"enemies":"Exordium Thugs","floor":13,"turns":5},{"damage":3,"enemies":"Red Slaver","floor":14,"turns":5},{"damage":78,"enemies":"Hexaghost","floor":16,"turns":13},{"damage":71,"enemies":"3 Byrds","floor":18,"turns":7},{"damage":41,"enemies":"Shell Parasite","floor":21,"turns":8},{"damage":35,"enemies":"Centurion and Healer","floor":22,"turns":4}],"seed_played":"-6504957833893694319","potions_obtained":[{"floor":2,"key":"FairyPotion"},{"floor":4,"key":"Ancient Potion"},{"floor":5,"key":"PowerPotion"},{"floor":13,"key":"Energy Potion"},{"floor":20,"key":"FairyPotion"},{"floor":20,"key":"Ancient Potion"}],"is_trial":false,"path_per_floor":["M","M","?","M","M","R","E","R","T","M","R","M","M","M","R","B",null,"M","?","?","M","M"],"character_chosen":"IRONCLAD","items_purchased":[],"campfire_rested":1,"item_purchase_floors":[],"current_hp_per_floor":[88,84,84,88,88,88,62,62,62,52,78,84,83,86,86,14,88,25,25,25,7,0],"gold":438,"neow_bonus":"TEN_PERCENT_HP_BONUS","is_prod":false,"is_daily":false,"chose_seed":false,"campfire_upgraded":3,"win_rate":0,"timestamp":1568422023,"path_taken":["M","M","?","M","M","R","E","R","T","M","R","M","M","M","R","BOSS","M","?","?","M","?"],"build_version":"2019-07-17","purchased_purges":0,"victory":false,"max_hp_per_floor":[88,88,88,88,88,88,88,88,88,88,88,88,88,88,88,88,88,88,88,88,88,88],"card_choices":[{"not_picked":["Warcry","Anger"],"picked":"Wild Strike","floor":1},{"not_picked":["Heavy Blade","Twin Strike"],"picked":"Armaments","floor":2},{"not_picked":["Sword Boomerang","Flex"],"picked":"Shrug It Off","floor":4},{"not_picked":["Feel No Pain","Iron Wave"],"picked":"Reckless Charge","floor":5},{"not_picked":["Sword Boomerang","Twin Strike"],"picked":"Berserk","floor":7},{"not_picked":["Clothesline","Warcry","Havoc"],"picked":"SKIP","floor":10},{"not_picked":["Warcry","Armaments","Pommel Strike"],"picked":"SKIP","floor":12},{"not_picked":["Armaments","True Grit"],"picked":"Flame Barrier","floor":13},{"not_picked":["Bloodletting","Feel No Pain","Intimidate"],"picked":"SKIP","floor":14},{"not_picked":["Dark Embrace","Brutality"],"picked":"Reaper","floor":16},{"not_picked":["Sword Boomerang+1","Headbutt","Reckless Charge"],"picked":"SKIP","floor":18},{"not_picked":["Wild Strike","Pommel Strike"],"picked":"Body Slam","floor":21}],"player_experience":410945,"relics_obtained":[],"event_choices":[{"damage_healed":0,"gold_gain":0,"player_choice":"Fled","damage_taken":0,"max_hp_gain":0,"max_hp_loss":0,"event_name":"Scrap Ooze","floor":3,"gold_loss":0},{"damage_healed":0,"gold_gain":99,"player_choice":"Stole From Cult","damage_taken":0,"max_hp_gain":0,"max_hp_loss":0,"event_name":"Nest","floor":19,"gold_loss":0},{"damage_healed":0,"gold_gain":0,"player_choice":"Bought 2 Potions","damage_taken":0,"max_hp_gain":0,"max_hp_loss":0,"event_name":"The Woman in Blue","floor":20,"gold_loss":0}],"is_beta":false,"boss_relics":[{"not_picked":["Calling Bell","Philosopher\u0027s Stone","Empty Cage"]}],"items_purged_floors":[],"is_endless":false,"potions_floor_spawned":[2,4,5,13],"killed_by":"Centurion and Healer","ascension_level":0}