{"path_per_floor":["M","$","?","M","?","E","M","R","T","?","R","M","M","E","R","B",null,"M","M","M","$","?","R","$","R","T","R","M","?","?","M","R","B",null,"M","$","?","M","M","R","$","$","T","R","?","R","M","M","R","B"],"character_chosen":"IRONCLAD","items_purchased":["Flex","Bottled Tornado","Flex","Rage"],"gold_per_floor":[112,11,86,102,52,77,97,97,120,176,176,190,204,234,234,330,330,349,367,382,134,59,59,6,6,6,6,19,19,19,32,32,128,158,176,76,76,90,102,102,102,34,89,89,0,0,17,32,32,32],"floor_reached":51,"campfire_rested":3,"playtime":1191,"current_hp_per_floor":[72,72,61,61,61,53,59,59,59,59,59,57,63,57,72,46,72,72,64,60,60,60,60,60,60,60,60,58,58,42,48,69,45,77,77,77,77,77,59,59,59,59,59,59,59,59,47,53,76,35],"items_purged":["Defend_R","Twin Strike"],"gold":32,"score":655,"play_id":"a32b3cf2-996a-4a11-8f3b-a777b34e0c8d","local_time":"20180408121554","is_prod":false,"is_daily":false,"is_ascension_mode":false,"campfire_upgraded":8,"timestamp":1523204154,"path_taken":["M","$","?","M","?","E","?","R","T","?","R","M","M","E","R","BOSS","M","M","M","$","?","R","$","R","T","R","M","?","?","M","R","BOSS","M","$","?","?","M","R","?","$","T","R","?","R","M","M","R","BOSS"],"build_version":"2018-04-05v2","purchased_purges":2,"victory":true,"master_deck":["Shockwave+1","Corruption+1","Anger+1","Flex+1","Flame Barrier+1","Flame Barrier","Clash","Demon Form+1","Sword Boomerang","Clash","Ghostly Armor","Whirlwind+1","Flex+1","Flex","Necronomicurse","Reaper","Dropkick+1","Seeing Red+1","Rage+1","Shrug It Off+1"],"max_hp_per_floor":[72,72,72,72,72,72,72,72,72,72,72,72,72,72,72,72,72,72,72,72,72,72,72,72,72,72,72,72,72,72,72,72,72,77,77,77,77,77,77,77,77,77,77,77,77,77,77,77,77,77],"relics":["Burning Blood","Bronze Scales","Lantern","Anchor","Letter Opener","Pandora\u0027s Box","Bottled Tornado","Ginger","Necronomicon","Tiny House","Tiny Chest","Red Mask"],"card_choices":[{"not_picked":["Feel No Pain","Heavy Blade"],"picked":"Anger","floor":1},{"not_picked":["Inflame","Shockwave"],"picked":"Flame Barrier","floor":4},{"not_picked":["Infernal Blade","Havoc"],"picked":"Flame Barrier","floor":7},{"not_picked":["True Grit","Iron Wave"],"picked":"Clash","floor":13},{"not_picked":["Immolate","Berserk"],"picked":"Demon Form","floor":16},{"not_picked":["Berserk","Rupture"],"picked":"Whirlwind","floor":20},{"not_picked":["Cleave","Thunderclap"],"picked":"Flex","floor":28},{"not_picked":["Berserk","Fiend Fire"],"picked":"Reaper","floor":33},{"not_picked":["Perfected Strike","Clothesline"],"picked":"Dropkick","floor":34},{"not_picked":["Headbutt","Fire Breathing"],"picked":"Seeing Red","floor":39},{"not_picked":["Sword Boomerang","Iron Wave"],"picked":"Shrug It Off","floor":47}],"player_experience":328653,"potions_floor_usage":[50,50],"damage_taken":[{"damage":3,"enemies":"Small Slimes","floor":1,"turns":4},{"damage":6,"enemies":"2 Louse","floor":4,"turns":2},{"damage":14,"enemies":"Lagavulin","floor":6,"turns":5},{"damage":0,"enemies":"Cultist","floor":7,"turns":3},{"damage":6,"enemies":"Gremlin Nob","floor":10,"turns":4},{"damage":8,"enemies":"3 Louse","floor":12,"turns":2},{"damage":0,"enemies":"2 Fungi Beasts","floor":13,"turns":2},{"damage":12,"enemies":"3 Sentries","floor":14,"turns":6},{"damage":32,"enemies":"Hexaghost","floor":16,"turns":6},{"damage":0,"enemies":"Chosen","floor":18,"turns":3},{"damage":14,"enemies":"2 Thieves","floor":19,"turns":3},{"damage":10,"enemies":"Centurion and Healer","floor":20,"turns":4},{"damage":8,"enemies":"3 Cultists","floor":28,"turns":3},{"damage":0,"enemies":"Snake Plant","floor":31,"turns":1},{"damage":30,"enemies":"Collector","floor":33,"turns":6},{"damage":5,"enemies":"Orb Walker","floor":35,"turns":2},{"damage":0,"enemies":"3 Darklings","floor":38,"turns":1},{"damage":24,"enemies":"4 Shapes","floor":39,"turns":2},{"damage":18,"enemies":"Maw","floor":47,"turns":4},{"damage":0,"enemies":"3 Darklings","floor":48,"turns":1},{"damage":47,"enemies":"Time Eater","floor":50,"turns":9}],"event_choices":[{"event_name":"World of Goop","player_choice":"Gather Gold","floor":3,"damage_taken":0},{"event_name":"The Cleric","player_choice":"Card Removal","floor":5,"damage_taken":0},{"event_name":"Dead Adventurer","player_choice":"Searched \u00272\u0027 times","floor":10,"damage_taken":0},{"event_name":"Beggar","player_choice":"Gave Gold","floor":22,"damage_taken":0},{"event_name":"Back to Basics","player_choice":"Elegance","floor":29,"damage_taken":0},{"event_name":"Cursed Tome","player_choice":"Obtained Book","floor":30,"damage_taken":0},{"event_name":"The Lab","player_choice":"Got Potions","floor":37,"damage_taken":0},{"event_name":"Tomb of Lord Red Mask","player_choice":"Paid","floor":45,"damage_taken":0}],"boss_relics":[{"not_picked":["Runic Cube","White Beast Statue"],"picked":"Pandora\u0027s Box"},{"not_picked":["Mark of Pain","Snecko Eye"],"picked":"Tiny House"}],"potions_floor_spawned":[1,12,14,16,19,28,33,38,39,47,48],"seed_played":"-675349152125081819","ascension_level":0,"is_trial":false}