{"gold_per_floor":[114,114,64,64,64,90,106,133,133,150,150,74,74,74,74,169,169,179,179,199,199,124,124,155,166,166,166,198,198,215,232,232,334,334,347,200,212,312,312,312,348,379,379,398,398,410,424,125,125,125],"floor_reached":51,"playtime":1366,"items_purged":["Strike_R","Defend_R","Defend_R"],"score":989,"play_id":"743e99ef-e098-4ffc-9b3a-3d3bffbd28d4","local_time":"20190426015057","is_ascension_mode":true,"campfire_choices":[{"floor":11,"key":"REST"},{"data":"strawberrySpire:JustAWound","floor":13,"key":"SMITH"},{"data":"Shockwave","floor":15,"key":"SMITH"},{"data":"Demon Form","floor":23,"key":"SMITH"},{"data":"Inflame","floor":29,"key":"SMITH"},{"data":"Replay:Undeath\u0027s Touch","floor":32,"key":"SMITH"},{"data":"infinitespire:NeuralNetwork","floor":40,"key":"SMITH"},{"data":"Bludgeon","floor":45,"key":"SMITH"},{"data":"Uppercut","floor":49,"key":"SMITH"}],"neow_cost":"BASIC_CARDS","seed_source_timestamp":288347313114438,"circlet_count":0,"master_deck":["Strike_R","Strike_R","Strike_R","Strike_R","Defend_R","Defend_R","Bash","Strike_R","Shockwave+1","strawberrySpire:CrashLanding","Replay:Undeath\u0027s Touch+1","strawberrySpire:JustAWound+1","Inflame+1","Demon Form+1","Perfected Strike+1","Replay:Undeath\u0027s Touch+1","Invigoration","Uppercut+1","Clothesline","hubris:StunningStrike","infinitespire:NeuralNetwork+1","Demon Form+1","Bludgeon+1","ReplayTheSpireMod:Limb From Limb+1","ReplayReversal+1"],"relics":["Burning Blood","Incense Burner","hubris:FruitBowl","Rawhide","Orichalcum","Ornamental Fan","strawberrySpire:JuiceKeg","MutagenicStrength","Torii","Paper Frog","aspiration:StickyExplosives_weak","ChewingGum","ReplayFunnel","Nunchaku","Gremlin Food","King of Hearts","Vajra","Centennial Puzzle"],"potions_floor_usage":[],"damage_taken":[{"damage":1,"enemies":"Cultist","floor":1,"turns":3},{"damage":25,"enemies":"Gremlin Nob","floor":6,"turns":5},{"damage":10,"enemies":"Jaw Worm","floor":7,"turns":2},{"damage":15,"enemies":"3 Sentries","floor":8,"turns":9},{"damage":3,"enemies":"Small Slimes","floor":10,"turns":2},{"damage":22,"enemies":"Hexaghost","floor":16,"turns":14},{"damage":10,"enemies":"Shell Parasite","floor":18,"turns":4},{"damage":0,"enemies":"Chosen","floor":20,"turns":4},{"damage":42,"enemies":"strawberrySpire:AncientClocktower","floor":24,"turns":7},{"damage":2,"enemies":"Centurion and Healer","floor":25,"turns":4},{"damage":3,"enemies":"Gremlin Leader","floor":28,"turns":6},{"damage":1,"enemies":"Chosen and Byrds","floor":30,"turns":3},{"damage":1,"enemies":"3 Cultists","floor":31,"turns":4},{"damage":33,"enemies":"conspire:MysteriousRune","floor":33,"turns":6},{"damage":0,"enemies":"Orb Walker","floor":35,"turns":1},{"damage":1,"enemies":"3 Darklings","floor":37,"turns":6},{"damage":23,"enemies":"infinitespire:Three Voidlings","floor":38,"turns":3},{"damage":3,"enemies":"Nightmare_Alpha","floor":38,"turns":8},{"damage":10,"enemies":"conspire:MimicChest","floor":41,"turns":5},{"damage":1,"enemies":"R_Hoarder","floor":42,"turns":7},{"damage":0,"enemies":"Spire Growth","floor":44,"turns":3},{"damage":0,"enemies":"Transient","floor":46,"turns":5},{"damage":6,"enemies":"4 Shapes","floor":47,"turns":3},{"damage":58,"enemies":"conspire:OrnateMirror","floor":50,"turns":5}],"seed_played":"-5456894120291823355","potions_obtained":[{"floor":6,"key":"EssenceOfSteel"},{"floor":8,"key":"Explosive Potion"},{"floor":10,"key":"SkillPotion"},{"floor":28,"key":"Fire Potion"},{"floor":44,"key":"Fire Potion"}],"is_trial":false,"path_per_floor":["M","?","?","$","$","E","M","E","T","M","R","$","R","?","R","B",null,"M","?","M","?","$","R","E","M","T","$","E","R","M","M","R","B",null,"M","$","M","?","?","R","?","E","T","M","R","M","M","$","R","B",null],"character_chosen":"IRONCLAD","items_purchased":["hubris:FruitBowl","Inflame","ReplayFunnel","Vajra","Centennial Puzzle"],"campfire_rested":1,"item_purchase_floors":[4,12,36,48,48],"current_hp_per_floor":[77,77,77,46,46,27,23,14,14,17,41,41,41,49,49,33,68,64,64,70,70,70,70,34,38,38,38,41,41,46,51,51,24,66,72,72,77,68,58,58,54,59,59,65,65,71,71,71,71,19],"gold":125,"neow_bonus":"ONE_RARE_RELIC","is_prod":false,"is_daily":false,"chose_seed":false,"campfire_upgraded":8,"win_rate":0,"timestamp":1556257857,"path_taken":["M","?","?","?","$","E","M","E","T","?","R","$","R","?","R","BOSS","M","?","M","?","$","R","E","M","T","?","E","R","M","M","R","BOSS","M","$","M","?","?","R","?","E","T","M","R","?","M","$","R","BOSS"],"build_version":"2019-01-23","purchased_purges":3,"victory":true,"max_hp_per_floor":[80,80,80,80,80,80,80,80,80,80,80,80,80,80,80,80,80,80,80,80,80,80,80,80,80,80,80,80,80,80,80,80,80,80,80,80,80,80,80,80,80,80,80,80,80,80,80,80,80,80],"card_choices":[{"not_picked":["strawberrySpire:Endurance","Pommel Strike"],"picked":"Shockwave","floor":1},{"not_picked":["Metallicize","Flex"],"picked":"strawberrySpire:CrashLanding","floor":6},{"not_picked":["Thunderclap","Invigoration"],"picked":"Replay:Undeath\u0027s Touch","floor":7},{"not_picked":["Brutality","Body Slam","strawberrySpire:Spite"],"picked":"SKIP","floor":8},{"not_picked":["Dropkick","Warcry"],"picked":"strawberrySpire:JustAWound","floor":10},{"not_picked":["Double Tap","Impervious"],"picked":"Demon Form","floor":16},{"not_picked":["Rage+1","True Grit"],"picked":"Perfected Strike+1","floor":18},{"not_picked":["strawberrySpire:DebrisPile","Rampage"],"picked":"Replay:Undeath\u0027s Touch+1","floor":20},{"not_picked":["True Grit","Clothesline"],"picked":"Invigoration","floor":24},{"not_picked":["Hemokinesis","Evolve+1","Sword Boomerang"],"picked":"SKIP","floor":25},{"not_picked":["Twin Strike","strawberrySpire:Endurance","Havoc"],"picked":"SKIP","floor":28},{"not_picked":["Twin Strike","Double Tap"],"picked":"Uppercut","floor":30},{"not_picked":["Burning Pact","Headbutt"],"picked":"Clothesline","floor":31},{"not_picked":["Brutality","Fiend Fire"],"picked":"hubris:StunningStrike","floor":33},{"not_picked":["Havoc","Headbutt+1","Absolvement"],"picked":"SKIP","floor":35},{"not_picked":["strawberrySpire:Incursion+1","Shrug It Off+1","Dropkick+1"],"picked":"SKIP","floor":37},{"not_picked":["ReplayTheSpireMod:Chaos Vortex","hubris:Fate"],"picked":"infinitespire:NeuralNetwork","floor":38},{"not_picked":["Shrug It Off","Armaments+1"],"picked":"Bludgeon","floor":41},{"not_picked":["Shockwave","Thunderclap","Pommel Strike"],"picked":"SKIP","floor":42},{"not_picked":["strawberrySpire:DangerMountain","Havoc+1"],"picked":"ReplayTheSpireMod:Limb From Limb+1","floor":44},{"not_picked":["strawberrySpire:Incursion","Infernal Blade+1","hubris:SharpeningStone+1"],"picked":"SKIP","floor":46},{"not_picked":["Flex","Clothesline"],"picked":"ReplayReversal+1","floor":47}],"player_experience":750735,"relics_obtained":[{"floor":6,"key":"Rawhide"},{"floor":8,"key":"Orichalcum"},{"floor":9,"key":"Ornamental Fan"},{"floor":24,"key":"Torii"},{"floor":26,"key":"Paper Frog"},{"floor":28,"key":"aspiration:StickyExplosives_weak"},{"floor":38,"key":"Nunchaku"},{"floor":41,"key":"Gremlin Food"},{"floor":42,"key":"King of Hearts"}],"event_choices":[{"damage_healed":0,"gold_gain":0,"player_choice":"Ignored","damage_taken":0,"max_hp_gain":0,"max_hp_loss":0,"event_name":"Liars Game","floor":2,"gold_loss":0},{"cards_removed":["Strike_G"],"damage_healed":0,"gold_gain":0,"player_choice":"Card Removal","damage_taken":0,"max_hp_gain":0,"max_hp_loss":0,"event_name":"The Cleric","floor":3,"gold_loss":50},{"damage_healed":0,"gold_gain":0,"player_choice":"Inject Mutagens","damage_taken":0,"relics_obtained":["MutagenicStrength"],"max_hp_gain":0,"max_hp_loss":0,"event_name":"Drug Dealer","floor":21,"gold_loss":0}],"is_beta":false,"boss_relics":[{"not_picked":["Replay:Bronze Core","hubris:CrackedHourglass"],"picked":"strawberrySpire:JuiceKeg"},{"not_picked":["Replay:Drink Me","aspiration:TrainingWeights"],"picked":"ChewingGum"}],"items_purged_floors":[4,4,22],"is_endless":false,"potions_floor_spawned":[6,8,10,20,24,28,30,33,35,37,38,44],"ascension_level":8}