{"gold_per_floor":[109,109,109,109,124,159,159,159,184,184,202,214,214,139,139,243,243,255,255,37,37,56,83,83,102,129,129,147,160,194,209,209,209],"floor_reached":33,"playtime":1099,"items_purged":["Strike_R","Strike_R"],"score":399,"play_id":"3ab5fb51-1a4c-45e4-8ed9-46ddcdcb8b15","local_time":"20190423130701","is_ascension_mode":true,"campfire_choices":[{"data":"Rampage","floor":7,"key":"SMITH"},{"floor":10,"key":"REST"},{"data":"infinitespire:OneForAll","floor":13,"key":"SMITH"},{"data":"Defend_R","floor":15,"key":"SMITH"},{"data":"BarbarianYell","floor":24,"key":"SMITH"},{"floor":27,"key":"REST"},{"data":"Juggernaut","floor":32,"key":"SMITH"}],"neow_cost":"NONE","seed_source_timestamp":69985483578182,"circlet_count":0,"master_deck":["Strike_R","Strike_R+1","Strike_R+1","Defend_R+1","Defend_R","Defend_R+1","Bash+1","strawberrySpire:PowerStomp+1","Rampage+1","infinitespire:OneForAll+1","Juggernaut+1","Offering+1","Headbutt+1","BarbarianYell+1","Reaper"],"relics":["Burning Blood","Gambling Chip","infinitespire:Beetle Shell","hubris:GrandSneckoEye","Regal Pillow","Simple Rune","Mummified Hand"],"potions_floor_usage":[18,28,33,33,33],"damage_taken":[{"damage":6,"enemies":"conspire:RoseBush","floor":1,"turns":5},{"damage":0,"enemies":"2 Louse","floor":5,"turns":2},{"damage":80,"enemies":"Erikyupuro","floor":6,"turns":16},{"damage":6,"enemies":"Cultist","floor":11,"turns":3},{"damage":11,"enemies":"Looter","floor":12,"turns":2},{"damage":50,"enemies":"Fading Forest","floor":16,"turns":11},{"damage":25,"enemies":"2 Thieves","floor":18,"turns":4},{"damage":9,"enemies":"Spheric Guardian","floor":22,"turns":3},{"damage":41,"enemies":"Slavers","floor":23,"turns":5},{"damage":0,"enemies":"Snecko","floor":25,"turns":3},{"damage":25,"enemies":"Snake Plant","floor":28,"turns":2},{"damage":10,"enemies":"Shelled Parasite and Fungi","floor":29,"turns":3},{"damage":18,"enemies":"Replay:Snechameleon","floor":30,"turns":3},{"damage":0,"enemies":"Snecko","floor":31,"turns":3},{"damage":61,"enemies":"Pondfish","floor":33,"turns":6}],"seed_played":"9175390735189200467","potions_obtained":[{"floor":1,"key":"Swift Potion"},{"floor":11,"key":"Adrenaline Potion"},{"floor":12,"key":"Explosive Potion"},{"floor":22,"key":"SteroidPotion"},{"floor":31,"key":"EssenceOfSteel"}],"is_trial":false,"path_per_floor":["M","?","?","?","M","E","R","?","T","R","M","M","R","$","R","B",null,"M","?","$","$","M","E","R","M","T","R","M","M","E","M","R","B"],"character_chosen":"IRONCLAD","items_purchased":["Offering+1"],"campfire_rested":2,"item_purchase_floors":[20],"current_hp_per_floor":[80,80,80,80,86,12,12,41,41,67,67,62,62,62,62,26,73,59,59,59,59,56,21,21,27,27,68,49,45,39,45,45,0],"gold":209,"neow_bonus":"TEN_PERCENT_HP_BONUS","is_prod":false,"is_daily":false,"chose_seed":false,"campfire_upgraded":5,"win_rate":0,"timestamp":1556039221,"path_taken":["M","?","?","?","?","E","R","?","T","R","M","M","R","$","R","BOSS","M","?","?","$","M","E","R","M","T","R","M","M","E","M","R","BOSS"],"build_version":"2019-01-23","purchased_purges":2,"victory":false,"max_hp_per_floor":[88,88,88,88,88,88,88,88,88,88,88,88,88,88,88,88,88,88,88,88,88,88,88,88,88,88,88,88,88,88,88,88,88],"card_choices":[{"not_picked":["Clothesline","Headbutt","Massacre"],"picked":"SKIP","floor":1},{"not_picked":["Clothesline","ReplayTheSpireMod:Strike From Hell","Sentinel"],"picked":"SKIP","floor":5},{"not_picked":["Fiend Fire","strawberrySpire:ZonePlayer"],"picked":"Rampage","floor":6},{"not_picked":["Metallicize","strawberrySpire:ZonePlayer"],"picked":"infinitespire:OneForAll","floor":11},{"not_picked":["Absolvement","ReplayTheSpireMod:Stacked","strawberrySpire:Spite"],"picked":"SKIP","floor":12},{"not_picked":["Feed","Bludgeon"],"picked":"Juggernaut","floor":16},{"not_picked":["Havoc","Carnage+1","Sword Boomerang"],"picked":"SKIP","floor":18},{"not_picked":["True Grit","Heavy Blade"],"picked":"Headbutt+1","floor":22},{"not_picked":["Clothesline","Clash"],"picked":"BarbarianYell","floor":23},{"not_picked":["ReplayTheSpireMod:Limb From Limb","Body Slam","Metallicize"],"picked":"SKIP","floor":25},{"not_picked":["Run Through","strawberrySpire:Aggression","Sever Soul"],"picked":"SKIP","floor":28},{"not_picked":["Life Link+1","ReplayTheSpireMod:Muscle Training"],"picked":"Reaper","floor":29},{"not_picked":["Warcry","strawberrySpire:DraftPunk","Flex+1"],"picked":"SKIP","floor":30},{"not_picked":["Clothesline","strawberrySpire:Endurance","strawberrySpire:PumpUp"],"picked":"SKIP","floor":31}],"player_experience":745732,"relics_obtained":[{"floor":6,"key":"Gambling Chip"},{"floor":9,"key":"infinitespire:Beetle Shell"},{"floor":23,"key":"Regal Pillow"},{"floor":26,"key":"Simple Rune"},{"floor":30,"key":"Mummified Hand"}],"event_choices":[{"damage_healed":0,"gold_gain":0,"player_choice":"Grow","damage_taken":0,"max_hp_gain":0,"max_hp_loss":0,"event_name":"Living Wall","floor":3,"gold_loss":0,"cards_upgraded":["Bash"]},{"damage_healed":0,"gold_gain":0,"player_choice":"Upgraded","damage_taken":0,"max_hp_gain":0,"max_hp_loss":0,"event_name":"Upgrade Shrine","floor":4,"gold_loss":0,"cards_upgraded":["Defend_R"]},{"damage_healed":29,"gold_gain":0,"player_choice":"Banana","damage_taken":0,"max_hp_gain":0,"max_hp_loss":0,"event_name":"Big Fish","floor":8,"gold_loss":0},{"damage_healed":0,"gold_gain":0,"player_choice":"Bought 0 Potions","damage_taken":0,"max_hp_gain":0,"max_hp_loss":0,"event_name":"The Woman in Blue","floor":19,"gold_loss":0}],"is_beta":false,"boss_relics":[{"not_picked":["Runic Pyramid","CosmicIsotope"],"picked":"hubris:GrandSneckoEye"}],"items_purged_floors":[14,20],"is_endless":false,"potions_floor_spawned":[1,11,12,16,22,25,31],"killed_by":"Pondfish","ascension_level":8}