{"gold_per_floor":[111,122,122,197,54,79,91,117,181,209,221,86,386,418,418,518,518,534,550,550,15,114,114,132,144,170,196,207,207,220,235,235,336,336,352,452,463,129,148,148,47,74,74,92,110,0,0,16,16,16],"floor_reached":51,"playtime":2505,"items_purged":["Strike_B","Strike_B","Zap"],"score":1076,"play_id":"5a4611aa-4d9c-4590-8da5-759f002104c8","local_time":"20181226021615","is_ascension_mode":true,"campfire_choices":[{"data":"Gash","floor":7.0,"key":"SMITH"},{"data":"Gash","floor":11.0,"key":"SMITH"},{"floor":15.0,"key":"REST"},{"floor":23.0,"key":"REST"},{"data":"Defragment","floor":29.0,"key":"SMITH"},{"data":"Buffer","floor":32.0,"key":"SMITH"},{"floor":40,"key":"DIG"},{"data":"Turbo","floor":47,"key":"SMITH"},{"floor":49,"key":"DIG"}],"neow_cost":"NONE","seed_source_timestamp":460368442150823,"circlet_count":0,"master_deck":["Strike_B+1","Strike_B+1","Defend_B+1","Defend_B+1","Defend_B+1","Defend_B+1","Dualcast","Gash+1","Gash+1","Scrape","BootSequence","Beam Cell","Hologram","Buffer+1","Go for the Eyes","All For One","Turbo+1","Steam","Defragment+1","Reprogram","Gash","Seek","Redo+1","Self Repair","Beam Cell+1","Glacier+1","Hologram+1"],"special_seed":0,"relics":["FrozenCore","NeowsBlessing","MawBank","Art of War","Old Coin","Matryoshka","Unceasing Top","Question Card","Happy Flower","Kunai","Shovel","Runic Capacitor","Vajra","Darkstone Periapt","Lantern","Letter Opener","Red Mask","Pen Nib"],"potions_floor_usage":[33,33,36,36,39,50],"damage_taken":[{"damage":0.0,"enemies":"Cultist","floor":1.0,"turns":1.0},{"damage":0.0,"enemies":"Small Slimes","floor":2.0,"turns":1.0},{"damage":0.0,"enemies":"3 Sentries","floor":6.0,"turns":1.0},{"damage":0.0,"enemies":"Jaw Worm","floor":8.0,"turns":2.0},{"damage":0.0,"enemies":"Large Slime","floor":10.0,"turns":3.0},{"damage":15.0,"enemies":"Lagavulin","floor":14.0,"turns":5.0},{"damage":25.0,"enemies":"Hexaghost","floor":16.0,"turns":7.0},{"damage":8.0,"enemies":"Chosen","floor":18.0,"turns":6.0},{"damage":37.0,"enemies":"3 Byrds","floor":19.0,"turns":7.0},{"damage":1.0,"enemies":"3 Cultists","floor":24.0,"turns":6.0},{"damage":0.0,"enemies":"Chosen and Byrds","floor":25.0,"turns":4.0},{"damage":8.0,"enemies":"Book of Stabbing","floor":27.0,"turns":5.0},{"damage":0.0,"enemies":"Snake Plant","floor":28.0,"turns":4.0},{"damage":11.0,"enemies":"Shelled Parasite and Fungi","floor":30.0,"turns":5.0},{"damage":0.0,"enemies":"Snecko","floor":31.0,"turns":5.0},{"damage":0,"enemies":"Automaton","floor":33,"turns":8},{"damage":2,"enemies":"3 Shapes","floor":35,"turns":5},{"damage":0,"enemies":"Mind Bloom Boss Battle","floor":36,"turns":6},{"damage":0,"enemies":"3 Darklings","floor":37,"turns":4},{"damage":0,"enemies":"Spire Growth","floor":39,"turns":5},{"damage":0,"enemies":"Reptomancer","floor":42,"turns":7},{"damage":5,"enemies":"4 Shapes","floor":44,"turns":6},{"damage":0,"enemies":"Transient","floor":45,"turns":5},{"damage":0,"enemies":"Jaw Worm Horde","floor":48,"turns":4},{"damage":0,"enemies":"Donu and Deca","floor":50,"turns":2}],"seed_played":"-7863844978664105815","potions_obtained":[{"floor":8.0,"key":"EssenceOfSteel"},{"floor":14.0,"key":"SteroidPotion"},{"floor":19.0,"key":"GamblersBrew"},{"floor":24.0,"key":"SkillPotion"},{"floor":28.0,"key":"SpeedPotion"},{"floor":31.0,"key":"Poison Potion"},{"floor":33,"key":"Poison Potion"},{"floor":35,"key":"Poison Potion"},{"floor":36,"key":"GamblersBrew"},{"floor":39,"key":"Energy Potion"}],"is_trial":false,"path_per_floor":["M","M","?","?","$","E","R","M","T","M","R","$","?","E","R","B",null,"M","M","?","$","?","R","M","M","T","E","M","R","M","M","R","B",null,"M","?","M","$","M","R","$","E","T","M","M","?","R","M","R","B",null],"character_chosen":"DEFECT","items_purchased":["Scrape","Beam Cell","All For One","Turbo","Unceasing Top","Energy Potion","Runic Capacitor","Strength Potion","Fire Potion"],"campfire_rested":2,"item_purchase_floors":[5,12,21,21,21,21,38,41,41],"current_hp_per_floor":[75,75,60,53,53,53,53,53,53,53,53,53,41,26,48,23,75,67,30,30,30,30,52,51,51,51,43,43,43,32,32,32,32,75,73,73,73,73,75,75,75,75,75,75,75,75,75,75,75,75],"gold":16,"neow_bonus":"THREE_ENEMY_KILL","is_prod":false,"is_daily":false,"chose_seed":false,"campfire_upgraded":5,"win_rate":0,"timestamp":1545786975,"path_taken":["M","?","?","?","$","E","R","?","T","M","R","$","?","E","R","BOSS","M","M","?","$","?","R","M","M","T","E","M","R","M","M","R","BOSS","M","?","M","$","M","R","$","E","T","M","M","?","R","M","R","BOSS"],"build_version":"2018-12-20","purchased_purges":3,"victory":true,"max_hp_per_floor":[75,75,75,75,75,75,75,75,75,75,75,75,75,75,75,75,75,75,75,75,75,75,75,75,75,75,75,75,75,75,75,75,75,75,75,75,75,75,75,75,75,75,75,75,75,75,75,75,75,75],"card_choices":[{"not_picked":["Streamline","Auto Shields"],"picked":"Gash","floor":1.0},{"not_picked":["Stack","Electrodynamics"],"picked":"Gash","floor":2.0},{"not_picked":["Barrage","Biased Cognition","Conserve Battery"],"picked":"SKIP","floor":6.0},{"not_picked":["Rebound","Coolheaded","Static Discharge"],"picked":"SKIP","floor":8.0},{"not_picked":["Redo","Rebound"],"picked":"BootSequence","floor":10.0},{"not_picked":["BootSequence","Barrage"],"picked":"Hologram","floor":14.0},{"not_picked":["Thunder Strike","Multi-Cast"],"picked":"Buffer","floor":16.0},{"not_picked":["Rip and Tear+1","Streamline","Coolheaded"],"picked":"SKIP","floor":18.0},{"not_picked":["Streamline","Coolheaded"],"picked":"Go for the Eyes","floor":19.0},{"not_picked":["Ball Lightning+1","Glacier"],"picked":"Steam","floor":24.0},{"not_picked":["Rebound","Heatsinks"],"picked":"Defragment","floor":25.0},{"not_picked":["Chaos+1","Coolheaded+1","Thunder Strike"],"picked":"Reprogram","floor":27.0},{"not_picked":["Turbo","Reinforced Body","Doom and Gloom+1","Barrage"],"picked":"SKIP","floor":28.0},{"not_picked":["Conserve Battery+1","Streamline+1","Leap+1"],"picked":"Gash","floor":30.0},{"not_picked":["Fusion","Compile Driver+1","Genetic Algorithm","Hologram"],"picked":"SKIP","floor":31.0},{"not_picked":["Electrodynamics","Echo Form","Creative AI"],"picked":"Seek","floor":33},{"not_picked":["Streamline","Genetic Algorithm","Storm+1"],"picked":"Redo+1","floor":35},{"not_picked":["Conserve Battery","Compile Driver+1","Turbo"],"picked":"Self Repair","floor":36},{"not_picked":["Static Discharge","Ball Lightning+1","Sunder"],"picked":"Beam Cell+1","floor":37},{"not_picked":["Cold Snap+1","Conserve Battery","Chill+1"],"picked":"Glacier+1","floor":39},{"not_picked":["Melter","Defragment","Stack+1","Machine Learning"],"picked":"SKIP","floor":42},{"not_picked":["Turbo","Chaos+1","Stack+1","Heatsinks"],"picked":"SKIP","floor":44},{"not_picked":["Cold Snap","Tempest","Barrage+1"],"picked":"Hologram+1","floor":45},{"not_picked":["BootSequence","Auto Shields","Static Discharge","Sweeping Beam+1"],"picked":"SKIP","floor":48}],"player_experience":339183,"relics_obtained":[{"floor":6.0,"key":"MawBank"},{"floor":9.0,"key":"Art of War"},{"floor":14.0,"key":"Matryoshka"},{"floor":26.0,"key":"Question Card"},{"floor":26.0,"key":"Happy Flower"},{"floor":27.0,"key":"Kunai"},{"floor":36,"key":"Shovel"},{"floor":40,"key":"Vajra"},{"floor":42,"key":"Darkstone Periapt"},{"floor":43,"key":"Lantern"},{"floor":43,"key":"Letter Opener"},{"floor":49,"key":"Pen Nib"}],"event_choices":[{"damage_healed":0.0,"max_hp_gain":0.0,"max_hp_loss":0.0,"gold_gain":0.0,"event_name":"Shining Light","player_choice":"Entered Light","floor":3.0,"gold_loss":0.0,"damage_taken":15.0,"cards_upgraded":["Defend_B","Strike_B"]},{"damage_healed":0.0,"max_hp_gain":0.0,"max_hp_loss":0.0,"gold_gain":75.0,"event_name":"FaceTrader","player_choice":"Touch","floor":4.0,"gold_loss":0.0,"damage_taken":7.0},{"damage_healed":0.0,"max_hp_gain":0.0,"max_hp_loss":0.0,"gold_gain":0.0,"event_name":"Scrap Ooze","player_choice":"Success","floor":13.0,"gold_loss":0.0,"damage_taken":12.0,"relics_obtained":["Old Coin"]},{"damage_healed":0.0,"max_hp_gain":0.0,"max_hp_loss":0.0,"gold_gain":0.0,"event_name":"Back to Basics","player_choice":"Simplicity","floor":20.0,"gold_loss":0.0,"damage_taken":0.0,"cards_upgraded":["Strike_B","Defend_B","Defend_B","Defend_B"]},{"damage_healed":0.0,"max_hp_gain":0.0,"max_hp_loss":0.0,"gold_gain":99.0,"event_name":"Nest","player_choice":"Stole From Cult","floor":22.0,"gold_loss":0.0,"damage_taken":0.0},{"damage_healed":0,"gold_gain":0,"player_choice":"Fight","damage_taken":0,"max_hp_gain":0,"max_hp_loss":0,"event_name":"MindBloom","floor":36,"gold_loss":0},{"damage_healed":0,"gold_gain":0,"player_choice":"Paid","damage_taken":0,"relics_obtained":["Red Mask"],"max_hp_gain":0,"max_hp_loss":0,"event_name":"Tomb of Lord Red Mask","floor":46,"gold_loss":110}],"is_beta":false,"boss_relics":[{"not_picked":["Orrery","Runic Pyramid"],"picked":"FrozenCore"},{"not_picked":["Cursed Key","Fusion Hammer","Velvet Choker"]}],"items_purged_floors":[5,12,38],"is_endless":false,"potions_floor_spawned":[8,14,19,24,28,31,33,35,36,39],"ascension_level":4}