{"gold_per_floor":[111,186,361,42,53,81,81,116,192,192,227,237,202,6,6,6],"floor_reached":16,"playtime":705,"items_purged":["Doubt"],"score":148,"play_id":"48558786-4079-4a3d-87e1-b88fb5287d4a","local_time":"20190916132737","is_ascension_mode":true,"campfire_choices":[{"data":"Bash","floor":7,"key":"SMITH"},{"floor":10,"key":"REST"},{"data":"Shrug It Off","floor":15,"key":"SMITH"}],"neow_cost":"NONE","seed_source_timestamp":32897893568100,"circlet_count":0,"master_deck":["Strike_R","Strike_R","Strike_R","Strike_R","Strike_R","Defend_R+1","Defend_R","Defend_R","Defend_R","Bash+1","Shrug It Off+1","Shrug It Off+1"],"relics":["Burning Blood","NeowsBlessing","Singing Bowl","Art of War","Dodecahedron","Shuriken","Vajra","War Paint"],"potions_floor_usage":[16,16],"damage_taken":[{"damage":0,"enemies":"Small Slimes","floor":1,"turns":1},{"damage":0,"enemies":"2 Louse","floor":5,"turns":1},{"damage":0,"enemies":"Lagavulin","floor":6,"turns":1},{"damage":56,"enemies":"3 Sentries","floor":8,"turns":14},{"damage":36,"enemies":"Lagavulin","floor":11,"turns":5},{"damage":1,"enemies":"Jaw Worm","floor":12,"turns":3},{"damage":66,"enemies":"Hexaghost","floor":16,"turns":14}],"seed_played":"-1275988497714999120","potions_obtained":[{"floor":1,"key":"SneckoOil"},{"floor":12,"key":"SkillPotion"}],"is_trial":false,"path_per_floor":["M","?","?","$","M","E","R","E","T","R","E","M","?","$","R","B"],"character_chosen":"IRONCLAD","items_purchased":["Singing Bowl","Shrug It Off","War Paint"],"campfire_rested":1,"item_purchase_floors":[4,14,14],"current_hp_per_floor":[80,69,69,69,77,84,84,36,36,61,33,38,60,60,60,0],"gold":6,"neow_bonus":"THREE_ENEMY_KILL","is_prod":false,"is_daily":false,"chose_seed":false,"campfire_upgraded":2,"win_rate":0,"timestamp":1568654857,"path_taken":["M","?","?","$","M","E","R","E","T","R","E","?","?","$","R","BOSS"],"build_version":"2019-07-17","purchased_purges":1,"victory":false,"max_hp_per_floor":[80,80,80,80,82,84,84,86,86,86,88,88,88,88,88,88],"card_choices":[{"not_picked":["Pummel","Wild Strike","Iron Wave"],"picked":"SKIP","floor":1},{"not_picked":["Heavy Blade","Feel No Pain","True Grit"],"picked":"Singing Bowl","floor":5},{"not_picked":["Reaper","True Grit","Evolve"],"picked":"Singing Bowl","floor":6},{"not_picked":["Anger","Cleave","Warcry"],"picked":"Singing Bowl","floor":8},{"not_picked":["Brutality","Sword Boomerang","Limit Break"],"picked":"Singing Bowl","floor":11},{"not_picked":["Sentinel","Wild Strike"],"picked":"Shrug It Off","floor":12}],"player_experience":532098,"relics_obtained":[{"floor":6,"key":"Art of War"},{"floor":8,"key":"Dodecahedron"},{"floor":9,"key":"Shuriken"},{"floor":11,"key":"Vajra"}],"event_choices":[{"damage_healed":0,"gold_gain":75,"player_choice":"Gather Gold","damage_taken":11,"max_hp_gain":0,"max_hp_loss":0,"event_name":"World of Goop","floor":2,"gold_loss":0},{"damage_healed":0,"gold_gain":175,"player_choice":"AGREE","damage_taken":0,"max_hp_gain":0,"max_hp_loss":0,"event_name":"Liars Game","floor":3,"gold_loss":0,"cards_obtained":["Doubt"]},{"damage_healed":22,"gold_gain":0,"player_choice":"Healed","damage_taken":0,"max_hp_gain":0,"max_hp_loss":0,"event_name":"The Cleric","floor":13,"gold_loss":35}],"is_beta":false,"boss_relics":[],"items_purged_floors":[4],"is_endless":false,"potions_floor_spawned":[1,12],"killed_by":"Hexaghost","ascension_level":1}