{"path_per_floor":["M","?","?","M","$","R","$","M","T","M","R","M","E","M","R","B",null,"M","$","M","M"],"character_chosen":"THE_SILENT","items_purchased":["Caltrops","Panache"],"gold_per_floor":[117,117,117,137,68,68,68,83,106,117,117,130,157,171,171,274,274,291,101,111,123],"floor_reached":22,"campfire_rested":1,"playtime":1197,"current_hp_per_floor":[69,69,69,69,69,69,69,64,64,64,64,55,26,15,36,4,70,44,44,36,9],"items_purged":[],"gold":123,"score":188,"play_id":"246e1e28-6161-42fb-8a14-dae3ddcc9260","is_prod":false,"is_daily":false,"is_ascension_mode":false,"campfire_upgraded":2,"path_taken":["M","?","?","M","$","R","$","M","T","M","R","M","E","M","R","BOSS","M","$","M","?","M"],"build_version":"2018-02-15-PROD1","purchased_purges":0,"victory":false,"master_deck":["Defend_G","Defend_G","Strike_G","Strike_G","Strike_G","Strike_G+1","Strike_G","Survivor","Neutralize","Escape Plan+1","Deflect+1","Backstab+1","Tools of the Trade","Panacea+1","Neutralize","Acrobatics","Caltrops+1","Deflect+1","Prepared","Poisoned Stab","All Out Attack","Endless Agony","Die Die Die","Footwork+1","Panache","Dagger Throw","Finisher+1"],"max_hp_per_floor":[70,70,70,70,70,70,70,70,70,70,70,70,70,70,70,70,70,70,70,70,70],"relics":["Astrolabe","War Paint","Pen Nib","Sozu"],"card_choices":[{"not_picked":["Quick Slash","Poisoned Stab"],"picked":"Tools of the Trade"},{"not_picked":["Masterful Stab","Dodge and Roll"],"picked":"Acrobatics"},{"not_picked":["Prepared","Well Laid Plans"],"picked":"Deflect"},{"not_picked":["Tools of the Trade","Acrobatics"],"picked":"Prepared"},{"not_picked":["Deflect","Footwork"],"picked":"Poisoned Stab"},{"not_picked":["Quick Slash","Prepared"],"picked":"All Out Attack"},{"not_picked":["Blade Dance","Escape Plan"],"picked":"Endless Agony"},{"not_picked":["Glass Knife","Corpse Explosion"],"picked":"Die Die Die"},{"not_picked":["Predator","Prepared"],"picked":"Footwork"},{"not_picked":["Deadly Poison","Bane"],"picked":"Dagger Throw"},{"not_picked":["Backflip","Acrobatics"],"picked":"Finisher"}],"player_experience":56018,"potions_floor_usage":[13],"damage_taken":[{"damage":1,"enemies":"Small Slimes","floor":1,"turns":3},{"damage":0,"enemies":"Cultist","floor":4,"turns":3},{"damage":5,"enemies":"Jaw Worm","floor":8,"turns":3},{"damage":0,"enemies":"Blue Slaver","floor":10,"turns":3},{"damage":9,"enemies":"Red Slaver","floor":12,"turns":4},{"damage":44,"enemies":"Gremlin Nob","floor":13,"turns":5},{"damage":11,"enemies":"Large Slime","floor":14,"turns":5},{"damage":32,"enemies":"The Guardian","floor":16,"turns":11},{"damage":26,"enemies":"2 Thieves","floor":18,"turns":4},{"damage":8,"enemies":"Shell Parasite","floor":20,"turns":5},{"damage":27,"enemies":"Sentry and Sphere","floor":21,"turns":5},{"damage":12,"enemies":"Centurion and Healer","floor":22,"turns":1}],"event_choices":[{"event_name":"Match and Keep!","player_choice":"2 cards matched","floor":2,"damage_taken":0},{"event_name":"The Lab","player_choice":"Got Potions","floor":3,"damage_taken":0}],"boss_relics":[{"not_picked":["White Beast Statue","Velvet Choker"],"picked":"Sozu"}],"potions_floor_spawned":[1,8,12,14,18,20],"seed_played":"9173637123963196784","killed_by":"Centurion and Healer","ascension_level":0,"is_trial":false}