{"gold_per_floor":[159,219,69,129,189,294,6,66,66,111,156,156,201,246,246,566,566,611,611,653,713,713,713,818,580,605,605,429,474,323,323,323,623,623,683,728,773,91,136,136,226,271,271,271,271,316,257,302,302,302],"floor_reached":51,"playtime":3360,"items_purged":["Writhe"],"score":928,"play_id":"be408cda-ae58-4306-942d-2551f2a10fc1","local_time":"20180830210910","daily_mods":["Allstar","Cursed Run","Midas"],"is_ascension_mode":false,"campfire_choices":[{"floor":15,"key":"REST"},{"floor":23,"key":"REST"},{"floor":27,"key":"REST"},{"floor":32,"key":"REST"},{"floor":40,"key":"REST"},{"floor":49,"key":"REST"}],"neow_cost":"","seed_source_timestamp":0,"circlet_count":0,"master_deck":["Strike_R","Strike_R","Strike_R","Strike_R","Defend_R+1","Defend_R+1","Defend_R","Defend_R","Bash","Trip","Dark Shackles","Enlightenment","Good Instincts+1","HandOfGreed","Shrug It Off","Warcry","Flex","Impervious","Apotheosis","Mind Blast","Havoc+1","Parasite","Dropkick+1","Disarm","Sword Boomerang+1","Metallicize","Double Tap","Clothesline+1","Decay","Inflame+1","Infernal Blade","Decay","Flex","Shrug It Off","Clumsy","Carnage+1","Flash of Steel+1","Anger+1","Mind Blast+1","Pommel Strike+1","Normality","Impervious","Body Slam+1","Shrug It Off+1","Violence","Inflame+1","Twin Strike+1","Pommel Strike+1","Pain","Disarm+1","Flex+1","Pain"],"special_seed":17773,"relics":["Cursed Key","Darkstone Periapt","Du-Vu Doll","Oddly Smooth Stone","War Paint","Molten Egg 2","Astrolabe","Red Mask","Dodecahedron","MawBank","Bottled Tornado","Juzu Bracelet","MutagenicStrength","Mark of Pain","Ornamental Fan","Self Forming Clay","Meat on the Bone","Anchor","Strawberry"],"potions_floor_usage":[6,6,14,20,50,50],"damage_taken":[{"damage":0,"enemies":"Cultist","floor":1,"turns":3},{"damage":0,"enemies":"Small Slimes","floor":2,"turns":3},{"damage":0,"enemies":"2 Louse","floor":4,"turns":4},{"damage":1,"enemies":"Blue Slaver","floor":5,"turns":3},{"damage":27,"enemies":"3 Sentries","floor":6,"turns":9},{"damage":0,"enemies":"3 Louse","floor":8,"turns":3},{"damage":0,"enemies":"2 Fungi Beasts","floor":10,"turns":2},{"damage":0,"enemies":"Exordium Thugs","floor":11,"turns":3},{"damage":0,"enemies":"Blue Slaver","floor":13,"turns":1},{"damage":0,"enemies":"Large Slime","floor":14,"turns":1},{"damage":19,"enemies":"The Guardian","floor":16,"turns":9},{"damage":0,"enemies":"Chosen","floor":18,"turns":4},{"damage":6,"enemies":"Masked Bandits","floor":20,"turns":3},{"damage":10,"enemies":"3 Byrds","floor":21,"turns":5},{"damage":13,"enemies":"Book of Stabbing","floor":24,"turns":3},{"damage":2,"enemies":"Snake Plant","floor":29,"turns":3},{"damage":35,"enemies":"Champ","floor":33,"turns":8},{"damage":3,"enemies":"3 Shapes","floor":35,"turns":2},{"damage":0,"enemies":"Orb Walker","floor":36,"turns":1},{"damage":9,"enemies":"Maw","floor":37,"turns":6},{"damage":0,"enemies":"Spire Growth","floor":39,"turns":2},{"damage":0,"enemies":"2 Orb Walkers","floor":41,"turns":3},{"damage":3,"enemies":"Sphere and 2 Shapes","floor":42,"turns":2},{"damage":9,"enemies":"Maw","floor":46,"turns":5},{"damage":0,"enemies":"Flame Bruiser 2 Orb","floor":48,"turns":1},{"damage":47,"enemies":"Awakened One","floor":50,"turns":11}],"seed_played":"8318791093423734901","potions_obtained":[{"floor":1,"key":"BloodPotion"},{"floor":5,"key":"Weak Potion"},{"floor":10,"key":"Ancient Potion"},{"floor":11,"key":"Fire Potion"},{"floor":13,"key":"Explosive Potion"},{"floor":20,"key":"EssenceOfSteel"},{"floor":24,"key":"Ancient Potion"},{"floor":33,"key":"Swift Potion"},{"floor":37,"key":"SteroidPotion"},{"floor":48,"key":"Strength Potion"}],"is_trial":false,"path_per_floor":["M","M","$","M","M","E","$","M","T","M","M","?","M","M","R","B",null,"M","?","?","M","T","R","E","$","T","R","$","M","$","?","R","B",null,"M","M","M","$","M","R","E","M","T","?","?","M","?","M","R","B"],"character_chosen":"IRONCLAD","items_purchased":["Oddly Smooth Stone","Apotheosis","Mind Blast","Bottled Tornado","Flash of Steel+1","Mind Blast+1","Pommel Strike+1","Violence","Ornamental Fan","Self Forming Clay"],"campfire_rested":6,"item_purchase_floors":[3,7,7,25,28,30,30,38,38,38],"current_hp_per_floor":[80,80,80,80,79,60,60,60,66,66,66,49,49,49,74,61,98,98,104,98,88,94,110,97,97,103,116,116,114,114,114,116,87,122,119,119,110,110,110,122,122,119,125,125,125,116,123,123,135,112],"gold":302,"neow_bonus":"","is_prod":false,"is_daily":true,"chose_seed":false,"campfire_upgraded":0,"win_rate":0,"timestamp":1535656150,"path_taken":["M","M","$","M","M","E","?","M","T","M","M","?","M","M","R","BOSS","M","?","?","M","?","R","E","$","T","R","$","M","?","?","R","BOSS","M","M","M","$","M","R","E","M","T","?","?","M","?","M","R","BOSS"],"build_version":"2018-08-23v2","purchased_purges":1,"victory":true,"max_hp_per_floor":[80,80,80,80,80,80,80,80,86,86,86,86,86,86,86,92,98,98,104,104,104,110,110,110,110,116,116,116,116,116,116,116,122,122,122,122,122,122,122,122,122,122,128,128,128,128,135,135,135,141],"card_choices":[{"not_picked":["Perfected Strike","Warcry"],"picked":"Shrug It Off","floor":1},{"not_picked":["Clash","Headbutt"],"picked":"Sword Boomerang","floor":2},{"not_picked":["Clash","True Grit"],"picked":"Warcry","floor":4},{"not_picked":["Power Through","Bloodletting"],"picked":"Flex","floor":5},{"not_picked":["Anger","Second Wind"],"picked":"Impervious","floor":6},{"not_picked":["Cleave","Clash"],"picked":"Havoc","floor":8},{"not_picked":["Armaments","Havoc"],"picked":"Dropkick+1","floor":10},{"not_picked":["Power Through","Entrench"],"picked":"Disarm","floor":11},{"not_picked":["Corruption","Cleave+1"],"picked":"Sword Boomerang+1","floor":13},{"not_picked":["Corruption","True Grit"],"picked":"Metallicize","floor":14},{"not_picked":["Demon Form","Dark Embrace"],"picked":"Double Tap","floor":16},{"not_picked":["Shockwave+1","Anger+1"],"picked":"Infernal Blade","floor":18},{"not_picked":["Clash+1","Power Through"],"picked":"Flex","floor":20},{"not_picked":["Reckless Charge+1","Armaments"],"picked":"Shrug It Off","floor":21},{"not_picked":["Flex","Thunderclap+1"],"picked":"Carnage+1","floor":24},{"not_picked":["Armaments+1","Cleave+1"],"picked":"Anger+1","floor":29},{"not_picked":["Brutality","Berserk"],"picked":"Impervious","floor":33},{"not_picked":["Wild Strike+1","Reckless Charge+1"],"picked":"Body Slam+1","floor":35},{"not_picked":["Thunderclap+1","Anger+1"],"picked":"Shrug It Off+1","floor":36},{"not_picked":["Searing Blow+1","Seeing Red"],"picked":"Sword Boomerang+1","floor":37},{"not_picked":["Sentinel","Corruption+1"],"picked":"Inflame+1","floor":39},{"not_picked":["Dropkick+1","Ghostly Armor"],"picked":"Twin Strike+1","floor":41},{"not_picked":["Wild Strike+1","Sever Soul+1"],"picked":"Pommel Strike+1","floor":42},{"not_picked":["Ghostly Armor+1","Dropkick+1"],"picked":"Disarm+1","floor":46},{"not_picked":["Thunderclap+1","Anger+1"],"picked":"Flex+1","floor":48}],"player_experience":79211,"relics_obtained":[{"floor":6,"key":"War Paint"},{"floor":9,"key":"Molten Egg 2"},{"floor":20,"key":"Red Mask"},{"floor":22,"key":"Dodecahedron"},{"floor":24,"key":"MawBank"},{"floor":26,"key":"Juzu Bracelet"},{"floor":41,"key":"Meat on the Bone"},{"floor":43,"key":"Anchor"}],"event_choices":[{"event_name":"Shining Light","player_choice":"Entered Light","floor":12,"damage_taken":0},{"event_name":"Forgotten Altar","player_choice":"Smashed Altar","floor":19,"damage_taken":0},{"event_name":"Masked Bandits","player_choice":"Fought Bandits","floor":20,"damage_taken":0},{"event_name":"Drug Dealer","player_choice":"Inject Mutagens","floor":31,"damage_taken":0},{"event_name":"Falling","player_choice":"Removed Attack","floor":44,"damage_taken":0},{"event_name":"The Lab","player_choice":"Got Potions","floor":45,"damage_taken":0},{"event_name":"WeMeetAgain","player_choice":"Gold","floor":47,"damage_taken":0}],"is_beta":false,"boss_relics":[{"not_picked":["Ectoplasm","Velvet Choker"],"picked":"Astrolabe"},{"not_picked":["Tiny House","Coffee Dripper"],"picked":"Mark of Pain"}],"items_purged_floors":[28],"is_endless":false,"potions_floor_spawned":[1,5,10,11,13,20,24,33,37,39,41,46,48],"ascension_level":0}