{"path_per_floor":["M","?","M","$","M","E","?","M","T","R","E","M","E","M","R","B",null,"M","M","?","?","M","R","E","R","T","R","$","M","R","M","R","B",null,"M","M","M","?","M","E","R","E","T","$","R","M","R","?","R","B"],"character_chosen":"DEFECT","items_purchased":["Reboot","Orichalcum","Sunder","Meteor Strike","Dexterity Potion"],"gold_per_floor":[115,190,200,56,74,101,101,119,119,119,153,169,197,217,217,295,295,308,326,326,326,339,339,364,364,364,364,37,52,52,67,67,141,141,158,168,187,187,206,235,235,264,339,9,9,25,25,75,75,75],"floor_reached":51,"campfire_rested":3,"playtime":7287,"current_hp_per_floor":[60,49,41,41,41,34,34,34,34,34,23,23,14,14,35,25,60,41,39,39,39,34,55,31,31,41,41,41,34,34,35,59,31,69,72,66,80,70,79,71,71,81,81,81,81,81,81,81,81,46],"items_purged":["Normality","Defend_B","Strike_B"],"gold":75,"score":1245,"play_id":"300f1bed-b34c-43cf-b8d2-58da43610e60","local_time":"20180508163113","is_prod":false,"is_daily":false,"chose_seed":false,"is_ascension_mode":true,"campfire_upgraded":8,"timestamp":1525822273,"path_taken":["M","?","?","$","M","E","?","?","T","R","E","M","E","M","R","BOSS","M","M","?","?","M","R","E","R","T","R","$","?","R","M","R","BOSS","M","M","M","?","M","E","R","E","T","$","R","M","R","?","R","BOSS"],"build_version":"2018-05-07","seed_source_timestamp":271281506063966,"purchased_purges":3,"victory":true,"master_deck":["Strike_B","Strike_B","Zap+1","Dualcast+1","AscendersBane","Go for the Eyes+1","Cold Snap","Reboot","Leap","BootSequence","Cold Snap","Gash","Reinforced Body","FTL","Capacitor+1","Echo Form","Scrape+1","Undo+1","Gash","Sunder","Beam Cell","Tempest","Prime+1","Buffer+1","Recycle+1","Reinforced Body+1","Glacier","Double Energy+1","Dark Shackles","Panache","Panache","Undo+1","Darkness+1","Beam Cell+1","Meteor Strike","Turbo+1"],"max_hp_per_floor":[71,71,71,71,71,71,71,71,71,71,71,71,71,71,71,71,71,71,71,71,71,71,71,71,71,81,81,81,81,81,81,81,81,81,81,81,81,81,81,81,81,81,81,81,81,81,81,81,81,81],"relics":["Cracked Core","Ginger","Centennial Puzzle","Unceasing Top","Torii","Bird Faced Urn","Runic Pyramid","Letter Opener","Pear","Orichalcum","Astrolabe","Bronze Scales","Darkstone Periapt","Meat on the Bone"],"card_choices":[{"not_picked":["Streamline","Ball Lightning"],"picked":"Go for the Eyes","floor":1.0},{"not_picked":["Impulse","Hologram"],"picked":"Cold Snap","floor":3.0},{"not_picked":["Rip and Tear","Axe Kick"],"picked":"Leap","floor":5.0},{"not_picked":["Rebound","Fission"],"picked":"BootSequence","floor":6.0},{"not_picked":["Melter","Storm"],"picked":"Cold Snap","floor":8.0},{"not_picked":["Reprogram","Impulse"],"picked":"Gash","floor":11.0},{"not_picked":["Redo","Skim"],"picked":"Reinforced Body","floor":12.0},{"not_picked":["Ball Lightning","Coolheaded"],"picked":"FTL","floor":13.0},{"not_picked":["Coolheaded","Storm"],"picked":"Capacitor","floor":14.0},{"not_picked":["Fusion","Nova"],"picked":"Echo Form","floor":16.0},{"not_picked":["Chaos","Consume"],"picked":"Scrape","floor":19.0},{"not_picked":["Reprogram","Storm"],"picked":"Undo","floor":22.0},{"not_picked":["Glacier","Melter"],"picked":"Gash","floor":24.0},{"not_picked":["Rip and Tear","Sunder"],"picked":"Beam Cell","floor":29.0},{"not_picked":["Turbo","Hologram"],"picked":"Tempest","floor":31.0},{"not_picked":["Amplify","Creative AI"],"picked":"Prime","floor":33.0},{"not_picked":["Skim","Streamline"],"picked":"Glacier","floor":35.0},{"not_picked":["Barrage","Hologram"],"picked":"Double Energy","floor":37.0},{"not_picked":["Bandage Up","Trip"],"picked":"Dark Shackles","floor":38.0},{"not_picked":["Finesse","Master of Strategy"],"picked":"Panache","floor":38.0},{"not_picked":["Magnetism","Dark Shackles"],"picked":"Panache","floor":38.0},{"not_picked":["Hello World","Stack"],"picked":"Undo","floor":39.0},{"not_picked":["Impulse","Sunder"],"picked":"Darkness","floor":40.0},{"not_picked":["Skim","Axe Kick"],"picked":"Beam Cell","floor":42.0},{"not_picked":["Hello World","Undo"],"picked":"Turbo","floor":46.0}],"player_experience":600328,"potions_floor_usage":[50,50,50],"damage_taken":[{"damage":4.0,"enemies":"2 Louse","floor":1.0,"turns":2.0},{"damage":8.0,"enemies":"Small Slimes","floor":3.0,"turns":3.0},{"damage":0.0,"enemies":"Cultist","floor":5.0,"turns":3.0},{"damage":7.0,"enemies":"3 Sentries","floor":6.0,"turns":10.0},{"damage":0.0,"enemies":"3 Louse","floor":8.0,"turns":3.0},{"damage":18.0,"enemies":"Gremlin Nob","floor":11.0,"turns":4.0},{"damage":0.0,"enemies":"2 Fungi Beasts","floor":12.0,"turns":3.0},{"damage":9.0,"enemies":"Lagavulin","floor":13.0,"turns":7.0},{"damage":0.0,"enemies":"Lots of Slimes","floor":14.0,"turns":3.0},{"damage":12.0,"enemies":"Hexaghost","floor":16.0,"turns":14.0},{"damage":21.0,"enemies":"Spheric Guardian","floor":18.0,"turns":6.0},{"damage":4.0,"enemies":"Shell Parasite","floor":19.0,"turns":5.0},{"damage":7.0,"enemies":"Centurion and Healer","floor":22.0,"turns":7.0},{"damage":57.0,"enemies":"Slavers","floor":24.0,"turns":7.0},{"damage":9.0,"enemies":"Snake Plant","floor":29.0,"turns":5.0},{"damage":1.0,"enemies":"Snecko","floor":31.0,"turns":5.0},{"damage":51.0,"enemies":"Champ","floor":33.0,"turns":12.0},{"damage":17.0,"enemies":"Orb Walker","floor":35.0,"turns":6.0},{"damage":30.0,"enemies":"Flame Bruiser 1 Orb","floor":36.0,"turns":9.0},{"damage":16.0,"enemies":"Spire Growth","floor":37.0,"turns":7.0},{"damage":24.0,"enemies":"3 Darklings","floor":39.0,"turns":5.0},{"damage":18.0,"enemies":"Nemesis","floor":40.0,"turns":5.0},{"damage":21.0,"enemies":"2 Orb Walkers","floor":42.0,"turns":5.0},{"damage":10.0,"enemies":"Flame Bruiser 2 Orb","floor":46.0,"turns":5.0},{"damage":83,"enemies":"Donu and Deca","floor":50,"turns":10}],"event_choices":[{"event_name":"World of Goop","player_choice":"Gather Gold","floor":2.0,"damage_taken":0.0},{"event_name":"Living Wall","player_choice":"Grow","floor":7.0,"damage_taken":0.0},{"event_name":"Purifier","player_choice":"One Purge","floor":20.0,"damage_taken":0.0},{"event_name":"The Lab","player_choice":"Got Potions","floor":21.0,"damage_taken":0.0},{"event_name":"SensoryStone","player_choice":"Memory 3","floor":38.0,"damage_taken":0.0},{"event_name":"Golden Shrine","player_choice":"Pray","floor":48.0,"damage_taken":0.0}],"boss_relics":[],"potions_floor_spawned":[1,5,11,16,19,29,33,39,40,46],"seed_played":"-3799312893130354074","ascension_level":15,"is_trial":false}