{"path_per_floor":["M","?","M","$","M","R","E","R","T","R","E","R","$","M","R","B",null,"M","?","$","M","?","R","?","M","T","M","R","M","E","M","R","B",null,"M","M","?","$","M","R","E","R","T","E","M","$","M","M","R","B"],"character_chosen":"IRONCLAD","items_purchased":["Regal Pillow"],"gold_per_floor":[119,94,110,35,46,46,80,80,80,80,136,136,36,46,46,146,146,165,165,9,22,22,22,22,42,42,59,59,71,105,117,117,212,212,227,246,246,121,133,133,162,162,189,218,238,88,99,115,115,115],"floor_reached":51,"campfire_rested":4,"playtime":1534,"current_hp_per_floor":[72,72,72,72,72,72,53,53,53,72,63,63,63,69,69,45,65,67,54,54,54,38,76,76,71,71,76,76,77,74,67,67,62,73,42,22,90,90,64,90,87,87,87,91,94,94,69,65,98,64],"items_purged":["Strike_R","Strike_R","Strike_R","Defend_R"],"gold":115,"score":1065,"play_id":"832be847-0637-419f-94d8-f14721c52fed","local_time":"20180323215646","is_prod":false,"is_daily":false,"is_ascension_mode":true,"campfire_upgraded":7,"timestamp":1521856606,"path_taken":["M","?","?","$","M","R","E","R","T","R","E","R","$","?","R","BOSS","M","?","$","M","?","R","?","M","T","?","R","M","E","M","R","BOSS","M","M","?","$","M","R","E","R","T","E","M","$","M","M","R","BOSS"],"build_version":"2018-03-22v2","purchased_purges":4,"victory":true,"master_deck":["Strike_R+1","Strike_R+1","Defend_R","Defend_R","Defend_R+1","Bash+1","Fiend Fire+1","Shrug It Off+1","Flex+1","Shockwave+1","Body Slam+1","Limit Break+1","Feel No Pain+1","Disarm","Necronomicurse","Inflame+1","Whirlwind","Thunderclap+1","Sentinel+1","Offering+1"],"max_hp_per_floor":[72,72,72,72,72,72,72,72,72,72,72,72,72,72,72,72,72,72,77,77,77,77,77,77,77,77,77,77,77,77,77,77,77,77,80,80,90,90,90,90,90,90,90,92,94,94,96,98,98,98],"relics":["Burning Blood","Whetstone","Dead Branch","Tiny Chest","Mark of Pain","Regal Pillow","Necronomicon","Thread and Needle","Ice Cream","Sozu","War Paint","Anchor","Singing Bowl"],"card_choices":[{"not_picked":["Immolate","Reaper"],"picked":"Fiend Fire","floor":0},{"not_picked":["Corruption","Armaments"],"picked":"Shrug It Off","floor":3},{"not_picked":["Clothesline","Havoc"],"picked":"Flex","floor":5},{"not_picked":["Power Through","True Grit"],"picked":"Shockwave","floor":7},{"not_picked":["Ghostly Armor","True Grit"],"picked":"Body Slam","floor":11},{"not_picked":["Feed","Impervious"],"picked":"Limit Break","floor":16},{"not_picked":["Blood for Blood","Ghostly Armor"],"picked":"Feel No Pain","floor":18},{"not_picked":["Sword Boomerang","Blood for Blood"],"picked":"Disarm","floor":21},{"not_picked":["Cleave","Sword Boomerang"],"picked":"Inflame","floor":29},{"not_picked":["Sword Boomerang","Iron Wave"],"picked":"Whirlwind","floor":31},{"not_picked":["Brutality","Fiend Fire"],"picked":"Feed","floor":33},{"not_picked":["Entrench","Sword Boomerang"],"picked":"Thunderclap","floor":35},{"not_picked":["True Grit","Clothesline"],"picked":"Sentinel","floor":39},{"not_picked":["Rampage","Havoc"],"picked":"Offering","floor":41}],"player_experience":261157,"potions_floor_usage":[39],"damage_taken":[{"damage":1,"enemies":"Small Slimes","floor":1,"turns":3},{"damage":0,"enemies":"Cultist","floor":3,"turns":2},{"damage":0,"enemies":"Jaw Worm","floor":5,"turns":3},{"damage":25,"enemies":"3 Sentries","floor":7,"turns":9},{"damage":15,"enemies":"Lagavulin","floor":11,"turns":5},{"damage":0,"enemies":"2 Fungi Beasts","floor":14,"turns":2},{"damage":30,"enemies":"Hexaghost","floor":16,"turns":8},{"damage":4,"enemies":"3 Byrds","floor":18,"turns":4},{"damage":6,"enemies":"Chosen","floor":21,"turns":5},{"damage":11,"enemies":"Snake Plant","floor":25,"turns":2},{"damage":1,"enemies":"Centurion and Healer","floor":27,"turns":3},{"damage":0,"enemies":"Sentry and Sphere","floor":29,"turns":2},{"damage":9,"enemies":"Slavers","floor":30,"turns":6},{"damage":13,"enemies":"Snake Plant","floor":31,"turns":3},{"damage":11,"enemies":"Automaton","floor":33,"turns":3},{"damage":40,"enemies":"3 Shapes","floor":35,"turns":2},{"damage":26,"enemies":"3 Darklings","floor":36,"turns":4},{"damage":32,"enemies":"Sphere and 2 Shapes","floor":39,"turns":5},{"damage":9,"enemies":"Giant Head","floor":41,"turns":7},{"damage":4,"enemies":"Nemesis","floor":44,"turns":1},{"damage":4,"enemies":"Maw","floor":45,"turns":1},{"damage":33,"enemies":"4 Shapes","floor":47,"turns":2},{"damage":12,"enemies":"3 Darklings","floor":48,"turns":3},{"damage":40,"enemies":"Donu and Deca","floor":50,"turns":4}],"event_choices":[{"event_name":"World of Goop","player_choice":"Left","floor":2,"damage_taken":0},{"event_name":"Forgotten Altar","player_choice":"Shed Blood","floor":19,"damage_taken":0},{"event_name":"Cursed Tome","player_choice":"Obtained Book","floor":22,"damage_taken":0},{"event_name":"Vampires","player_choice":"Ignored","floor":24,"damage_taken":0},{"event_name":"Bonfire Elementals","player_choice":"RARE","floor":37,"damage_taken":0}],"boss_relics":[{"not_picked":["Eternal Feather","Astrolabe"],"picked":"Mark of Pain"},{"not_picked":["Black Blood","Runic Dome"],"picked":"Sozu"}],"potions_floor_spawned":[5,11,14,25,27,30,31,41,44,47,48],"seed_played":"8410873997702277459","ascension_level":5,"is_trial":false}