{"gold_per_floor":[118,136,136,136,211,246,246,44,93,112,18,18,18,36,36,132,132,147,62,62,62,78,78,133,133,158,173,1,16,16],"floor_reached":30,"playtime":1081,"items_purged":["Defend_R"],"score":379,"play_id":"25efffc6-792e-4b64-bf02-999907374c09","local_time":"20190227074409","is_ascension_mode":true,"campfire_choices":[{"floor":7,"key":"REST"},{"data":"Corruption","floor":12,"key":"SMITH"},{"data":"Feel No Pain","floor":15,"key":"SMITH"},{"floor":23,"key":"REST"}],"neow_cost":"NONE","seed_source_timestamp":4998962816401,"circlet_count":0,"master_deck":["Strike_R","Strike_R","Strike_R","Strike_R","Strike_R","Defend_R","Defend_R","Defend_R","Bash+1","Perfected Strike","Pommel Strike+1","Carnage","Corruption+1","Anger","Feel No Pain+1","Thunderclap","Headbutt","Double Tap+1","Twin Strike","Battle Trance+1","Armaments"],"relics":["Burning Blood","NeowsBlessing","Letter Opener","Bag of Marbles","Bronze Scales","Velvet Choker","Oddly Smooth Stone","Tiny Chest","Singing Bowl","Happy Flower","Red Skull"],"potions_floor_usage":[16,16,16,29,30,30,30],"damage_taken":[{"damage":0,"enemies":"Cultist","floor":1,"turns":1},{"damage":0,"enemies":"Jaw Worm","floor":2,"turns":1},{"damage":0,"enemies":"Gremlin Nob","floor":6,"turns":1},{"damage":5,"enemies":"Small Slimes","floor":10,"turns":3},{"damage":13,"enemies":"Blue Slaver","floor":14,"turns":3},{"damage":50,"enemies":"The Guardian","floor":16,"turns":9},{"damage":12,"enemies":"Chosen","floor":18,"turns":3},{"damage":14,"enemies":"Shell Parasite","floor":22,"turns":2},{"damage":28,"enemies":"Slavers","floor":24,"turns":3},{"damage":14,"enemies":"Shelled Parasite and Fungi","floor":27,"turns":2},{"damage":12,"enemies":"Snake Plant","floor":29,"turns":3},{"damage":38,"enemies":"Book of Stabbing","floor":30,"turns":2}],"seed_played":"-8906778802218820502","potions_obtained":[{"floor":2,"key":"Swift Potion"},{"floor":6,"key":"Fire Potion"},{"floor":16,"key":"GamblersBrew"},{"floor":24,"key":"Block Potion"},{"floor":27,"key":"Explosive Potion"},{"floor":29,"key":"EssenceOfSteel"}],"is_trial":false,"path_per_floor":["M","M","?","?","?","E","R","$","T","M","$","R","?","M","R","B",null,"M","?","?","$","M","R","E","T","T","M","$","M","E"],"character_chosen":"IRONCLAD","items_purchased":["Corruption","Block Potion","Feel No Pain","Thunderclap","Red Skull","Armaments"],"campfire_rested":2,"item_purchase_floors":[8,8,11,11,28,28],"current_hp_per_floor":[78,80,64,39,28,34,58,58,58,59,59,59,59,52,52,8,62,56,56,56,56,48,72,50,50,50,42,42,38,0],"gold":16,"neow_bonus":"THREE_ENEMY_KILL","is_prod":false,"is_daily":false,"chose_seed":false,"campfire_upgraded":2,"win_rate":0,"timestamp":1551249849,"path_taken":["M","M","?","?","?","E","R","$","T","?","$","R","?","M","R","BOSS","M","?","?","$","?","R","E","?","T","M","$","M","E"],"build_version":"2019-01-23","purchased_purges":1,"victory":false,"max_hp_per_floor":[80,80,80,80,80,80,80,80,80,80,80,80,80,80,80,80,80,80,80,80,80,80,80,80,80,80,80,80,82,82],"card_choices":[{"not_picked":["Dropkick","Flame Barrier"],"picked":"Perfected Strike","floor":1},{"not_picked":["Thunderclap","Ghostly Armor"],"picked":"Pommel Strike","floor":2},{"not_picked":["Sword Boomerang","Hemokinesis"],"picked":"Carnage","floor":6},{"not_picked":["Disarm","Iron Wave"],"picked":"Anger","floor":10},{"not_picked":["Clothesline","Uppercut"],"picked":"Headbutt","floor":14},{"not_picked":["Exhume","Bludgeon"],"picked":"Double Tap","floor":16},{"not_picked":["Sword Boomerang","Entrench","Disarm+1"],"picked":"SKIP","floor":18},{"not_picked":["Wild Strike","Havoc"],"picked":"Twin Strike","floor":22},{"not_picked":["Heavy Blade+1","Wild Strike","Rage"],"picked":"SKIP","floor":24},{"not_picked":["Heavy Blade","Blood for Blood"],"picked":"Battle Trance+1","floor":27},{"not_picked":["Pommel Strike","Warcry","Dropkick"],"picked":"Singing Bowl","floor":29}],"player_experience":278708,"relics_obtained":[{"floor":6,"key":"Bag of Marbles"},{"floor":9,"key":"Bronze Scales"},{"floor":24,"key":"Tiny Chest"},{"floor":25,"key":"Singing Bowl"},{"floor":26,"key":"Happy Flower"}],"event_choices":[{"damage_healed":0,"gold_gain":0,"player_choice":"Entered Light","damage_taken":16,"max_hp_gain":0,"max_hp_loss":0,"event_name":"Shining Light","floor":3,"gold_loss":0,"cards_upgraded":["Pommel Strike","Bash"]},{"damage_healed":0,"gold_gain":0,"player_choice":"Success","damage_taken":25,"relics_obtained":["Letter Opener"],"max_hp_gain":0,"max_hp_loss":0,"event_name":"Scrap Ooze","floor":4,"gold_loss":0},{"damage_healed":0,"gold_gain":75,"player_choice":"Gather Gold","damage_taken":11,"max_hp_gain":0,"max_hp_loss":0,"event_name":"World of Goop","floor":5,"gold_loss":0},{"damage_healed":0,"gold_gain":0,"player_choice":"Ignored","damage_taken":0,"max_hp_gain":0,"max_hp_loss":0,"event_name":"Golden Idol","floor":13,"gold_loss":0},{"damage_healed":0,"gold_gain":0,"player_choice":"Obtained Relic","damage_taken":0,"relics_obtained":["Oddly Smooth Stone"],"max_hp_gain":0,"max_hp_loss":0,"event_name":"Addict","floor":19,"gold_loss":85},{"damage_healed":0,"gold_gain":0,"player_choice":"Upgraded","damage_taken":0,"max_hp_gain":0,"max_hp_loss":0,"event_name":"Upgrade Shrine","floor":20,"gold_loss":0,"cards_upgraded":["Double Tap"]}],"is_beta":false,"boss_relics":[{"not_picked":["Black Star","Fusion Hammer"],"picked":"Velvet Choker"}],"items_purged_floors":[8],"is_endless":false,"potions_floor_spawned":[2,6,16,24,27,29],"killed_by":"Book of Stabbing","ascension_level":8}