{"path_per_floor":["M","M","$","?","M","R","$","R","T","?","E","M","M","E","R","B",null,"M","$","M","?","M","R","M","R","T","M","?","?","R"],"character_chosen":"DEFECT","items_purchased":["Redo","Tempest"],"gold_per_floor":[115,128,5,5,15,15,15,15,15,15,48,64,80,110,110,206,206,218,43,62,62,77,77,91,91,91,104,131,131,131,131],"floor_reached":31,"campfire_rested":1,"playtime":1032,"item_purchase_floors":[3,19],"current_hp_per_floor":[75,74,74,74,69,69,69,69,79,72,69,59,55,42,42,22,87,77,77,69,69,51,51,29,29,29,39,34,34,60,0],"items_purged":["Strike_B","Strike_B"],"gold":131,"score":245,"play_id":"19c71d57-f65b-4483-87d0-7b6759f16a6a","local_time":"20180530170539","is_prod":false,"is_daily":false,"chose_seed":false,"is_ascension_mode":false,"campfire_upgraded":5,"win_rate":0,"timestamp":1527714339,"campfire_choices":[{"data":"Zap","floor":6,"key":"SMITH"},{"data":"Redo","floor":8,"key":"SMITH"},{"data":"Dualcast","floor":15,"key":"SMITH"},{"data":"Consume","floor":23,"key":"SMITH"},{"data":"Self Repair","floor":25,"key":"SMITH"},{"floor":30,"key":"REST"}],"path_taken":["M","M","$","?","M","R","$","R","T","?","E","M","?","E","R","BOSS","M","$","M","?","M","R","M","R","T","M","?","?","R","E"],"build_version":"2018-05-29","seed_source_timestamp":662867739422375,"purchased_purges":2,"victory":false,"master_deck":["Strike_B","Strike_B","Defend_B","Defend_B","Defend_B","Zap+1","Dualcast+1","Ball Lightning","Coolheaded","Redo+1","Coolheaded","Reboot","Cold Snap","Chill","Thunder Strike","Tempest","Self Repair+1","Consume+1","Coolheaded+1","FTL","Fusion+1","Lockon","Creative AI","Hologram","Consume"],"max_hp_per_floor":[75,75,75,75,75,75,75,75,85,85,85,85,85,87,87,87,87,89,89,89,89,89,89,89,89,89,89,89,89,89,89],"relics":["Cracked Core","Dream Catcher","Pear","Bag of Marbles","Singing Bowl","Inserter","Juzu Bracelet","Red Mask"],"card_choices":[{"not_picked":["Rip and Tear","Leap"],"picked":"Ball Lightning","floor":1},{"not_picked":["Reinforced Body","Stack"],"picked":"Coolheaded","floor":2},{"not_picked":["Tempest","Static Discharge"],"picked":"Coolheaded","floor":5},{"not_picked":["Turbo","Reprogram"],"picked":"Reboot","floor":11},{"not_picked":["Steam","Genetic Algorithm"],"picked":"Cold Snap","floor":12},{"not_picked":["Turbo","Stack"],"picked":"Chill","floor":13},{"not_picked":["Ball Lightning","Barrage","Rebound"],"picked":"Singing Bowl","floor":14},{"not_picked":["Fission","Buffer"],"picked":"Thunder Strike","floor":16},{"not_picked":["Streamline","Conserve Battery","Reinforced Body+1"],"picked":"Singing Bowl","floor":18},{"not_picked":["Stack","Leap"],"picked":"Self Repair","floor":20},{"not_picked":["Redo","Barrage"],"picked":"Coolheaded+1","floor":22},{"not_picked":["Steam+1","Go for the Eyes"],"picked":"FTL","floor":24},{"not_picked":["Sweeping Beam+1","Genetic Algorithm+1"],"picked":"Fusion+1","floor":27},{"not_picked":["Leap","All For One"],"picked":"Lockon","floor":28},{"not_picked":["Redo","Beam Cell"],"picked":"Consume","floor":30}],"player_experience":526759,"potions_floor_usage":[11,11,14,24,28],"damage_taken":[{"damage":0,"enemies":"2 Louse","floor":1,"turns":2},{"damage":1,"enemies":"Jaw Worm","floor":2,"turns":3},{"damage":5,"enemies":"Small Slimes","floor":5,"turns":3},{"damage":3,"enemies":"3 Sentries","floor":11,"turns":5},{"damage":10,"enemies":"Blue Slaver","floor":12,"turns":3},{"damage":4,"enemies":"2 Fungi Beasts","floor":13,"turns":2},{"damage":15,"enemies":"Gremlin Nob","floor":14,"turns":4},{"damage":20,"enemies":"Slime Boss","floor":16,"turns":10},{"damage":12,"enemies":"3 Byrds","floor":18,"turns":4},{"damage":8,"enemies":"Shell Parasite","floor":20,"turns":4},{"damage":25,"enemies":"Centurion and Healer","floor":22,"turns":6},{"damage":22,"enemies":"Snecko","floor":24,"turns":4},{"damage":0,"enemies":"Snake Plant","floor":27,"turns":5},{"damage":15,"enemies":"Masked Bandits","floor":28,"turns":5},{"damage":72,"enemies":"Gremlin Leader","floor":31,"turns":7}],"relics_obtained":[{"floor":9,"key":"Pear"},{"floor":11,"key":"Bag of Marbles"},{"floor":14,"key":"Singing Bowl"},{"floor":26,"key":"Juzu Bracelet"},{"floor":28,"key":"Red Mask"}],"event_choices":[{"event_name":"The Cleric","player_choice":"Leave","floor":4,"damage_taken":0},{"event_name":"Golden Wing","player_choice":"Card Removal","floor":10,"damage_taken":0},{"event_name":"The Library","player_choice":"Read","floor":21,"damage_taken":0},{"event_name":"Masked Bandits","player_choice":"Fought over 104 gold","floor":28,"damage_taken":0},{"event_name":"Match and Keep!","player_choice":"2 cards matched","floor":29,"damage_taken":0}],"boss_relics":[{"not_picked":["Velvet Choker","Snecko Eye"],"picked":"Inserter"}],"items_purged_floors":[3,19],"potions_floor_spawned":[2,5,13,14,22,24],"seed_played":"-7804093730202020832","killed_by":"Gremlin Leader","ascension_level":0,"potions_obtained":[{"floor":2,"key":"AttackPotion"},{"floor":5,"key":"Energy Potion"},{"floor":13,"key":"Weak Potion"},{"floor":14,"key":"SpeedPotion"},{"floor":22,"key":"SneckoOil"},{"floor":24,"key":"Strength Potion"}],"is_trial":false}