{"gold_per_floor":[112,12,12,12,32,32,56,110,158,158,182,182],"floor_reached":12,"playtime":295,"items_purged":[],"score":95,"play_id":"6a3c14cc-c1ef-4cba-a548-4e2c424a212f","local_time":"20190423145706","is_ascension_mode":true,"campfire_choices":[{"floor":6,"key":"REST"},{"data":"Ghostly","floor":10,"key":"SMITH"}],"neow_cost":"PERCENT_DAMAGE","seed_source_timestamp":77397184790919,"circlet_count":0,"master_deck":["Strike_R","Strike_R","Strike_R","Strike_R","Strike_R","Defend_R","Defend_R","Defend_R","Defend_R","Bash","strawberrySpire:FortFortyFour","Ghostly+1"],"relics":["Burning Blood","Golden Idol","hubris:Towel","strawberrySpire:KineticCharger","Oddly Smooth Stone"],"potions_floor_usage":[12,12,12],"damage_taken":[{"damage":17,"enemies":"Jaw Worm","floor":1,"turns":6},{"damage":9,"enemies":"Small Slimes","floor":5,"turns":7},{"damage":0,"enemies":"2 Louse","floor":7,"turns":5},{"damage":23,"enemies":"Gremlin Gang","floor":11,"turns":11},{"damage":48,"enemies":"Lagavulin","floor":12,"turns":11}],"seed_played":"-8991653829421627586","potions_obtained":[{"floor":1,"key":"SteroidPotion"},{"floor":5,"key":"SpeedPotion"},{"floor":11,"key":"Venom Potion"}],"is_trial":false,"path_per_floor":["M","?","?","?","M","R","M","T","T","R","M","E"],"character_chosen":"IRONCLAD","items_purchased":[],"campfire_rested":1,"item_purchase_floors":[],"current_hp_per_floor":[40,40,20,20,17,41,47,47,47,47,30,0],"gold":182,"neow_bonus":"THREE_RARE_CARDS","is_prod":false,"is_daily":false,"chose_seed":false,"campfire_upgraded":1,"win_rate":0,"timestamp":1556045826,"path_taken":["M","?","?","?","?","R","M","?","T","R","M","E"],"build_version":"2019-01-23","purchased_purges":0,"victory":false,"max_hp_per_floor":[80,80,80,80,80,80,80,80,80,80,80,80],"card_choices":[{"not_picked":["strawberrySpire:Harvest","Exhume"],"picked":"strawberrySpire:FortFortyFour","floor":0},{"not_picked":["Absolvement","strawberrySpire:FireDrill","Run Through"],"picked":"SKIP","floor":1},{"not_picked":["strawberrySpire:ZonePlayer","Havoc","Warcry"],"picked":"SKIP","floor":5},{"not_picked":["Brutality","Rupture","Pommel Strike"],"picked":"SKIP","floor":7},{"not_picked":["Fire Breathing","Pommel Strike","Headbutt"],"picked":"SKIP","floor":11}],"player_experience":747332,"relics_obtained":[{"floor":8,"key":"strawberrySpire:KineticCharger"},{"floor":9,"key":"Oddly Smooth Stone"}],"event_choices":[{"damage_healed":0,"gold_gain":0,"player_choice":"Argue","damage_taken":0,"max_hp_gain":0,"max_hp_loss":0,"event_name":"conspire:LoneGhost","floor":2,"gold_loss":0},{"damage_healed":0,"gold_gain":0,"player_choice":"Take Damage","damage_taken":20,"relics_obtained":["Golden Idol"],"max_hp_gain":0,"max_hp_loss":0,"event_name":"Golden Idol","floor":3,"gold_loss":0}],"is_beta":false,"boss_relics":[],"items_purged_floors":[],"is_endless":false,"potions_floor_spawned":[1,5,11],"killed_by":"Lagavulin","ascension_level":8}