{"gold_per_floor":[119,137,83,97,97,130,130,160,160,180,180,243,276,292,292,396,396,416,466,516,566,581,581,592,624,624,163,229,378,378,395,395,395],"floor_reached":33,"playtime":2182,"items_purged":["Defend_R"],"score":355,"play_id":"2a5dd2bc-adf9-489d-8d5c-ae3b457e99b3","local_time":"20190216185014","is_ascension_mode":true,"campfire_choices":[{"data":"Metallicize","floor":11,"key":"SMITH"},{"data":"Flex","floor":15,"key":"SMITH"},{"data":"Shockwave","floor":23,"key":"SMITH"},{"floor":30,"key":"REST"},{"floor":32,"key":"REST"}],"neow_cost":"NONE","seed_source_timestamp":4241627758144,"circlet_count":0,"master_deck":["Strike_R","Strike_R","Strike_R","Strike_R","Defend_R","Defend_R","Bash+1","Anger","Clash","Flex+1","Reckless Charge","Metallicize+1","Spot Weakness","Ghostly Armor","Reaper","Iron Wave+1","Shockwave+1","Clash","Battle Trance","True Grit","Fiend Fire","Ghostly Armor"],"relics":["Burning Blood","Pantograph","SsserpentHead","Du-Vu Doll","Thread and Needle","Omamori","Empty Cage","Strawberry","Paper Frog","Red Skull","Brimstone"],"potions_floor_usage":[8,8,13,13,25,33,33],"damage_taken":[{"damage":12,"enemies":"Jaw Worm","floor":1,"turns":2},{"damage":2,"enemies":"2 Louse","floor":2,"turns":2},{"damage":1,"enemies":"Cultist","floor":4,"turns":3},{"damage":35,"enemies":"3 Sentries","floor":6,"turns":8},{"damage":20,"enemies":"Gremlin Nob","floor":8,"turns":4},{"damage":3,"enemies":"2 Fungi Beasts","floor":10,"turns":2},{"damage":7,"enemies":"Large Slime","floor":12,"turns":4},{"damage":20,"enemies":"Lagavulin","floor":13,"turns":4},{"damage":0,"enemies":"3 Louse","floor":14,"turns":3},{"damage":38,"enemies":"Hexaghost","floor":16,"turns":11},{"damage":17,"enemies":"Shell Parasite","floor":18,"turns":5},{"damage":4,"enemies":"Spheric Guardian","floor":22,"turns":4},{"damage":10,"enemies":"Chosen and Byrds","floor":24,"turns":7},{"damage":67,"enemies":"Gremlin Leader","floor":25,"turns":7},{"damage":41,"enemies":"Snake Plant","floor":28,"turns":3},{"damage":0,"enemies":"Sentry and Sphere","floor":31,"turns":3},{"damage":100,"enemies":"Automaton","floor":33,"turns":6}],"seed_played":"-9141430273757554964","potions_obtained":[{"floor":2,"key":"LiquidBronze"},{"floor":6,"key":"Block Potion"},{"floor":10,"key":"Strength Potion"},{"floor":12,"key":"Poison Potion"},{"floor":22,"key":"AttackPotion"},{"floor":24,"key":"FearPotion"},{"floor":31,"key":"Fire Potion"}],"is_trial":false,"path_per_floor":["M","M","$","M","?","E","?","E","T","M","R","M","E","M","R","B",null,"M","?","?","?","M","R","M","E","T","$","M","?","R","M","R","B"],"character_chosen":"IRONCLAD","items_purchased":["Flex","Red Skull","Brimstone","True Grit"],"campfire_rested":2,"item_purchase_floors":[3,27,27,27],"current_hp_per_floor":[82,86,86,88,88,59,59,45,45,48,48,47,33,39,39,32,88,77,77,77,77,86,86,82,34,34,34,8,8,36,42,70,0],"gold":395,"neow_bonus":"TEN_PERCENT_HP_BONUS","is_prod":false,"is_daily":false,"chose_seed":false,"campfire_upgraded":3,"win_rate":0,"timestamp":1550339414,"path_taken":["M","M","$","M","?","E","?","E","T","M","R","?","E","M","R","BOSS","M","?","?","?","M","R","M","E","T","$","?","?","R","M","R","BOSS"],"build_version":"2019-01-23","purchased_purges":1,"victory":false,"max_hp_per_floor":[88,88,88,88,88,88,88,88,88,88,88,88,88,88,88,88,88,88,88,88,88,88,88,88,95,95,95,95,95,95,95,95,95],"card_choices":[{"not_picked":["Clothesline","Havoc"],"picked":"Anger","floor":1},{"not_picked":["Wild Strike","Iron Wave"],"picked":"Clash","floor":2},{"not_picked":["Havoc","Shrug It Off"],"picked":"Reckless Charge","floor":4},{"not_picked":["Heavy Blade","Wild Strike","Bloodletting"],"picked":"SKIP","floor":6},{"not_picked":["Double Tap","Rampage","Wild Strike"],"picked":"SKIP","floor":8},{"not_picked":["Pommel Strike","Cleave"],"picked":"Metallicize","floor":10},{"not_picked":["Evolve","Perfected Strike","Flex"],"picked":"SKIP","floor":12},{"not_picked":["Wild Strike","Twin Strike"],"picked":"Spot Weakness","floor":13},{"not_picked":["Corruption","Shockwave"],"picked":"Ghostly Armor","floor":14},{"not_picked":["Barricade","Impervious"],"picked":"Reaper","floor":16},{"not_picked":["Perfected Strike","Headbutt"],"picked":"Iron Wave+1","floor":18},{"not_picked":["Flex","Dropkick+1"],"picked":"Shockwave","floor":22},{"not_picked":["Disarm","Shrug It Off"],"picked":"Clash","floor":24},{"not_picked":["Disarm","True Grit+1"],"picked":"Battle Trance","floor":25},{"not_picked":["Wild Strike","Perfected Strike+1"],"picked":"Fiend Fire","floor":28},{"not_picked":["Evolve","Uppercut"],"picked":"Ghostly Armor","floor":31}],"player_experience":205820,"relics_obtained":[{"floor":6,"key":"Pantograph"},{"floor":8,"key":"Du-Vu Doll"},{"floor":9,"key":"Thread and Needle"},{"floor":13,"key":"Omamori"},{"floor":25,"key":"Strawberry"},{"floor":26,"key":"Paper Frog"}],"event_choices":[{"damage_healed":0,"gold_gain":0,"player_choice":"Grow","damage_taken":0,"max_hp_gain":0,"max_hp_loss":0,"event_name":"Living Wall","floor":5,"gold_loss":0,"cards_upgraded":["Bash"]},{"damage_healed":0,"gold_gain":0,"player_choice":"Trade","damage_taken":0,"relics_obtained":["SsserpentHead"],"max_hp_gain":0,"max_hp_loss":0,"event_name":"FaceTrader","floor":7,"gold_loss":0},{"damage_healed":0,"gold_gain":0,"player_choice":"Ignored","damage_taken":0,"max_hp_gain":0,"max_hp_loss":0,"event_name":"Cursed Tome","floor":19,"gold_loss":0},{"damage_healed":0,"gold_gain":0,"player_choice":"Ignored","damage_taken":0,"max_hp_gain":0,"max_hp_loss":0,"event_name":"The Mausoleum","floor":20,"gold_loss":0},{"damage_healed":0,"gold_gain":0,"player_choice":"Cursed","damage_taken":0,"max_hp_gain":0,"max_hp_loss":0,"event_name":"Wheel of Change","floor":21,"gold_loss":0,"cards_obtained":["Decay"]},{"damage_healed":0,"gold_gain":99,"player_choice":"Stole From Cult","damage_taken":0,"max_hp_gain":0,"max_hp_loss":0,"event_name":"Nest","floor":29,"gold_loss":0}],"is_beta":false,"boss_relics":[{"not_picked":["Fusion Hammer","Eternal Feather"],"picked":"Empty Cage"}],"items_purged_floors":[27],"is_endless":false,"potions_floor_spawned":[2,6,10,12,22,24,31],"killed_by":"Automaton","ascension_level":3}