{"gold_per_floor":[118,133,133,149,170,205,205,228,228,228,301,335,350,363,363,489,489,514,514,532,532,532,572,584,619,631,643,34,67,90,115,115,115],"floor_reached":33,"playtime":2436,"items_purged":[],"score":324,"play_id":"df6f028c-8a65-4498-af8c-1bff99068291","local_time":"20190912164049","is_ascension_mode":false,"campfire_choices":[{"floor":7,"key":"REST"},{"floor":10,"key":"REST"},{"floor":15,"key":"REST"},{"floor":24,"key":"REST"},{"data":"Demon Form","floor":27,"key":"SMITH"},{"floor":32,"key":"REST"}],"neow_cost":"PERCENT_DAMAGE","seed_source_timestamp":15881792132200,"circlet_count":0,"master_deck":["Strike_R+1","Strike_R+1","Strike_R+1","Strike_R+1","Strike_R+1","Defend_R+1","Defend_R+1","Defend_R+1","Defend_R+1","Bash","Demon Form+1","Rampage","Heavy Blade","Injury","Whirlwind","Shockwave","Carnage","Infernal Blade","Battle Trance","Perfected Strike","Heavy Blade","Berserk","Flex","Uppercut+1","Decay","Intimidate","Twin Strike+1","Violence","Twin Strike+1","Thunderclap","Pommel Strike"],"relics":["Burning Blood","Golden Idol","Self Forming Clay","Bottled Tornado","Champion Belt","Ornamental Fan","Eternal Feather","MawBank","Sundial","Torii","Orichalcum","Potion Belt"],"potions_floor_usage":[12,33,33],"damage_taken":[{"damage":11,"enemies":"Jaw Worm","floor":1,"turns":5},{"damage":9,"enemies":"2 Louse","floor":2,"turns":3},{"damage":2,"enemies":"Small Slimes","floor":4,"turns":4},{"damage":13,"enemies":"Red Slaver","floor":5,"turns":4},{"damage":21,"enemies":"Lagavulin","floor":6,"turns":5},{"damage":5,"enemies":"3 Louse","floor":8,"turns":4},{"damage":24,"enemies":"3 Sentries","floor":11,"turns":4},{"damage":19,"enemies":"3 Sentries","floor":12,"turns":4},{"damage":14,"enemies":"Blue Slaver","floor":13,"turns":4},{"damage":8,"enemies":"Red Slaver","floor":14,"turns":3},{"damage":23,"enemies":"Slime Boss","floor":16,"turns":8},{"damage":34,"enemies":"Spheric Guardian","floor":18,"turns":5},{"damage":17,"enemies":"3 Byrds","floor":20,"turns":4},{"damage":40,"enemies":"Book of Stabbing","floor":23,"turns":5},{"damage":16,"enemies":"Snecko","floor":25,"turns":5},{"damage":32,"enemies":"Gremlin Leader","floor":29,"turns":6},{"damage":3,"enemies":"Shelled Parasite and Fungi","floor":30,"turns":4},{"damage":29,"enemies":"3 Cultists","floor":31,"turns":4},{"damage":76,"enemies":"Automaton","floor":33,"turns":6}],"seed_played":"5799124089312924150","potions_obtained":[{"floor":4,"key":"Energy Potion"},{"floor":8,"key":"Fire Potion"},{"floor":12,"key":"BloodPotion"},{"floor":14,"key":"Fire Potion"},{"floor":16,"key":"FearPotion"},{"floor":18,"key":"BloodPotion"},{"floor":20,"key":"Strength Potion"},{"floor":30,"key":"PowerPotion"}],"is_trial":false,"path_per_floor":["M","M","?","M","M","E","R","M","T","R","?","E","M","M","R","B",null,"M","?","M","?","?","E","R","M","T","R","$","E","M","M","R","B"],"character_chosen":"IRONCLAD","items_purchased":["Torii","Orichalcum","Violence"],"campfire_rested":5,"item_purchase_floors":[28,28,28],"current_hp_per_floor":[51,48,48,52,45,30,54,55,55,79,61,48,40,38,62,45,80,52,80,69,69,69,35,74,64,64,79,79,53,56,33,75,0],"gold":115,"neow_bonus":"THREE_RARE_CARDS","is_prod":false,"is_daily":false,"chose_seed":false,"campfire_upgraded":1,"win_rate":0.0,"timestamp":1568299249,"path_taken":["M","M","?","M","M","E","R","M","T","R","?","E","M","M","R","BOSS","M","?","?","?","?","E","R","M","T","R","$","E","M","?","R","BOSS"],"build_version":"2019-07-17","purchased_purges":0,"victory":false,"max_hp_per_floor":[80,80,80,80,80,80,80,80,80,80,80,80,80,80,80,80,80,80,80,80,80,80,80,80,80,80,80,80,80,80,80,80,80],"card_choices":[{"not_picked":["Dark Embrace","Fiend Fire"],"picked":"Demon Form","floor":0},{"not_picked":["Perfected Strike","Power Through"],"picked":"Rampage","floor":1},{"not_picked":["Dual Wield","Twin Strike"],"picked":"Heavy Blade","floor":2},{"not_picked":["Thunderclap","True Grit"],"picked":"Whirlwind","floor":4},{"not_picked":["Perfected Strike","Searing Blow"],"picked":"Shockwave","floor":5},{"not_picked":["Cleave","Wild Strike"],"picked":"Carnage","floor":6},{"not_picked":["Body Slam","True Grit"],"picked":"Infernal Blade","floor":8},{"not_picked":["Immolate","Clash"],"picked":"Battle Trance","floor":11},{"not_picked":["Wild Strike","True Grit"],"picked":"Perfected Strike","floor":12},{"not_picked":["Corruption","Feel No Pain"],"picked":"Blood for Blood","floor":13},{"not_picked":["Twin Strike","Cleave"],"picked":"Heavy Blade","floor":14},{"not_picked":["Bludgeon","Fiend Fire"],"picked":"Berserk","floor":16},{"not_picked":["Rage","Flame Barrier+1"],"picked":"Flex","floor":18},{"not_picked":["Thunderclap","Rampage"],"picked":"Uppercut+1","floor":20},{"not_picked":["Clothesline","Feel No Pain"],"picked":"Intimidate","floor":23},{"not_picked":["Cleave","Armaments"],"picked":"Twin Strike+1","floor":25},{"not_picked":["Carnage","Cleave+1"],"picked":"Twin Strike+1","floor":29},{"not_picked":["Shockwave","Perfected Strike"],"picked":"Thunderclap","floor":30},{"not_picked":["Rampage","Blood for Blood"],"picked":"Pommel Strike","floor":31}],"player_experience":45631,"relics_obtained":[{"floor":6,"key":"Self Forming Clay"},{"floor":9,"key":"Bottled Tornado"},{"floor":12,"key":"Ornamental Fan"},{"floor":23,"key":"MawBank"},{"floor":26,"key":"Sundial"},{"floor":29,"key":"Potion Belt"}],"event_choices":[{"damage_healed":0,"gold_gain":0,"player_choice":"Take Wound","damage_taken":0,"relics_obtained":["Golden Idol"],"max_hp_gain":0,"max_hp_loss":0,"event_name":"Golden Idol","floor":3,"gold_loss":0,"cards_obtained":["Injury"]},{"damage_healed":0,"gold_gain":30,"player_choice":"Searched \u00273\u0027 times","damage_taken":0,"relics_obtained":["Champion Belt"],"max_hp_gain":0,"max_hp_loss":0,"event_name":"Dead Adventurer","floor":11,"gold_loss":0},{"cards_removed":["Blood for Blood"],"damage_healed":28,"gold_gain":0,"player_choice":"Offered Uncommon","damage_taken":0,"max_hp_gain":0,"max_hp_loss":0,"event_name":"Bonfire Elementals","floor":19,"gold_loss":0},{"damage_healed":0,"gold_gain":0,"player_choice":"Simplicity","damage_taken":0,"max_hp_gain":0,"max_hp_loss":0,"event_name":"Back to Basics","floor":21,"gold_loss":0,"cards_upgraded":["Strike_R","Strike_R","Strike_R","Strike_R","Strike_R","Defend_R","Defend_R","Defend_R","Defend_R"]},{"damage_healed":0,"gold_gain":0,"player_choice":"Cursed","damage_taken":0,"max_hp_gain":0,"max_hp_loss":0,"event_name":"Wheel of Change","floor":22,"gold_loss":0,"cards_obtained":["Decay"]}],"is_beta":false,"boss_relics":[{"not_picked":["Astrolabe","Philosopher\u0027s Stone"],"picked":"Eternal Feather"}],"items_purged_floors":[],"is_endless":false,"potions_floor_spawned":[4,8,12,14,16,18,20,23,30],"killed_by":"Automaton","ascension_level":0}