{"gold_per_floor":[110,110,123,141,154,154,2,2,2,2,30,30,30,45,45,144,144,164,177,192,209,223,223,223,223,223,160,60,60,76,87,87,186,186,206,206,206,217,227,227],"floor_reached":40,"playtime":882,"items_purged":["Anger","Strike_R"],"score":415,"play_id":"ff1ab48b-6b3a-46e4-9717-e3710e5e5679","local_time":"20190426182343","is_ascension_mode":false,"campfire_choices":[{"data":"True Grit","floor":6,"key":"SMITH"},{"data":"Strike_R","floor":8,"key":"SMITH"},{"data":"Disarm","floor":13,"key":"SMITH"},{"data":"Iron Wave","floor":15,"key":"SMITH"},{"data":"Limit Break","floor":23,"key":"SMITH"},{"data":"Bash","floor":25,"key":"SMITH"},{"data":"Defend_R","floor":29,"key":"SMITH"},{"floor":32,"key":"REST"}],"neow_cost":"NONE","seed_source_timestamp":348402798167811,"circlet_count":0,"master_deck":["Strike_R+1","Strike_R","Strike_R","Defend_R+1","Defend_R","Defend_R","Defend_R","Bash+1","Disarm+1","True Grit+1","Iron Wave+1","Limit Break+1","Shockwave+1","strawberrySpire:PowerStomp+1","Sword Boomerang+1","Shrug It Off+1","Reaper","Limit Break+1","Limit Break+1","Limit Break+1"],"relics":["Burning Blood","Strawberry","Baseball","Regal Pillow","Replay:WaspNest","strawberrySpire:JuiceKeg","aspiration:RitualStick","MawBank","conspire:RunicOctahedron","strawberrySpire:BrokenVision","Iron Hammer"],"potions_floor_usage":[16],"damage_taken":[{"damage":2,"enemies":"Cultist","floor":1,"turns":4},{"damage":11,"enemies":"Jaw Worm","floor":3,"turns":4},{"damage":5,"enemies":"Small Slimes","floor":4,"turns":5},{"damage":7,"enemies":"Exordium Wildlife","floor":5,"turns":4},{"damage":30,"enemies":"Gremlin Nob","floor":11,"turns":5},{"damage":7,"enemies":"Blue Slaver","floor":14,"turns":3},{"damage":19,"enemies":"Hexaghost","floor":16,"turns":11},{"damage":5,"enemies":"Shell Parasite","floor":18,"turns":6},{"damage":17,"enemies":"Spheric Guardian","floor":19,"turns":4},{"damage":6,"enemies":"Snake Plant","floor":20,"turns":4},{"damage":5,"enemies":"Shelled Parasite and Fungi","floor":21,"turns":4},{"damage":25,"enemies":"Centurion and Healer","floor":22,"turns":4},{"damage":0,"enemies":"Snecko","floor":30,"turns":4},{"damage":10,"enemies":"Snake Plant","floor":31,"turns":3},{"damage":49,"enemies":"Champ","floor":33,"turns":10},{"damage":19,"enemies":"Orb Walker","floor":35,"turns":3},{"damage":35,"enemies":"3 Shapes","floor":38,"turns":4},{"damage":43,"enemies":"Spire Growth","floor":39,"turns":4},{"damage":46,"enemies":"Sphere and 2 Shapes","floor":40,"turns":5}],"seed_played":"4775380261431309725","potions_obtained":[{"floor":1,"key":"Fire Potion"},{"floor":4,"key":"Fire Potion"},{"floor":11,"key":"PowerPotion"},{"floor":19,"key":"Block Potion"},{"floor":35,"key":"AttackPotion"}],"is_trial":false,"path_per_floor":["M","?","M","M","M","R","$","R","T","?","E","$","R","M","R","B",null,"M","M","M","M","M","R","?","R","T","$","$","R","M","M","R","B",null,"M","?","T","M","M","M"],"character_chosen":"IRONCLAD","items_purchased":["Baseball"],"campfire_rested":1,"item_purchase_floors":[7],"current_hp_per_floor":[80,69,64,65,64,64,64,64,64,57,33,33,33,32,32,19,87,87,76,76,77,58,58,52,52,52,52,52,52,58,54,87,44,87,86,57,57,48,32,0],"gold":227,"neow_bonus":"THREE_CARDS","is_prod":false,"is_daily":false,"chose_seed":false,"campfire_upgraded":7,"win_rate":0,"timestamp":1556317423,"path_taken":["M","?","M","M","M","R","$","R","T","?","E","?","R","M","R","BOSS","M","?","M","M","?","R","?","R","T","?","$","R","M","M","R","BOSS","M","?","?","M","?","M"],"build_version":"2019-01-23","purchased_purges":2,"victory":false,"max_hp_per_floor":[80,87,87,87,87,87,87,87,87,87,87,87,87,87,87,87,87,87,87,87,87,87,87,87,87,87,87,87,87,87,87,87,87,87,87,87,87,87,87,87],"card_choices":[{"not_picked":["Replay:Undeath\u0027s Touch","Shockwave"],"picked":"Disarm","floor":0},{"not_picked":["Heavy Blade","Cleave"],"picked":"True Grit","floor":1},{"not_picked":["ReplayTheSpireMod:Muscle Training","strawberrySpire:Endurance"],"picked":"Iron Wave","floor":3},{"not_picked":["Corruption","Headbutt","strawberrySpire:Endurance"],"picked":"SKIP","floor":4},{"not_picked":["Intimidate","Entrench","strawberrySpire:ZonePlayer"],"picked":"SKIP","floor":5},{"not_picked":["Immolate","Dropkick"],"picked":"Anger","floor":11},{"not_picked":["strawberrySpire:DebrisPile","Ghostly Armor","Cleave"],"picked":"SKIP","floor":14},{"not_picked":["Dark Embrace","Double Tap"],"picked":"Limit Break","floor":16},{"not_picked":["Reckless Charge+1","Armaments+1"],"picked":"Shockwave+1","floor":18},{"not_picked":["strawberrySpire:Spite","Thunderclap"],"picked":"strawberrySpire:PowerStomp+1","floor":19},{"not_picked":["Sentinel","Warcry","Invigoration+1"],"picked":"SKIP","floor":20},{"not_picked":["Massacre","Dual Wield"],"picked":"Sword Boomerang+1","floor":21},{"not_picked":["Perfected Strike","Infernal Blade","strawberrySpire:Endurance"],"picked":"SKIP","floor":22},{"not_picked":["Shockwave","strawberrySpire:Incursion","Heavy Blade"],"picked":"SKIP","floor":30},{"not_picked":["Anger","Havoc"],"picked":"Shrug It Off+1","floor":31},{"not_picked":["hubris:StunningStrike","Fiend Fire"],"picked":"Reaper","floor":33},{"not_picked":["Cleave+1","Seeing Red","strawberrySpire:PumpUp+1"],"picked":"SKIP","floor":35},{"not_picked":["Rupture","strawberrySpire:FireDrill","ReplayTheSpireMod:Muscle Training"],"picked":"SKIP","floor":38},{"not_picked":["Bloodletting","Sever Soul","Run Through+1"],"picked":"SKIP","floor":39}],"player_experience":753018,"relics_obtained":[{"floor":9,"key":"Regal Pillow"},{"floor":11,"key":"Replay:WaspNest"},{"floor":26,"key":"MawBank"},{"floor":37,"key":"Iron Hammer"}],"event_choices":[{"damage_healed":0,"gold_gain":0,"player_choice":"Success","damage_taken":18,"relics_obtained":["Strawberry"],"max_hp_gain":0,"max_hp_loss":0,"event_name":"Scrap Ooze","floor":2,"gold_loss":0},{"cards_removed":["Strike_R"],"damage_healed":0,"gold_gain":0,"player_choice":"Card Removal","damage_taken":7,"max_hp_gain":0,"max_hp_loss":0,"event_name":"Golden Wing","floor":10,"gold_loss":0}],"is_beta":false,"boss_relics":[{"not_picked":["Runic Pyramid","Runic Dome"],"picked":"strawberrySpire:JuiceKeg"},{"not_picked":["Replay:Bronze Core","White Beast Statue"],"picked":"conspire:RunicOctahedron"}],"items_purged_floors":[27,28],"is_endless":false,"potions_floor_spawned":[1,4,11,19,22,30,33,35,38],"killed_by":"Sphere and 2 Shapes","ascension_level":0}