{"gold_per_floor":[119,139,214,214,231,265,284,310,336,351,178,178,178,190,190,190],"floor_reached":16,"playtime":840,"items_purged":["Strike_R"],"score":118,"play_id":"8acb9094-1708-4770-8dfa-88e1e4d9d658","local_time":"20190205113237","is_ascension_mode":true,"campfire_choices":[{"floor":15,"key":"RECALL"}],"neow_cost":"NONE","seed_source_timestamp":17283904145884,"circlet_count":0,"master_deck":["Strike_R","Strike_R","Strike_R","Strike_R","Defend_R","Defend_R","Defend_R","Bash","Heavy Blade","Whirlwind","Iron Wave","Shrug It Off","Inflame","Parasite","Metallicize"],"relics":["Burning Blood","Dream Catcher","Pen Nib"],"potions_floor_usage":[7,16,16,16],"damage_taken":[{"damage":2,"enemies":"2 Louse","floor":1,"turns":4},{"damage":2,"enemies":"Small Slimes","floor":2,"turns":3},{"damage":1,"enemies":"Cultist","floor":5,"turns":4},{"damage":48,"enemies":"Gremlin Nob","floor":6,"turns":5},{"damage":0,"enemies":"3 Louse","floor":7,"turns":2},{"damage":36,"enemies":"3 Sentries","floor":8,"turns":6},{"damage":10,"enemies":"Looter","floor":10,"turns":3},{"damage":11,"enemies":"Exordium Thugs","floor":14,"turns":3},{"damage":38,"enemies":"Hexaghost","floor":16,"turns":9}],"seed_played":"-2366986166997355306","potions_obtained":[{"floor":1,"key":"Ancient Potion"},{"floor":2,"key":"Explosive Potion"},{"floor":7,"key":"Strength Potion"},{"floor":10,"key":"BloodPotion"},{"floor":13,"key":"SpeedPotion"}],"is_trial":false,"path_per_floor":["M","M","?","?","M","E","M","E","T","M","$","?","?","M","R","B"],"character_chosen":"IRONCLAD","items_purchased":["Shrug It Off","Inflame"],"campfire_rested":0,"item_purchase_floors":[11,11],"current_hp_per_floor":[88,88,77,77,82,40,46,16,16,12,12,34,34,29,29,0],"gold":190,"neow_bonus":"TEN_PERCENT_HP_BONUS","is_prod":false,"is_daily":false,"chose_seed":false,"campfire_upgraded":0,"win_rate":0,"timestamp":1549362757,"path_taken":["M","M","?","?","M","E","M","E","T","?","$","?","?","M","R","BOSS"],"build_version":"2019-01-23","purchased_purges":1,"victory":false,"max_hp_per_floor":[88,88,88,88,88,88,88,88,88,88,88,88,88,88,88,88],"card_choices":[{"not_picked":["Sever Soul","Flex"],"picked":"Heavy Blade","floor":1},{"not_picked":["True Grit","Rupture","Sever Soul"],"picked":"SKIP","floor":2},{"not_picked":["Headbutt","Wild Strike","Limit Break"],"picked":"SKIP","floor":5},{"not_picked":["True Grit","Blood for Blood","Havoc"],"picked":"SKIP","floor":6},{"not_picked":["Rage","True Grit"],"picked":"Whirlwind","floor":7},{"not_picked":["Sword Boomerang","Havoc"],"picked":"Iron Wave","floor":8},{"not_picked":["Pummel","Rage","Havoc"],"picked":"SKIP","floor":10},{"not_picked":["Burning Pact","Wild Strike"],"picked":"Metallicize","floor":14}],"player_experience":127202,"relics_obtained":[{"floor":6,"key":"Dream Catcher"},{"floor":8,"key":"Pen Nib"}],"event_choices":[{"damage_healed":0,"gold_gain":75,"player_choice":"Gather Gold","damage_taken":11,"max_hp_gain":0,"max_hp_loss":0,"event_name":"World of Goop","floor":3,"gold_loss":0},{"cards_removed":["Defend_R"],"damage_healed":0,"gold_gain":0,"player_choice":"Offered Basic","damage_taken":0,"max_hp_gain":0,"max_hp_loss":0,"event_name":"Bonfire Elementals","floor":4,"gold_loss":0},{"damage_healed":22,"gold_gain":0,"player_choice":"Healed and dodged fight","damage_taken":0,"max_hp_gain":0,"max_hp_loss":0,"event_name":"Mushrooms","floor":12,"gold_loss":0,"cards_obtained":["Parasite"]},{"damage_healed":0,"gold_gain":0,"player_choice":"Got Potions","damage_taken":0,"max_hp_gain":0,"max_hp_loss":0,"event_name":"Lab","floor":13,"gold_loss":0}],"is_beta":false,"boss_relics":[],"items_purged_floors":[11],"is_endless":false,"potions_floor_spawned":[1,2,7,10],"killed_by":"Hexaghost","ascension_level":1}