{"path_per_floor":["M","?","$","?","M","E","?","?","T","E","$","M","M","M","R","B",null,"M","M","?","M","M","R"],"character_chosen":"IRONCLAD","items_purchased":["Shrug It Off"],"gold_per_floor":[113,63,63,63,83,112,112,112,112,144,92,105,123,133,133,235,235,247,263,263,277,292,292,292],"floor_reached":24,"campfire_rested":0,"playtime":839,"current_hp_per_floor":[80,80,80,80,80,80,73,73,83,57,57,59,65,64,64,9,90,77,72,56,45,42,42,0],"items_purged":[],"gold":292,"score":233,"play_id":"e9ebfb25-8434-4517-a596-1c5b9ac05764","local_time":"20180418152310","is_prod":false,"is_daily":false,"chose_seed":false,"is_ascension_mode":false,"campfire_upgraded":2,"timestamp":1524079390,"path_taken":["M","?","$","?","M","E","?","?","T","E","?","M","M","?","R","BOSS","M","M","?","M","?","R","E"],"build_version":"2018-04-12","seed_source_timestamp":1524719710835469,"purchased_purges":0,"victory":false,"master_deck":["Strike_R","Strike_R","Strike_R","Strike_R","Strike_R","Defend_R","Defend_R","Defend_R","Bash","Shrug It Off+1","Body Slam","Metallicize","Shrug It Off","Feel No Pain","Body Slam+1","Juggernaut","Double Tap","True Grit+1","Flame Barrier","Disarm","True Grit","Carnage","Body Slam+1","Thunderclap","Flame Barrier+1"],"max_hp_per_floor":[80,80,80,80,80,80,80,80,90,90,90,90,90,90,90,90,90,90,90,90,90,90,90,90],"relics":["Burning Blood","NeowsBlessing","Calipers","Matryoshka","Pear","Blue Candle","Oddly Smooth Stone","Orrery","Nilry\u0027s Codex"],"card_choices":[{"not_picked":["Armaments","Sword Boomerang"],"picked":"Shrug It Off","floor":1},{"not_picked":["Heavy Blade","Exhume"],"picked":"Body Slam","floor":5},{"not_picked":["Seeing Red","Battle Trance"],"picked":"Metallicize","floor":6},{"not_picked":["Shrug It Off","Uppercut"],"picked":"Feel No Pain","floor":12},{"not_picked":["Second Wind","Headbutt"],"picked":"Body Slam","floor":13},{"not_picked":["Perfected Strike","Twin Strike"],"picked":"Juggernaut","floor":14},{"not_picked":["Reaper","Berserk"],"picked":"Double Tap","floor":16},{"not_picked":["Second Wind","Body Slam"],"picked":"True Grit","floor":17},{"not_picked":["Clothesline","Twin Strike"],"picked":"Flame Barrier","floor":17},{"not_picked":["True Grit","Seeing Red"],"picked":"Disarm","floor":17},{"not_picked":["Cleave","Body Slam"],"picked":"True Grit","floor":17},{"not_picked":["Dark Embrace","Perfected Strike"],"picked":"Carnage","floor":17},{"not_picked":["Twin Strike","Shrug It Off"],"picked":"Body Slam","floor":18},{"not_picked":["Sword Boomerang","Infernal Blade"],"picked":"Thunderclap","floor":19},{"not_picked":["Shrug It Off","Perfected Strike"],"picked":"Flame Barrier","floor":21}],"player_experience":371522,"potions_floor_usage":[14,16,24],"damage_taken":[{"damage":0,"enemies":"Small Slimes","floor":1,"turns":1},{"damage":0,"enemies":"Jaw Worm","floor":5,"turns":1},{"damage":0,"enemies":"Lagavulin","floor":6,"turns":1},{"damage":32,"enemies":"Gremlin Nob","floor":10,"turns":5},{"damage":4,"enemies":"2 Louse","floor":12,"turns":4},{"damage":0,"enemies":"2 Fungi Beasts","floor":13,"turns":7},{"damage":7,"enemies":"3 Louse","floor":14,"turns":3},{"damage":61,"enemies":"Hexaghost","floor":16,"turns":13},{"damage":19,"enemies":"Spheric Guardian","floor":18,"turns":8},{"damage":11,"enemies":"3 Byrds","floor":19,"turns":4},{"damage":17,"enemies":"Snake Plant","floor":21,"turns":5},{"damage":9,"enemies":"Centurion and Healer","floor":22,"turns":10},{"damage":57,"enemies":"Slavers","floor":24,"turns":6}],"event_choices":[{"event_name":"The Cleric","player_choice":"Card Removal","floor":2,"damage_taken":0},{"event_name":"Living Wall","player_choice":"Grow","floor":4,"damage_taken":0},{"event_name":"Scrap Ooze","player_choice":"success","floor":7,"damage_taken":7},{"event_name":"Dead Adventurer","player_choice":"Searched \u00270\u0027 times","floor":8,"damage_taken":0},{"event_name":"Cursed Tome","player_choice":"Obtained Book","floor":20,"damage_taken":0}],"boss_relics":[{"not_picked":["White Beast Statue","Pandora\u0027s Box"],"picked":"Orrery"}],"potions_floor_spawned":[10,12,14,16,19,22],"seed_played":"-2390931244752594893","killed_by":"Slavers","ascension_level":0,"is_trial":false}