{"path_per_floor":["M","?","M","M","M","R","M","E","T","M","R","?","R","M","R","B",null,"M","M","?","$","?"],"character_chosen":"IRONCLAD","items_purchased":["Apotheosis"],"gold_per_floor":[117,117,127,147,162,162,176,208,208,222,222,297,297,313,313,413,413,433,449,449,199,199],"floor_reached":23,"campfire_rested":1,"playtime":504,"current_hp_per_floor":[86,86,88,86,88,88,75,75,75,81,81,70,70,44,70,9,88,79,62,46,46,29],"items_purged":["Defend_R"],"gold":199,"score":193,"play_id":"9cb004b5-66c3-423f-ae8b-ea0162fcacc8","local_time":"20180320164315","is_prod":false,"is_daily":false,"is_ascension_mode":false,"campfire_upgraded":1,"timestamp":1521578595,"path_taken":["M","?","M","M","M","R","M","E","T","M","R","?","R","M","R","BOSS","M","?","?","$","?","E"],"build_version":"2018-03-15v3","purchased_purges":1,"victory":false,"master_deck":["Strike_R","Strike_R","Strike_R","Strike_R","Strike_R","Defend_R","Defend_R","Defend_R","Bash+1","Clash+1","Thunderclap","Flex","Clash","Necronomicurse","Apotheosis"],"max_hp_per_floor":[88,88,88,88,88,88,88,88,88,88,88,88,88,88,88,88,88,88,88,88,88,93],"relics":["Burning Blood","Shovel","Oddly Smooth Stone","Self Forming Clay","Frozen Egg 2","Velvet Choker","Necronomicon"],"card_choices":[{"not_picked":["Feel No Pain","Reaper"],"picked":"Clash"},{"not_picked":["Havoc","True Grit"],"picked":"Thunderclap"},{"not_picked":["Headbutt","Perfected Strike"],"picked":"Flex"},{"not_picked":["Armaments","Rupture"],"picked":"Clash"}],"player_experience":217456,"potions_floor_usage":[],"damage_taken":[{"damage":8,"enemies":"Small Slimes","floor":1,"turns":3},{"damage":1,"enemies":"Cultist","floor":3,"turns":3},{"damage":8,"enemies":"2 Louse","floor":4,"turns":3},{"damage":0,"enemies":"2 Fungi Beasts","floor":5,"turns":4},{"damage":19,"enemies":"Blue Slaver","floor":7,"turns":3},{"damage":6,"enemies":"Gremlin Nob","floor":8,"turns":3},{"damage":0,"enemies":"Exordium Wildlife","floor":10,"turns":3},{"damage":32,"enemies":"Gremlin Gang","floor":14,"turns":4},{"damage":67,"enemies":"Slime Boss","floor":16,"turns":12},{"damage":15,"enemies":"Chosen","floor":18,"turns":4},{"damage":23,"enemies":"Spheric Guardian","floor":19,"turns":4},{"damage":33,"enemies":"Book of Stabbing","floor":23,"turns":4}],"event_choices":[{"event_name":"Upgrade Shrine","player_choice":"Upgraded","floor":2,"damage_taken":0},{"event_name":"World of Goop","player_choice":"Gather Gold","floor":12,"damage_taken":0},{"event_name":"Cursed Tome","player_choice":"Obtained Book","floor":20,"damage_taken":0},{"event_name":"Forgotten Altar","player_choice":"Shed Blood","floor":22,"damage_taken":0}],"boss_relics":[{"not_picked":["Question Card","Mark of Pain"],"picked":"Velvet Choker"}],"potions_floor_spawned":[5,10,14,16],"seed_played":"129350491731353766","killed_by":"Book of Stabbing","ascension_level":0,"is_trial":false}