{"gold_per_floor":[117,128,148,323,323,352,409,409,484,484,518,30,40,16,16,117,117,129,147,161,161,178,178],"floor_reached":23,"playtime":2123,"items_purged":[],"score":201,"play_id":"9154a65c-753d-4a31-8443-b396a7535557","local_time":"20190911190334","is_ascension_mode":false,"campfire_choices":[{"floor":10,"key":"REST"},{"data":"Zap","floor":15,"key":"SMITH"}],"neow_cost":"NONE","seed_source_timestamp":54194088076700,"circlet_count":0,"master_deck":["Strike_B","Strike_B","Strike_B","Defend_B","Defend_B","Defend_B","Defend_B","Zap+1","Dualcast","Double Energy","Cold Snap","Streamline","Undo","Doubt","Sweeping Beam","Darkness","Heatsinks+1","The Bomb","Static Discharge+1","Stack","Self Repair+1","Redo","Creative AI+1","Streamline+1","Chill+1","BootSequence","Decay","Glacier+1"],"relics":["Cracked Core","Vajra","Frozen Egg 2","Ancient Tea Set","Molten Egg 2","Oddly Smooth Stone","Lee\u0027s Waffle","Snecko Eye"],"potions_floor_usage":[11,11],"damage_taken":[{"damage":0,"enemies":"2 Louse","floor":1,"turns":2},{"damage":1,"enemies":"Jaw Worm","floor":2,"turns":3},{"damage":0,"enemies":"Small Slimes","floor":3,"turns":3},{"damage":14,"enemies":"Gremlin Nob","floor":6,"turns":4},{"damage":44,"enemies":"Lagavulin Event","floor":7,"turns":8},{"damage":31,"enemies":"Lagavulin","floor":11,"turns":7},{"damage":9,"enemies":"2 Fungi Beasts","floor":13,"turns":3},{"damage":39,"enemies":"Hexaghost","floor":16,"turns":7},{"damage":10,"enemies":"Chosen","floor":18,"turns":4},{"damage":22,"enemies":"Spheric Guardian","floor":19,"turns":4},{"damage":53,"enemies":"3 Cultists","floor":20,"turns":5},{"damage":19,"enemies":"Cultist and Chosen","floor":22,"turns":8},{"damage":10,"enemies":"Gremlin Leader","floor":23,"turns":4}],"seed_played":"-5389939221330328545","potions_obtained":[{"floor":1,"key":"Regen Potion"},{"floor":3,"key":"SkillPotion"},{"floor":6,"key":"SmokeBomb"},{"floor":11,"key":"Weak Potion"},{"floor":20,"key":"LiquidBronze"}],"is_trial":false,"path_per_floor":["M","M","M","?","?","E","?","?","T","R","E","$","M","$","R","B",null,"M","M","M","?","M","E"],"character_chosen":"DEFECT","items_purchased":["Lee\u0027s Waffle","The Bomb","Static Discharge+1","Stack","Redo"],"campfire_rested":1,"item_purchase_floors":[12,12,12,12,14],"current_hp_per_floor":[75,74,74,74,71,57,13,13,13,35,19,82,73,73,73,44,82,82,70,27,27,8,0],"gold":178,"neow_bonus":"TRANSFORM_CARD","is_prod":false,"is_daily":false,"chose_seed":false,"campfire_upgraded":1,"win_rate":0.0,"timestamp":1568221414,"path_taken":["M","M","M","?","?","E","?","?","T","R","E","$","M","$","R","BOSS","M","M","M","?","M","E"],"build_version":"2019-07-17","purchased_purges":0,"victory":false,"max_hp_per_floor":[75,75,75,75,75,75,75,75,75,75,75,82,82,82,82,82,82,82,82,82,82,82,82],"card_choices":[{"not_picked":["Undo","Coolheaded"],"picked":"Cold Snap","floor":1},{"not_picked":["Steam","Redo"],"picked":"Streamline","floor":2},{"not_picked":["Streamline","Go for the Eyes"],"picked":"Undo","floor":3},{"not_picked":["Redo","Barrage"],"picked":"Sweeping Beam","floor":6},{"not_picked":["Go for the Eyes","Stack"],"picked":"Darkness","floor":7},{"not_picked":["Sweeping Beam+1","Go for the Eyes+1"],"picked":"Heatsinks+1","floor":11},{"not_picked":["Sweeping Beam+1","Gash+1"],"picked":"Self Repair+1","floor":13},{"not_picked":["Multi-Cast","Machine Learning+1"],"picked":"Creative AI+1","floor":16},{"not_picked":["Reprogram+1","Leap+1"],"picked":"Streamline+1","floor":18},{"not_picked":["Redo","Steam"],"picked":"Chill+1","floor":19},{"not_picked":["Beam Cell+1","Hologram"],"picked":"BootSequence","floor":20},{"not_picked":["Scrape+1","Coolheaded"],"picked":"Glacier+1","floor":22}],"player_experience":9005,"relics_obtained":[{"floor":6,"key":"Frozen Egg 2"},{"floor":9,"key":"Molten Egg 2"},{"floor":11,"key":"Oddly Smooth Stone"}],"event_choices":[{"damage_healed":0,"gold_gain":175,"player_choice":"AGREE","damage_taken":0,"max_hp_gain":0,"max_hp_loss":0,"event_name":"Liars Game","floor":4,"gold_loss":0,"cards_obtained":["Doubt"]},{"damage_healed":0,"gold_gain":0,"player_choice":"Success","damage_taken":3,"relics_obtained":["Vajra"],"max_hp_gain":0,"max_hp_loss":0,"event_name":"Scrap Ooze","floor":5,"gold_loss":0},{"damage_healed":0,"gold_gain":30,"player_choice":"Searched \u00273\u0027 times","damage_taken":0,"relics_obtained":["Ancient Tea Set"],"max_hp_gain":0,"max_hp_loss":0,"event_name":"Dead Adventurer","floor":7,"gold_loss":0},{"damage_healed":0,"gold_gain":0,"player_choice":"Ignored","damage_taken":0,"max_hp_gain":0,"max_hp_loss":0,"event_name":"Shining Light","floor":8,"gold_loss":0},{"damage_healed":0,"gold_gain":0,"player_choice":"Smashed Altar","damage_taken":0,"max_hp_gain":0,"max_hp_loss":0,"event_name":"Forgotten Altar","floor":21,"gold_loss":0,"cards_obtained":["Decay"]}],"is_beta":false,"boss_relics":[{"not_picked":["Empty Cage","Runic Pyramid"],"picked":"Snecko Eye"}],"items_purged_floors":[],"is_endless":false,"potions_floor_spawned":[1,3,6,11,20],"killed_by":"Gremlin Leader","ascension_level":0}