{"gold_per_floor":[110,125,125,125,50,50,91,91,161,161,199,217,217,242,242,338,338,353,353,403,426,16,16,56,69,151,175,175],"floor_reached":28,"playtime":2196,"items_purged":[],"score":492,"play_id":"5ba9b9fc-95db-40a2-9d49-10331d2e3b24","local_time":"20190820011433","is_ascension_mode":true,"campfire_choices":[{"data":"Zap","floor":6.0,"key":"SMITH"},{"data":"Steam Power","floor":8.0,"key":"SMITH"},{"data":"Dualcast","floor":10.0,"key":"SMITH"},{"data":"Coolheaded","floor":15.0,"key":"SMITH"},{"floor":23,"key":"REST"}],"neow_cost":"NONE","seed_source_timestamp":483230013791876,"circlet_count":0,"master_deck":["AscendersBane","Strike_B+1","Strike_B+1","Strike_B+1","Strike_B+1","Defend_B+1","Defend_B+1","Defend_B+1","Defend_B+1","Zap+1","Dualcast+1","FTL","Steam Power+1","Gash","All For One+1","Steam","Coolheaded+1","Creative AI+1","Gash+1","Turbo","Panache+1","Static Discharge+1","Hologram+1","Go for the Eyes+1","Creative AI+1"],"special_seed":0,"relics":["Cracked Core","Golden Idol","Emotion Chip","Frozen Egg 2","Lantern","GremlinMask","Runic Dome","Whetstone","Mercury Hourglass","Letter Opener"],"potions_floor_usage":[16],"damage_taken":[{"damage":14.0,"enemies":"Small Slimes","floor":1.0,"turns":4.0},{"damage":7.0,"enemies":"Jaw Worm","floor":2.0,"turns":2.0},{"damage":29.0,"enemies":"Lagavulin","floor":7.0,"turns":8.0},{"damage":27.0,"enemies":"3 Sentries","floor":11.0,"turns":7.0},{"damage":0.0,"enemies":"Cultist","floor":12.0,"turns":2.0},{"damage":1.0,"enemies":"Exordium Thugs","floor":14.0,"turns":2.0},{"damage":13,"enemies":"Slime Boss","floor":16,"turns":8},{"damage":10,"enemies":"Spheric Guardian","floor":18,"turns":4},{"damage":28,"enemies":"3 Byrds","floor":21,"turns":4},{"damage":21,"enemies":"Gremlin Leader","floor":24,"turns":5},{"damage":21,"enemies":"Centurion and Healer","floor":25,"turns":4},{"damage":5,"enemies":"3 Cultists","floor":27,"turns":3},{"damage":14,"enemies":"Snecko","floor":28,"turns":3}],"seed_played":"8336233558318034081","potions_obtained":[{"floor":1.0,"key":"AttackPotion"},{"floor":7.0,"key":"Regen Potion"},{"floor":12.0,"key":"FearPotion"},{"floor":14.0,"key":"FocusPotion"},{"floor":27,"key":"Weak Potion"}],"is_trial":false,"path_per_floor":["M","M","?","?","?","R","E","R","T","R","E","M","?","M","R","B",null,"M","?","?","M","$","R","E","M","T","M","M"],"character_chosen":"DEFECT","items_purchased":["Panache+1","Static Discharge+1","Whetstone"],"campfire_rested":1,"item_purchase_floors":[22,22,22],"current_hp_per_floor":[57,50,76,76,76,76,47,47,47,47,35,35,35,34,34,21,64,54,54,54,26,26,49,28,7,7,2,0],"gold":175,"neow_bonus":"TEN_PERCENT_HP_BONUS","is_prod":false,"is_daily":false,"chose_seed":false,"campfire_upgraded":4,"win_rate":0,"timestamp":1566288873,"path_taken":["M","M","?","?","?","R","E","R","T","R","E","M","?","?","R","BOSS","M","?","?","M","$","R","E","M","T","M","?"],"build_version":"2019-07-17","purchased_purges":0,"victory":false,"max_hp_per_floor":[78,78,78,78,78,78,78,78,78,78,78,78,78,78,78,78,78,78,78,78,78,78,78,78,78,78,78,78],"card_choices":[{"not_picked":["Rebound","Aggregate"],"picked":"FTL","floor":1.0},{"not_picked":["Tempest","Steam Power","Blizzard"],"picked":"SKIP","floor":2.0},{"not_picked":["Tempest","Blizzard"],"picked":"Steam Power","floor":2.0},{"not_picked":["Sweeping Beam","Conserve Battery"],"picked":"Gash","floor":7.0},{"not_picked":["Self Repair+1","Barrage"],"picked":"All For One","floor":11.0},{"not_picked":["Compile Driver","Ball Lightning"],"picked":"Steam","floor":12.0},{"not_picked":["Storm+1","Sweeping Beam"],"picked":"Coolheaded","floor":14.0},{"not_picked":["Meteor Strike","Rainbow"],"picked":"Creative AI+1","floor":16},{"not_picked":["Genetic Algorithm","Cold Snap"],"picked":"Gash","floor":18},{"not_picked":["White Noise","Cold Snap"],"picked":"Turbo","floor":21},{"not_picked":["FTL","Rebound"],"picked":"Hologram+1","floor":24},{"not_picked":["Leap","Ball Lightning+1"],"picked":"Go for the Eyes+1","floor":25},{"not_picked":["FTL","Consume"],"picked":"Creative AI+1","floor":27}],"player_experience":700239,"relics_obtained":[{"floor":7.0,"key":"Emotion Chip"},{"floor":9.0,"key":"Frozen Egg 2"},{"floor":11.0,"key":"Lantern"},{"floor":24,"key":"Mercury Hourglass"},{"floor":26,"key":"Letter Opener"}],"event_choices":[{"damage_healed":26.0,"max_hp_gain":0.0,"max_hp_loss":0.0,"gold_gain":0.0,"event_name":"Big Fish","player_choice":"Banana","floor":3.0,"gold_loss":0.0,"damage_taken":0.0},{"damage_healed":0.0,"max_hp_gain":0.0,"max_hp_loss":0.0,"gold_gain":0.0,"event_name":"Golden Idol","player_choice":"Take Wound","floor":4.0,"gold_loss":0.0,"damage_taken":0.0,"relics_obtained":["Golden Idol"],"cards_obtained":["Injury"]},{"cards_removed":["Injury"],"damage_healed":0.0,"max_hp_gain":0.0,"max_hp_loss":0.0,"gold_gain":0.0,"event_name":"The Cleric","player_choice":"Card Removal","floor":5.0,"gold_loss":75.0,"damage_taken":0.0},{"damage_healed":0.0,"max_hp_gain":0.0,"max_hp_loss":0.0,"gold_gain":0.0,"event_name":"FaceTrader","player_choice":"Trade","floor":13.0,"gold_loss":0.0,"damage_taken":0.0,"relics_obtained":["GremlinMask"]},{"damage_healed":0,"gold_gain":0,"player_choice":"Simplicity","damage_taken":0,"max_hp_gain":0,"max_hp_loss":0,"event_name":"Back to Basics","floor":19,"gold_loss":0,"cards_upgraded":["Strike_B","Strike_B","Strike_B","Strike_B","Defend_B","Defend_B","Defend_B","Defend_B"]},{"damage_healed":0,"gold_gain":100,"player_choice":"Bet on Murderer","damage_taken":0,"max_hp_gain":0,"max_hp_loss":0,"event_name":"The Joust","floor":20,"gold_loss":50}],"is_beta":false,"boss_relics":[{"not_picked":["Tiny House","Black Star"],"picked":"Runic Dome"}],"items_purged_floors":[],"is_endless":false,"potions_floor_spawned":[1,7,12,14,27],"killed_by":"Snecko","ascension_level":20}