{"gold_per_floor":[110,35,35,50,8,43,53,84,107,107,107,118,134,145,145,145],"floor_reached":16,"playtime":918,"items_purged":["Strike_B"],"score":224,"play_id":"280a0ab5-05e0-4185-bd15-50c0eb877be4","local_time":"20190820203836","is_ascension_mode":true,"campfire_choices":[{"floor":11,"key":"REST"},{"floor":15,"key":"REST"}],"neow_cost":"NONE","seed_source_timestamp":554371780239591,"circlet_count":0,"master_deck":["AscendersBane","Strike_B","Strike_B","Strike_B","Defend_B","Defend_B","Defend_B","Defend_B","Zap","Dualcast","Go for the Eyes","Loop","FTL","Lockon","Hyperbeam","Defragment","Chill","Glacier"],"relics":["Fusion Hammer","Art of War","Happy Flower","Bag of Marbles","Ancient Tea Set"],"potions_floor_usage":[6,8,16],"damage_taken":[{"damage":12,"enemies":"Jaw Worm","floor":1,"turns":4},{"damage":0,"enemies":"Cultist","floor":4,"turns":3},{"damage":15,"enemies":"Lagavulin","floor":6,"turns":7},{"damage":1,"enemies":"2 Louse","floor":7,"turns":3},{"damage":30,"enemies":"3 Sentries","floor":8,"turns":6},{"damage":2,"enemies":"Looter","floor":12,"turns":3},{"damage":3,"enemies":"Blue Slaver","floor":13,"turns":2},{"damage":0,"enemies":"3 Louse","floor":14,"turns":1},{"damage":48,"enemies":"Hexaghost","floor":16,"turns":11}],"seed_played":"8458548081523661650","potions_obtained":[{"floor":4,"key":"SteroidPotion"},{"floor":6,"key":"SkillPotion"},{"floor":8,"key":"Energy Potion"},{"floor":13,"key":"Strength Potion"}],"is_trial":false,"path_per_floor":["M","$","?","M","$","E","M","E","T","?","R","M","M","M","R","B"],"character_chosen":"DEFECT","items_purchased":["Loop"],"campfire_rested":2,"item_purchase_floors":[5],"current_hp_per_floor":[52,52,52,52,52,37,36,6,6,6,27,25,22,22,43,0],"gold":145,"neow_bonus":"BOSS_RELIC","is_prod":false,"is_daily":false,"chose_seed":false,"campfire_upgraded":0,"win_rate":0,"timestamp":1566358716,"path_taken":["M","$","?","M","$","E","?","E","T","?","R","M","M","M","R","BOSS"],"build_version":"2019-07-17","purchased_purges":1,"victory":false,"max_hp_per_floor":[71,71,71,71,71,71,71,71,71,71,71,71,71,71,71,71],"card_choices":[{"not_picked":["Sweeping Beam","Hologram"],"picked":"Ball Lightning","floor":1},{"not_picked":["Skim","Steam"],"picked":"Go for the Eyes","floor":4},{"not_picked":["Leap","Redo"],"picked":"FTL","floor":6},{"not_picked":["Redo","Compile Driver"],"picked":"Lockon","floor":7},{"not_picked":["Sweeping Beam","Go for the Eyes"],"picked":"Hyperbeam","floor":8},{"not_picked":["Streamline","Storm"],"picked":"Defragment","floor":12},{"not_picked":["Streamline","Lockon"],"picked":"Chill","floor":13},{"not_picked":["Beam Cell","Steam"],"picked":"Glacier","floor":14}],"player_experience":720744,"relics_obtained":[{"floor":6,"key":"Happy Flower"},{"floor":8,"key":"Bag of Marbles"},{"floor":9,"key":"Ancient Tea Set"}],"event_choices":[{"cards_removed":["Ball Lightning"],"damage_healed":0,"gold_gain":0,"player_choice":"Gave Card","damage_taken":0,"relics_obtained":["Art of War"],"max_hp_gain":0,"max_hp_loss":0,"event_name":"WeMeetAgain","floor":3,"gold_loss":0},{"damage_healed":0,"gold_gain":0,"player_choice":"Ignored","damage_taken":0,"max_hp_gain":0,"max_hp_loss":0,"event_name":"Liars Game","floor":10,"gold_loss":0}],"is_beta":false,"boss_relics":[],"items_purged_floors":[2],"is_endless":false,"potions_floor_spawned":[4,6,8,13],"killed_by":"Hexaghost","ascension_level":20}