{"gold_per_floor":[110,110,285,285,303,336,349,349,395,395,28,44,62,12,12,110,110,124,135,135,147,102,102,102],"floor_reached":24,"playtime":1711,"items_purged":[],"score":258,"play_id":"9500ed4e-ff24-40a7-95ef-6a98c2599638","local_time":"20190125162155","is_ascension_mode":true,"campfire_choices":[{"floor":8,"key":"REST"},{"floor":10,"key":"REST"},{"floor":15,"key":"REST"},{"floor":23,"key":"REST"}],"neow_cost":"NONE","seed_source_timestamp":20415903351719,"circlet_count":0,"master_deck":["Strike_R+1","Strike_R","Strike_R","Strike_R","Strike_R","Defend_R","Defend_R","Defend_R","Defend_R","Pommel Strike","Pommel Strike","Regret","Doubt","Pommel Strike","Bandage Up","Bludgeon","Dropkick+1","Cleave","Iron Wave","Shrug It Off","Bludgeon","Apotheosis","Flex","Carnage","Heavy Blade","Reaper","Clash","Intimidate","Uppercut+1","Armaments"],"relics":["Burning Blood","Boot","Whetstone","Lantern","Eternal Feather"],"potions_floor_usage":[16,16,16,19,24],"damage_taken":[{"damage":1,"enemies":"2 Louse","floor":1,"turns":3},{"damage":11,"enemies":"Jaw Worm","floor":5,"turns":2},{"damage":76,"enemies":"Lagavulin","floor":6,"turns":9},{"damage":12,"enemies":"Small Slimes","floor":7,"turns":3},{"damage":0,"enemies":"Red Slaver","floor":12,"turns":4},{"damage":12,"enemies":"Blue Slaver","floor":13,"turns":3},{"damage":3,"enemies":"Slime Boss","floor":16,"turns":7},{"damage":37,"enemies":"3 Byrds","floor":18,"turns":7},{"damage":22,"enemies":"Chosen","floor":19,"turns":4},{"damage":43,"enemies":"Snake Plant","floor":21,"turns":5},{"damage":75,"enemies":"Slavers","floor":24,"turns":6}],"seed_played":"2185547320966920842","potions_obtained":[{"floor":6,"key":"PowerPotion"},{"floor":7,"key":"SteroidPotion"},{"floor":12,"key":"Ancient Potion"},{"floor":16,"key":"AttackPotion"},{"floor":18,"key":"SpeedPotion"}],"is_trial":false,"path_per_floor":["M","?","?","?","M","E","M","R","T","R","$","M","M","$","R","B",null,"M","M","$","M","$","R","E"],"character_chosen":"IRONCLAD","items_purchased":["Shrug It Off","Bludgeon","Apotheosis","Heavy Blade","Armaments"],"campfire_rested":4,"item_purchase_floors":[11,11,11,14,22],"current_hp_per_floor":[80,80,80,80,75,9,7,31,31,55,55,61,55,55,79,80,80,55,39,39,11,11,53,0],"gold":102,"neow_bonus":"TRANSFORM_CARD","is_prod":false,"is_daily":false,"chose_seed":false,"campfire_upgraded":0,"win_rate":1,"timestamp":1548429715,"path_taken":["M","?","?","?","M","E","M","R","T","R","$","M","?","$","R","BOSS","M","M","$","M","$","R","E"],"build_version":"2019-01-23","purchased_purges":0,"victory":false,"max_hp_per_floor":[80,80,80,80,80,80,80,80,80,80,80,80,80,80,80,80,80,80,80,80,80,80,80,80],"card_choices":[{"not_picked":["Heavy Blade","Headbutt"],"picked":"Pommel Strike","floor":1},{"not_picked":["Rupture","Warcry"],"picked":"Dropkick","floor":5},{"not_picked":["True Grit","Armaments"],"picked":"Cleave","floor":6},{"not_picked":["Heavy Blade","Headbutt"],"picked":"Iron Wave","floor":7},{"not_picked":["Searing Blow","Sword Boomerang"],"picked":"Flex","floor":12},{"not_picked":["True Grit","Heavy Blade"],"picked":"Carnage","floor":13},{"not_picked":["Offering","Juggernaut"],"picked":"Reaper","floor":16},{"not_picked":["Seeing Red+1","Shrug It Off"],"picked":"Clash","floor":18},{"not_picked":["Uppercut","Pommel Strike"],"picked":"Intimidate","floor":19},{"not_picked":["Heavy Blade","Perfected Strike"],"picked":"Uppercut+1","floor":21}],"player_experience":17124,"relics_obtained":[{"floor":6,"key":"Whetstone"},{"floor":9,"key":"Lantern"}],"event_choices":[{"damage_healed":0,"gold_gain":0,"player_choice":"Box","damage_taken":0,"relics_obtained":["Boot"],"max_hp_gain":0,"max_hp_loss":0,"event_name":"Big Fish","floor":2,"gold_loss":0,"cards_obtained":["Regret"]},{"damage_healed":0,"gold_gain":175,"player_choice":"AGREE","damage_taken":0,"max_hp_gain":0,"max_hp_loss":0,"event_name":"Liars Game","floor":3,"gold_loss":0,"cards_obtained":["Doubt"]},{"damage_healed":0,"gold_gain":0,"player_choice":"3 cards matched","damage_taken":0,"max_hp_gain":0,"max_hp_loss":0,"event_name":"Match and Keep!","floor":4,"gold_loss":0,"cards_obtained":["Pommel Strike","Bandage Up","Bludgeon"]}],"is_beta":false,"boss_relics":[{"not_picked":["Coffee Dripper","Snecko Eye"],"picked":"Eternal Feather"}],"items_purged_floors":[],"is_endless":false,"potions_floor_spawned":[6,7,12,16,18],"killed_by":"Slavers","ascension_level":1}