{"gold_per_floor":[115,129,141,141,158,158,193,193,242,270,282,314,326,338,350,460,472,498,435,447,659,671,683,706,718,780,826,850,889,901,556,556,654,654,671,671,718,271,271,271,284,297,366,390,402,402,417,428,428,428],"floor_reached":51,"playtime":903,"items_purged":["Battle Trance","Pommel Strike"],"score":735,"play_id":"3dbaee5d-7a20-4779-a230-d9acaabf0019","local_time":"20180818184146","is_ascension_mode":false,"campfire_choices":[{"data":"Whirlwind","floor":6,"key":"SMITH"},{"data":"Pommel Strike","floor":8,"key":"SMITH"},{"data":"Inflame","floor":11,"key":"SMITH"},{"data":"Bash","floor":13,"key":"SMITH"},{"floor":15,"key":"REST"},{"data":"Clash","floor":23,"key":"SMITH"},{"data":"Fiend Fire","floor":25,"key":"SMITH"},{"data":"Flex","floor":30,"key":"SMITH"},{"data":"Seeing Red","floor":32,"key":"SMITH"},{"data":"Madness","floor":40,"key":"PURGE"},{"floor":46,"key":"REST"},{"floor":49,"key":"REST"}],"neow_cost":"NONE","seed_source_timestamp":1134649266228981,"circlet_count":0,"master_deck":["Bash+1","Pommel Strike+1","Twin Strike+1","Whirlwind+1","Twin Strike+1","Inflame+1","Fiend Fire+1","Clash+1","Thunderclap","Flex+1","Cleave","Clash+1","Seeing Red+1","Chrysalis","Madness"],"relics":["Sozu","Matryoshka","Dodecahedron","MawBank","Pandora\u0027s Box","Centennial Puzzle","Mummified Hand","Orichalcum","Bottled Tornado","Gremlin Horn","Lee\u0027s Waffle","Fusion Hammer","Peace Pipe","Blood Vial","Bottled Lightning","Potion Belt"],"potions_floor_usage":[],"damage_taken":[{"damage":0,"enemies":"Jaw Worm","floor":1,"turns":3},{"damage":0,"enemies":"2 Louse","floor":2,"turns":2},{"damage":0,"enemies":"Cultist","floor":3,"turns":3},{"damage":0,"enemies":"Large Slime","floor":5,"turns":4},{"damage":6,"enemies":"Gremlin Nob","floor":7,"turns":3},{"damage":0,"enemies":"3 Louse","floor":10,"turns":1},{"damage":6,"enemies":"Exordium Wildlife","floor":12,"turns":3},{"damage":46,"enemies":"Hexaghost","floor":16,"turns":6},{"damage":0,"enemies":"2 Thieves","floor":18,"turns":1},{"damage":0,"enemies":"Spheric Guardian","floor":24,"turns":1},{"damage":15,"enemies":"Book of Stabbing","floor":27,"turns":2},{"damage":0,"enemies":"3 Cultists","floor":28,"turns":2},{"damage":0,"enemies":"Gremlin Leader","floor":29,"turns":2},{"damage":26,"enemies":"Collector","floor":33,"turns":3},{"damage":0,"enemies":"Flame Bruiser 1 Orb","floor":35,"turns":1},{"damage":9,"floor":37,"turns":1},{"damage":30,"enemies":"3 Shapes","floor":41,"turns":1},{"damage":10,"enemies":"Spire Growth","floor":42,"turns":2},{"damage":12,"enemies":"4 Shapes","floor":45,"turns":1},{"damage":3,"enemies":"Flame Bruiser 2 Orb","floor":47,"turns":2},{"damage":0,"enemies":"Spire Growth","floor":48,"turns":2},{"damage":65,"enemies":"Awakened One","floor":50,"turns":5}],"seed_played":"4193126607850221272","potions_obtained":[],"is_trial":false,"path_per_floor":["M","M","M","?","M","R","E","R","T","M","R","M","R","?","R","B",null,"M","?","?","?","T","R","M","R","T","E","M","E","R","$","R","B",null,"M","?","?","$","?","R","M","M","T","T","M","R","M","M","R","B"],"character_chosen":"IRONCLAD","items_purchased":["Seeing Red","Lee\u0027s Waffle","Chrysalis","Blood Vial"],"campfire_rested":3,"item_purchase_floors":[31,31,38,38],"current_hp_per_floor":[80,80,80,73,73,73,67,67,67,67,67,61,61,45,69,23,80,80,80,80,80,80,80,80,80,80,65,65,65,65,87,87,61,87,87,87,78,78,67,67,39,31,31,31,21,47,46,48,74,11],"gold":428,"neow_bonus":"BOSS_RELIC","is_prod":false,"is_daily":false,"chose_seed":false,"campfire_upgraded":8,"win_rate":0,"timestamp":1534632106,"path_taken":["M","M","M","?","?","R","E","R","T","M","R","M","R","?","R","BOSS","M","?","?","?","?","R","?","R","T","E","M","E","R","$","R","BOSS","M","?","?","$","?","R","M","?","T","?","?","R","M","M","R","BOSS"],"build_version":"2018-08-16","purchased_purges":2,"victory":true,"max_hp_per_floor":[80,80,80,80,80,80,80,80,80,80,80,80,80,80,80,80,80,80,80,80,80,80,80,80,80,80,80,80,80,80,87,87,87,87,87,87,87,87,87,87,87,87,87,87,87,87,87,87,87,87],"card_choices":[{"not_picked":["Warcry","Seeing Red"],"picked":"Pommel Strike","floor":1},{"not_picked":["Perfected Strike","Seeing Red"],"picked":"Twin Strike","floor":2},{"not_picked":["Flame Barrier","Uppercut"],"picked":"Whirlwind","floor":3},{"not_picked":["Iron Wave","Sword Boomerang","Power Through"],"picked":"SKIP","floor":5},{"not_picked":["Second Wind","Searing Blow"],"picked":"Twin Strike","floor":7},{"not_picked":["Entrench","Feel No Pain"],"picked":"Inflame","floor":10},{"not_picked":["Ghostly Armor","Pommel Strike","Havoc"],"picked":"SKIP","floor":12},{"not_picked":["Exhume","Barricade"],"picked":"Fiend Fire","floor":16},{"not_picked":["Rage","Heavy Blade","Headbutt"],"picked":"SKIP","floor":18},{"not_picked":["Inflame","Power Through","Rampage"],"picked":"SKIP","floor":24},{"not_picked":["Rupture+1","Carnage","Cleave"],"picked":"SKIP","floor":27},{"not_picked":["Brutality","Cleave","Havoc"],"picked":"SKIP","floor":28},{"not_picked":["Dropkick","Disarm"],"picked":"Clash+1","floor":29},{"not_picked":["Sentinel+1","Armaments+1","Pommel Strike"],"picked":"SKIP","floor":35},{"not_picked":["True Grit+1","Iron Wave","Body Slam+1"],"picked":"SKIP","floor":41},{"not_picked":["Uppercut+1","Rage","Anger+1"],"picked":"SKIP","floor":42},{"not_picked":["Clothesline","Dual Wield+1","Blood for Blood+1"],"picked":"SKIP","floor":45},{"not_picked":["Armaments","Warcry","True Grit+1"],"picked":"SKIP","floor":47},{"not_picked":["Clash+1","Intimidate","Headbutt"],"picked":"SKIP","floor":48}],"player_experience":875838,"relics_obtained":[{"floor":7,"key":"Matryoshka"},{"floor":9,"key":"Dodecahedron"},{"floor":9,"key":"MawBank"},{"floor":22,"key":"Centennial Puzzle"},{"floor":22,"key":"Mummified Hand"},{"floor":26,"key":"Orichalcum"},{"floor":27,"key":"Bottled Tornado"},{"floor":29,"key":"Gremlin Horn"},{"floor":37,"key":"Peace Pipe"},{"floor":43,"key":"Bottled Lightning"},{"floor":44,"key":"Potion Belt"}],"event_choices":[{"event_name":"Golden Wing","player_choice":"Card Removal","floor":4,"damage_taken":0},{"event_name":"Shining Light","player_choice":"Entered Light","floor":14,"damage_taken":0},{"event_name":"Beggar","player_choice":"Gave Gold","floor":19,"damage_taken":0},{"event_name":"Back to Basics","player_choice":"Elegance","floor":20,"damage_taken":0},{"event_name":"The Joust","player_choice":"Bet on Owner","floor":21,"damage_taken":0},{"event_name":"SensoryStone","player_choice":"Memory 1","floor":36,"damage_taken":0},{"event_name":"Mysterious Sphere","player_choice":"Fight","floor":37,"damage_taken":0},{"event_name":"Winding Halls","player_choice":"Embrace Madness","floor":39,"damage_taken":0}],"is_beta":true,"boss_relics":[{"not_picked":["Ectoplasm","Orrery"],"picked":"Pandora\u0027s Box"},{"not_picked":["Eternal Feather","Runic Pyramid"],"picked":"Fusion Hammer"}],"items_purged_floors":[31,38],"is_endless":false,"potions_floor_spawned":[2,7,12,16,18,27,33,37,41,42,48],"ascension_level":0}