{"gold_per_floor":[118,193,158,177,177,177,177,177,202,202,232,182,211,222,222,222],"floor_reached":16,"playtime":424,"items_purged":["Strike_R"],"score":159,"play_id":"7de05024-3278-4e5c-80fe-0ce827cc1959","local_time":"20190826121244","is_ascension_mode":true,"campfire_choices":[{"data":"Shockwave","floor":6,"key":"SMITH"},{"data":"Bash","floor":8,"key":"SMITH"},{"data":"Headbutt","floor":10,"key":"SMITH"},{"data":"Hemokinesis","floor":15,"key":"SMITH"}],"neow_cost":"NONE","seed_source_timestamp":418586325988900,"circlet_count":0,"master_deck":["AscendersBane","Strike_R","Strike_R","Strike_R","Defend_R","Defend_R","Defend_R","Defend_R","Bash+1","Shockwave+1","Headbutt+1","Hemokinesis+1"],"relics":["Burning Blood","Darkstone Periapt","Smiling Mask","Bag of Marbles","Peace Pipe"],"potions_floor_usage":[16,16],"damage_taken":[{"damage":13,"enemies":"Cultist","floor":1,"turns":6},{"damage":2,"enemies":"Jaw Worm","floor":4,"turns":5},{"damage":24,"enemies":"Gremlin Nob","floor":11,"turns":4},{"damage":26,"enemies":"3 Sentries","floor":13,"turns":8},{"damage":3,"enemies":"2 Louse","floor":14,"turns":1},{"damage":48,"enemies":"The Guardian","floor":16,"turns":12}],"seed_played":"-958077428744914544","potions_obtained":[{"floor":1,"key":"SkillPotion"},{"floor":13,"key":"SpeedPotion"}],"is_trial":false,"path_per_floor":["M","?","?","M","?","R","?","R","T","R","E","$","E","M","R","B"],"character_chosen":"IRONCLAD","items_purchased":[],"campfire_rested":0,"item_purchase_floors":[],"current_hp_per_floor":[65,54,74,78,83,83,83,83,83,83,65,65,45,48,48,0],"gold":222,"neow_bonus":"REMOVE_CARD","is_prod":false,"is_daily":false,"chose_seed":false,"campfire_upgraded":4,"win_rate":0,"timestamp":1566835964,"path_taken":["M","?","?","M","?","R","?","R","T","R","E","?","E","M","R","BOSS"],"build_version":"2019-08-23","purchased_purges":1,"victory":false,"max_hp_per_floor":[80,80,80,80,85,85,85,85,85,85,85,85,85,85,85,85],"card_choices":[{"not_picked":["Thunderclap","Wild Strike"],"picked":"Shockwave","floor":1},{"not_picked":["Metallicize","Headbutt","Dual Wield"],"picked":"SKIP","floor":4},{"not_picked":["Metallicize","Dual Wield"],"picked":"Headbutt","floor":4},{"not_picked":["Intimidate","Twin Strike"],"picked":"Hemokinesis","floor":11},{"not_picked":["Metallicize","Cleave","Sever Soul"],"picked":"SKIP","floor":13},{"not_picked":["Shockwave","Havoc","Cleave"],"picked":"SKIP","floor":14}],"player_experience":988073,"relics_obtained":[{"floor":9,"key":"Smiling Mask"},{"floor":11,"key":"Bag of Marbles"},{"floor":13,"key":"Peace Pipe"}],"event_choices":[{"damage_healed":0,"gold_gain":75,"player_choice":"Gather Gold","damage_taken":11,"max_hp_gain":0,"max_hp_loss":0,"event_name":"World of Goop","floor":2,"gold_loss":0},{"damage_healed":20,"gold_gain":0,"player_choice":"Healed","damage_taken":0,"max_hp_gain":0,"max_hp_loss":0,"event_name":"The Cleric","floor":3,"gold_loss":35},{"damage_healed":0,"gold_gain":0,"player_choice":"Donut","damage_taken":0,"max_hp_gain":5,"max_hp_loss":0,"event_name":"Big Fish","floor":5,"gold_loss":0},{"damage_healed":0,"gold_gain":0,"player_choice":"Searched \u00272\u0027 times","damage_taken":0,"relics_obtained":["Darkstone Periapt"],"max_hp_gain":0,"max_hp_loss":0,"event_name":"Dead Adventurer","floor":7,"gold_loss":0}],"is_beta":true,"boss_relics":[],"items_purged_floors":[12],"is_endless":false,"potions_floor_spawned":[1,13],"killed_by":"The Guardian","ascension_level":10}