{"path_per_floor":["M","T","M","M","M","E","R","E","T","M","$","M","M","?","R","B",null,"M","?","?","T","M","E","R","M","T","M","R","M","R","M","R"],"character_chosen":"THE_SILENT","items_purchased":["After Image","Slice","Poisoned Stab"],"gold_per_floor":[115,139,154,171,186,518,518,553,607,626,399,410,427,427,427,522,522,522,522,437,437,437,437,437,437,437,437,437,437,437,437,437],"floor_reached":33,"campfire_rested":6,"playtime":1408,"current_hp_per_floor":[69,69,68,65,65,41,62,36,36,27,27,27,23,23,44,10,70,55,55,55,55,53,10,31,28,28,10,31,7,28,22,43],"items_purged":[],"gold":437,"score":332,"play_id":"7f20726c-61f1-4514-a953-ae9dffad48a5","is_prod":false,"is_daily":false,"is_ascension_mode":false,"campfire_upgraded":0,"path_taken":["M","?","M","M","M","E","R","E","T","M","$","M","M","?","R","BOSS","M","?","?","?","M","E","R","?","T","M","R","M","R","M","R","BOSS"],"build_version":"2018-02-15-PROD1","purchased_purges":0,"victory":false,"master_deck":["Defend_G","Defend_G","Defend_G","Defend_G","Defend_G","Strike_G","Strike_G","Strike_G","Strike_G","Strike_G","Survivor","Neutralize","Envenom","Dodge and Roll","Deadly Poison","Slice","Poisoned Stab","Predator","Terror","Infinite Blades","Slice","After Image","Slice","Poisoned Stab","Phantasmal Killer","Poisoned Stab","Masterful Stab","Poisoned Stab","Unload","Bane","Backstab","Bane","Deadly Poison","Corpse Explosion","Deadly Poison","Blur+1","Flying Knee","Caltrops","Noxious Fumes"],"max_hp_per_floor":[70,70,70,70,70,70,70,70,70,70,70,70,70,70,70,70,70,70,70,70,70,70,70,70,70,70,70,70,70,70,70,70],"relics":["Ring of the Snake","Anchor","Old Coin","Prayer Wheel","Oddly Smooth Stone","Ectoplasm","Blood Vial","Frozen Eye","Bronze Scales","Juzu Bracelet"],"card_choices":[{"not_picked":["Sucker Punch","Dagger Throw"],"picked":"Dodge and Roll"},{"not_picked":["Outmaneuver","Eviscerate"],"picked":"Deadly Poison"},{"not_picked":["Footwork","Dagger Throw"],"picked":"Slice"},{"not_picked":["Dagger Spray","Dagger Throw"],"picked":"Poisoned Stab"},{"not_picked":["Backflip","Finisher"],"picked":"Predator"},{"not_picked":["Calculated Gamble","PiercingWail"],"picked":"Terror"},{"not_picked":["Outmaneuver","Dagger Throw"],"picked":"Infinite Blades"},{"not_picked":["Sucker Punch","Expertise"],"picked":"Slice"},{"not_picked":["Outmaneuver","Crippling Poison"],"picked":"Phantasmal Killer"},{"not_picked":["Sucker Punch","Expertise"],"picked":"Poisoned Stab"},{"not_picked":["Tools of the Trade","Burst"],"picked":"Unload"},{"not_picked":["Dodge and Roll","Flechettes"],"picked":"Bane"},{"not_picked":["Blade Dance","Flying Knee"],"picked":"Bane"},{"not_picked":["Choke","Dagger Spray"],"picked":"Deadly Poison"},{"not_picked":["Backflip","Acrobatics"],"picked":"Corpse Explosion"},{"not_picked":["Deflect","Dagger Spray"],"picked":"Deadly Poison"},{"not_picked":["Dodge and Roll","Expertise"],"picked":"Blur"},{"not_picked":["Prepared","Acrobatics"],"picked":"Flying Knee"},{"not_picked":["Unload","Deflect"],"picked":"Caltrops"},{"not_picked":["Slice","Caltrops"],"picked":"Noxious Fumes"}],"player_experience":62796,"potions_floor_usage":[27],"damage_taken":[{"damage":1,"enemies":"Cultist","floor":1,"turns":4},{"damage":1,"enemies":"2 Louse","floor":3,"turns":3},{"damage":3,"enemies":"Small Slimes","floor":4,"turns":4},{"damage":0,"enemies":"Looter","floor":5,"turns":3},{"damage":24,"enemies":"Lagavulin","floor":6,"turns":8},{"damage":26,"enemies":"Gremlin Nob","floor":8,"turns":4},{"damage":9,"enemies":"2 Fungi Beasts","floor":10,"turns":3},{"damage":0,"enemies":"3 Louse","floor":12,"turns":4},{"damage":4,"enemies":"Lots of Slimes","floor":13,"turns":4},{"damage":34,"enemies":"Hexaghost","floor":16,"turns":8},{"damage":15,"enemies":"3 Byrds","floor":18,"turns":5},{"damage":4,"enemies":"Chosen","floor":22,"turns":5},{"damage":45,"enemies":"Gremlin Leader","floor":23,"turns":6},{"damage":5,"enemies":"Snake Plant","floor":25,"turns":3},{"damage":20,"enemies":"Cultist and Chosen","floor":27,"turns":5},{"damage":26,"enemies":"Snecko","floor":29,"turns":5},{"damage":8,"enemies":"Centurion and Healer","floor":31,"turns":7},{"damage":45,"enemies":"Automaton","floor":33,"turns":4}],"event_choices":[{"event_name":"Match and Keep!","player_choice":"2 cards matched","floor":14,"damage_taken":0},{"event_name":"The Library","player_choice":"Read","floor":19,"damage_taken":0},{"event_name":"Addict","player_choice":"Obtained Relic","floor":20,"damage_taken":0}],"boss_relics":[{"not_picked":["Velvet Choker","White Beast Statue"],"picked":"Ectoplasm"}],"potions_floor_spawned":[1,4,6,8,12,13,16,25,27,31],"seed_played":"-1876413184277767632","killed_by":"Automaton","ascension_level":0,"is_trial":false}