{"gold_per_floor":[110,125,125,135,135,135,168,168,193,193,268,287,208,121,121,121],"floor_reached":16,"playtime":529,"items_purged":[],"score":108,"play_id":"389207a8-d4f4-45b6-8ac9-ecb2971f7ac2","local_time":"20181223015351","is_ascension_mode":true,"campfire_choices":[{"data":"Genetic Algorithm","floor":6,"key":"SMITH"},{"data":"Chill","floor":8,"key":"SMITH"},{"data":"Dualcast","floor":10,"key":"SMITH"},{"data":"Fission","floor":15,"key":"SMITH"}],"neow_cost":"NONE","seed_source_timestamp":201975367279384,"circlet_count":0,"master_deck":["Strike_B+1","Strike_B","Strike_B+1","Strike_B+1","Defend_B","Defend_B","Defend_B","Defend_B","Zap","Dualcast+1","Rainbow+1","Glacier","Genetic Algorithm+1","Chill+1","Glacier","Hologram","Fission+1","Dark Shackles"],"relics":["Cracked Core","Golden Idol","Whetstone","Regal Pillow"],"potions_floor_usage":[16,16],"damage_taken":[{"damage":3,"enemies":"Small Slimes","floor":1,"turns":3},{"damage":1,"enemies":"Jaw Worm","floor":2,"turns":4},{"damage":0,"enemies":"Cultist","floor":4,"turns":4},{"damage":6,"enemies":"Lagavulin","floor":7,"turns":7},{"damage":4,"enemies":"Looter","floor":12,"turns":3},{"damage":35,"enemies":"Hexaghost","floor":16,"turns":12}],"seed_played":"3351805974025931531","potions_obtained":[{"floor":1,"key":"SkillPotion"},{"floor":4,"key":"Swift Potion"}],"is_trial":false,"path_per_floor":["M","M","?","M","?","R","E","R","T","R","?","M","$","$","R","B"],"character_chosen":"DEFECT","items_purchased":["Fission","Dark Shackles"],"campfire_rested":0,"item_purchase_floors":[13,14],"current_hp_per_floor":[72,71,56,56,56,56,50,50,50,50,39,35,35,35,35,0],"gold":121,"neow_bonus":"ONE_RANDOM_RARE_CARD","is_prod":false,"is_daily":false,"chose_seed":false,"campfire_upgraded":4,"win_rate":0,"timestamp":1545526431,"path_taken":["M","M","?","M","?","R","E","R","T","R","?","M","?","$","R","BOSS"],"build_version":"2018-12-20","purchased_purges":0,"victory":false,"max_hp_per_floor":[75,75,75,75,69,69,69,69,69,69,69,69,69,69,69,69],"card_choices":[{"not_picked":["Hologram","Auto Shields"],"picked":"Glacier","floor":1},{"not_picked":["Steam","Streamline"],"picked":"Genetic Algorithm","floor":2},{"not_picked":["Self Repair","Gash"],"picked":"Chill","floor":4},{"not_picked":["Compile Driver","Biased Cognition"],"picked":"Glacier","floor":7},{"not_picked":["Compile Driver","Beam Cell"],"picked":"Hologram","floor":12}],"player_experience":324471,"relics_obtained":[{"floor":7,"key":"Whetstone"},{"floor":9,"key":"Regal Pillow"}],"event_choices":[{"damage_healed":0,"gold_gain":0,"player_choice":"Entered Light","damage_taken":15,"max_hp_gain":0,"max_hp_loss":0,"event_name":"Shining Light","floor":3,"gold_loss":0,"cards_upgraded":["Rainbow","Strike_B"]},{"damage_healed":0,"gold_gain":0,"player_choice":"Lose Max HP","damage_taken":0,"relics_obtained":["Golden Idol"],"max_hp_gain":0,"max_hp_loss":6,"event_name":"Golden Idol","floor":5,"gold_loss":0},{"damage_healed":0,"gold_gain":75,"player_choice":"Gather Gold","damage_taken":11,"max_hp_gain":0,"max_hp_loss":0,"event_name":"World of Goop","floor":11,"gold_loss":0}],"is_beta":false,"boss_relics":[],"items_purged_floors":[],"is_endless":false,"potions_floor_spawned":[1,4],"killed_by":"Hexaghost","ascension_level":2}