{"gold_per_floor":[114,131,131,84,147,147,165,194,219,269,269,339,339,141,141,239,239,258,308,358,186,253,253,268,318,318,368,387,437,412,429,429,429],"floor_reached":33,"playtime":962,"items_purged":[],"score":245,"play_id":"a4932a18-6b30-427d-94c6-2d995d9d1a41","local_time":"20190917162834","is_ascension_mode":false,"campfire_choices":[{"data":"Perfected Strike","floor":6,"key":"SMITH"},{"data":"Perfected Strike","floor":11,"key":"SMITH"},{"data":"Pommel Strike","floor":13,"key":"SMITH"},{"data":"Pommel Strike","floor":15,"key":"SMITH"},{"data":"Perfected Strike","floor":23,"key":"SMITH"},{"floor":32,"key":"REST"}],"neow_cost":"CURSE","seed_source_timestamp":129895282541800,"circlet_count":0,"master_deck":["Strike_R","Strike_R","Strike_R","Strike_R","Strike_R","Defend_R","Defend_R","Defend_R","Defend_R","Bash","Perfected Strike+1","Perfected Strike+1","Pommel Strike+1","Pommel Strike+1","Twin Strike","Twin Strike","Perfected Strike+1","Shrug It Off","Pommel Strike"],"relics":["Burning Blood","Prayer Wheel","SsserpentHead","Oddly Smooth Stone","Red Skull","Membership Card","White Beast Statue","Vajra","HandDrill","Juzu Bracelet","Self Forming Clay","Shuriken","MutagenicStrength"],"potions_floor_usage":[8,8,22,28,28,28,31,33],"damage_taken":[{"damage":1,"enemies":"Cultist","floor":1,"turns":3},{"damage":15,"enemies":"Jaw Worm","floor":2,"turns":4},{"damage":0,"enemies":"2 Louse","floor":5,"turns":2},{"damage":0,"enemies":"Looter","floor":7,"turns":2},{"damage":8,"enemies":"3 Sentries","floor":8,"turns":5},{"damage":13,"enemies":"Exordium Thugs","floor":12,"turns":4},{"damage":52,"enemies":"Hexaghost","floor":16,"turns":8},{"damage":10,"enemies":"Chosen","floor":18,"turns":3},{"damage":12,"enemies":"Shell Parasite","floor":22,"turns":3},{"damage":20,"enemies":"Sentry and Sphere","floor":24,"turns":4},{"damage":21,"enemies":"Snake Plant","floor":28,"turns":2},{"damage":7,"enemies":"Cultist and Chosen","floor":31,"turns":4},{"damage":105,"enemies":"Automaton","floor":33,"turns":6}],"seed_played":"8728843946642520709","potions_obtained":[{"floor":1,"key":"SteroidPotion"},{"floor":2,"key":"SkillPotion"},{"floor":16,"key":"SneckoOil"},{"floor":18,"key":"Fire Potion"},{"floor":22,"key":"SkillPotion"},{"floor":24,"key":"Swift Potion"},{"floor":28,"key":"EssenceOfSteel"},{"floor":31,"key":"Ancient Potion"}],"is_trial":false,"path_per_floor":["M","M","?","$","M","R","M","E","T","?","R","M","R","$","R","B",null,"M","?","?","$","M","R","M","?","T","T","M","?","?","M","R","B"],"character_chosen":"IRONCLAD","items_purchased":["Pommel Strike","Membership Card","Vajra","HandDrill"],"campfire_rested":1,"item_purchase_floors":[4,14,21,21],"current_hp_per_floor":[80,71,71,71,77,77,80,78,78,78,78,71,71,71,71,25,80,76,76,76,76,70,70,56,56,56,56,41,41,41,40,63,0],"gold":429,"neow_bonus":"ONE_RARE_RELIC","is_prod":false,"is_daily":false,"chose_seed":false,"campfire_upgraded":5,"win_rate":0,"timestamp":1568752114,"path_taken":["M","M","?","$","?","R","M","E","T","?","R","?","R","$","R","BOSS","M","?","?","$","?","R","M","?","T","?","M","?","?","M","R","BOSS"],"build_version":"2019-07-17","purchased_purges":0,"victory":false,"max_hp_per_floor":[80,80,80,80,80,80,80,80,80,80,80,80,80,80,80,80,80,80,80,80,80,80,80,80,80,80,80,80,80,77,77,77,77],"card_choices":[{"not_picked":["Searing Blow","Inflame","Ghostly Armor"],"picked":"SKIP","floor":1},{"not_picked":["Headbutt","Clothesline","Cleave"],"picked":"SKIP","floor":1},{"not_picked":["Cleave","Heavy Blade"],"picked":"Perfected Strike","floor":2},{"not_picked":["Bloodletting","Power Through"],"picked":"Perfected Strike","floor":2},{"not_picked":["Clothesline","Hemokinesis"],"picked":"Pommel Strike","floor":5},{"not_picked":["Sword Boomerang","Demon Form","Anger"],"picked":"SKIP","floor":5},{"not_picked":["Evolve","Flex","Corruption"],"picked":"SKIP","floor":7},{"not_picked":["Combust","Anger","Headbutt"],"picked":"SKIP","floor":7},{"not_picked":["Heavy Blade","Warcry"],"picked":"Twin Strike","floor":8},{"not_picked":["Heavy Blade","Rampage"],"picked":"Twin Strike","floor":12},{"not_picked":["Havoc","Shockwave","Thunderclap"],"picked":"SKIP","floor":12},{"not_picked":["Iron Wave","Cleave+1","Sentinel"],"picked":"SKIP","floor":18},{"not_picked":["Anger","Flex","Burning Pact+1"],"picked":"SKIP","floor":18},{"not_picked":["Burning Pact","True Grit","Evolve+1"],"picked":"SKIP","floor":22},{"not_picked":["Dropkick","Shockwave","Rupture"],"picked":"SKIP","floor":22},{"not_picked":["Iron Wave","Body Slam","Corruption"],"picked":"SKIP","floor":24},{"not_picked":["Flex+1","Reaper","Clothesline+1"],"picked":"SKIP","floor":24},{"not_picked":["Rage","Body Slam+1"],"picked":"Shrug It Off","floor":28},{"not_picked":["Cleave","Evolve","Seeing Red"],"picked":"SKIP","floor":28},{"not_picked":["Corruption","Metallicize+1"],"picked":"Pommel Strike","floor":31},{"not_picked":["Clash","Entrench","Whirlwind+1"],"picked":"SKIP","floor":31}],"player_experience":554549,"relics_obtained":[{"floor":8,"key":"Oddly Smooth Stone"},{"floor":9,"key":"Red Skull"},{"floor":26,"key":"Self Forming Clay"},{"floor":27,"key":"Shuriken"}],"event_choices":[{"damage_healed":0,"gold_gain":0,"player_choice":"Trade","damage_taken":0,"relics_obtained":["SsserpentHead"],"max_hp_gain":0,"max_hp_loss":0,"event_name":"FaceTrader","floor":3,"gold_loss":0},{"damage_healed":0,"gold_gain":0,"player_choice":"Ignored","damage_taken":0,"max_hp_gain":0,"max_hp_loss":0,"event_name":"NoteForYourself","floor":10,"gold_loss":0},{"damage_healed":0,"gold_gain":0,"player_choice":"Read","damage_taken":0,"max_hp_gain":0,"max_hp_loss":0,"event_name":"The Library","floor":19,"gold_loss":0,"cards_obtained":["Perfected Strike"]},{"damage_healed":0,"gold_gain":0,"player_choice":"Ignored","damage_taken":0,"max_hp_gain":0,"max_hp_loss":0,"event_name":"N\u0027loth","floor":20,"gold_loss":0},{"damage_healed":0,"gold_gain":0,"player_choice":"Opened","damage_taken":0,"relics_obtained":["Juzu Bracelet"],"max_hp_gain":0,"max_hp_loss":0,"event_name":"The Mausoleum","floor":25,"gold_loss":0},{"damage_healed":0,"gold_gain":0,"player_choice":"Inject Mutagens","damage_taken":0,"relics_obtained":["MutagenicStrength"],"max_hp_gain":0,"max_hp_loss":0,"event_name":"Drug Dealer","floor":29,"gold_loss":0},{"cards_removed":["Parasite"],"damage_healed":0,"gold_gain":0,"player_choice":"Gave Gold","damage_taken":0,"max_hp_gain":0,"max_hp_loss":0,"event_name":"Beggar","floor":30,"gold_loss":75}],"is_beta":false,"boss_relics":[{"not_picked":["Coffee Dripper","Busted Crown"],"picked":"White Beast Statue"}],"items_purged_floors":[],"is_endless":false,"potions_floor_spawned":[1,2,16,18,22,24,28,31],"killed_by":"Automaton","ascension_level":0}