{"path_per_floor":["M","?","M","M","M","R","M","R","T","R","M","M","R","E","R","B",null,"M","$"],"character_chosen":"THE_SILENT","items_purchased":["Apotheosis","Art of War"],"gold_per_floor":[110,110,126,140,150,150,160,160,186,186,196,214,214,247,247,345,345,362,2,0],"floor_reached":20,"campfire_rested":5,"playtime":667,"current_hp_per_floor":[60,53,53,53,19,40,12,33,33,54,45,34,55,40,61,23,70,11,11,0],"items_purged":[],"gold":0,"score":202,"play_id":"c13fdb98-b790-4a95-923b-02d5323f93a2","local_time":"20180323200057","is_prod":false,"is_daily":false,"is_ascension_mode":true,"campfire_upgraded":0,"timestamp":1521849657,"path_taken":["M","?","?","M","M","R","M","R","T","R","M","M","R","E","R","BOSS","M","$","?"],"build_version":"2018-03-22v2","purchased_purges":0,"victory":false,"master_deck":["Defend_G","Defend_G+1","Defend_G","Defend_G","Defend_G","Strike_G","Strike_G","Strike_G","Strike_G","Survivor+1","Neutralize","Blur","Dagger Spray","Wraith Form","Caltrops","Masterful Stab","Sucker Punch","Die Die Die","Dodge and Roll","Apotheosis"],"max_hp_per_floor":[70,70,70,70,70,70,70,70,70,70,70,70,70,70,70,70,70,70,70,70],"relics":["Philosopher\u0027s Stone","War Paint","Matryoshka","Runic Dome","Art of War"],"card_choices":[{"not_picked":["Endless Agony","Flying Knee"],"picked":"Blur","floor":1},{"not_picked":["Blade Dance","Underhanded Strike"],"picked":"Dagger Spray","floor":3},{"not_picked":["Crippling Poison","Dodge and Roll"],"picked":"Wraith Form","floor":5},{"not_picked":["Acrobatics","PiercingWail"],"picked":"Caltrops","floor":7},{"not_picked":["Slice","Poisoned Stab"],"picked":"Masterful Stab","floor":12},{"not_picked":["Deflect","Storm of Steel"],"picked":"Sucker Punch","floor":14},{"not_picked":["Glass Knife","Doppelganger"],"picked":"Die Die Die","floor":16},{"not_picked":["Malaise","Bane"],"picked":"Dodge and Roll","floor":18}],"player_experience":258897,"potions_floor_usage":[],"damage_taken":[{"damage":10,"enemies":"Jaw Worm","floor":1,"turns":4},{"damage":0,"enemies":"Small Slimes","floor":3,"turns":6},{"damage":0,"enemies":"Cultist","floor":4,"turns":4},{"damage":34,"enemies":"Gremlin Gang","floor":5,"turns":7},{"damage":28,"enemies":"Lots of Slimes","floor":7,"turns":4},{"damage":9,"enemies":"2 Fungi Beasts","floor":11,"turns":4},{"damage":11,"enemies":"Exordium Wildlife","floor":12,"turns":4},{"damage":15,"enemies":"Lagavulin","floor":14,"turns":7},{"damage":38,"enemies":"Slime Boss","floor":16,"turns":13},{"damage":59,"enemies":"3 Byrds","floor":18,"turns":5},{"damage":12,"enemies":"2 Thieves","floor":20,"turns":2}],"event_choices":[{"event_name":"Golden Wing","player_choice":"Card Removal","floor":2,"damage_taken":0}],"boss_relics":[{"not_picked":["Lizard Tail","The Specimen"],"picked":"Runic Dome"}],"potions_floor_spawned":[1,5,7,12],"seed_played":"9112486424970061342","killed_by":"2 Thieves","ascension_level":3,"is_trial":false}