{"path_per_floor":["M","M","?","$","?","R","M","T","T","R","M","E","M","M","R","B",null,"M","?","$","?","$","R","E","R","T","M","R","M","M","E","R"],"character_chosen":"IRONCLAD","items_purchased":["Shrug It Off","True Grit","War Paint","Finesse"],"gold_per_floor":[362,375,375,42,217,217,228,228,228,228,214,248,263,276,276,381,381,350,350,159,159,34,34,62,62,89,107,107,118,135,163,163,163],"floor_reached":33,"campfire_rested":2,"playtime":2905,"current_hp_per_floor":[63,69,69,69,69,69,70,70,70,70,76,26,19,18,42,13,63,63,63,63,63,63,63,14,14,14,20,59,60,62,51,51,0],"items_purged":["Strike_R","Doubt","Strike_R"],"gold":163,"score":428,"play_id":"34b05a5a-615a-4ad9-8f0b-75ec87bfa10f","local_time":"20180430150224","is_prod":false,"is_daily":false,"chose_seed":false,"is_ascension_mode":true,"campfire_upgraded":5,"timestamp":1525125744,"path_taken":["M","M","?","$","?","R","M","?","T","R","M","E","M","M","R","BOSS","M","?","$","?","$","R","E","R","T","M","R","M","M","E","R","BOSS"],"build_version":"2018-04-27v3","seed_source_timestamp":166334429861254,"purchased_purges":3,"victory":false,"master_deck":["Strike_R","Strike_R","Strike_R","Defend_R","Defend_R","Defend_R","Defend_R+1","Bash","AscendersBane","Armaments+1","Evolve","Shrug It Off+1","True Grit+1","Body Slam+1","Shrug It Off","Whirlwind+1","Impervious","Finesse","Offering","Body Slam+1","Shrug It Off"],"max_hp_per_floor":[80,80,80,80,80,80,80,80,80,80,80,80,80,80,80,80,80,80,80,80,80,80,80,80,80,80,80,80,80,80,80,80,80],"relics":["Burning Blood","War Paint","Self Forming Clay","Torii","Mummified Hand","White Beast Statue","Du-Vu Doll","Regal Pillow","Omamori"],"card_choices":[{"not_picked":["Warcry","Headbutt"],"picked":"Armaments","floor":1.0},{"not_picked":["Flex","Seeing Red"],"picked":"Evolve","floor":2.0},{"not_picked":["Pummel","Entrench"],"picked":"Body Slam","floor":7.0},{"not_picked":["Perfected Strike","Wild Strike"],"picked":"Shrug It Off","floor":11.0},{"not_picked":["Flex","Twin Strike"],"picked":"Whirlwind","floor":12.0},{"not_picked":["Exhume","Berserk"],"picked":"Impervious","floor":16.0},{"not_picked":["Iron Wave","True Grit"],"picked":"Offering","floor":24.0},{"not_picked":["Clothesline","Anger"],"picked":"Body Slam","floor":27.0},{"not_picked":["Flex","Dark Embrace"],"picked":"Shrug It Off","floor":31}],"player_experience":501842,"potions_floor_usage":[31,31,33],"damage_taken":[{"damage":15.0,"enemies":"2 Louse","floor":1.0,"turns":4.0},{"damage":0.0,"enemies":"Small Slimes","floor":2.0,"turns":3.0},{"damage":5.0,"enemies":"Jaw Worm","floor":7.0,"turns":5.0},{"damage":0.0,"enemies":"Exordium Thugs","floor":11.0,"turns":5.0},{"damage":56.0,"enemies":"Gremlin Nob","floor":12.0,"turns":6.0},{"damage":13.0,"enemies":"Blue Slaver","floor":13.0,"turns":5.0},{"damage":7.0,"enemies":"Large Slime","floor":14.0,"turns":7.0},{"damage":35.0,"enemies":"Hexaghost","floor":16.0,"turns":19.0},{"damage":6.0,"enemies":"2 Thieves","floor":18.0,"turns":5.0},{"damage":55.0,"enemies":"Gremlin Leader","floor":24.0,"turns":9.0},{"damage":0.0,"enemies":"Chosen","floor":27.0,"turns":5.0},{"damage":5.0,"enemies":"3 Cultists","floor":29.0,"turns":5.0},{"damage":4.0,"enemies":"Snake Plant","floor":30.0,"turns":2.0},{"damage":17,"enemies":"Book of Stabbing","floor":31,"turns":4},{"damage":57,"enemies":"Champ","floor":33,"turns":9}],"event_choices":[{"event_name":"Living Wall","player_choice":"Forget","floor":3.0,"damage_taken":0.0},{"event_name":"Liars Game","player_choice":"agreed","floor":5.0,"damage_taken":0.0},{"event_name":"The Mausoleum","player_choice":"No","floor":19.0,"damage_taken":0.0},{"event_name":"Drug Dealer","player_choice":"Ignored","floor":21.0,"damage_taken":0.0}],"boss_relics":[],"potions_floor_spawned":[1,11,16,18,24,27,29,30,31],"seed_played":"-5892849222626281720","killed_by":"Champ","ascension_level":10,"is_trial":false}