{"gold_per_floor":[12,29,43,118,118,118,149,149,149,149,172,45,45,89,89,184,184,202,202,226,226,64,64],"floor_reached":23,"playtime":1674,"items_purged":["Strike_B"],"score":394,"play_id":"30e81eaa-3034-4b67-bbd6-e6099e8a8018","local_time":"20190903153141","is_ascension_mode":true,"campfire_choices":[{"data":"Sunder","floor":6.0,"key":"SMITH"},{"floor":8.0,"key":"DIG"},{"floor":10.0,"key":"DIG"},{"floor":15.0,"key":"REST"}],"neow_cost":"NO_GOLD","seed_source_timestamp":955541438970895,"circlet_count":0,"master_deck":["AscendersBane","Strike_B","Defend_B","Defend_B","Defend_B","Defend_B","Zap","Dualcast","Cold Snap+1","Sunder+1","Go for the Eyes+1","Genetic Algorithm","Leap","Undo","Electrodynamics","Turbo","Steam","Thunder Strike"],"special_seed":0,"relics":["Cracked Core","Golden Idol","Shovel","Whetstone","Singing Bowl","Art of War","Mercury Hourglass","Sozu","Enchiridion","Blood Vial"],"potions_floor_usage":[],"damage_taken":[{"damage":4.0,"enemies":"Small Slimes","floor":1.0,"turns":6.0},{"damage":0.0,"enemies":"2 Louse","floor":2.0,"turns":2.0},{"damage":5.0,"enemies":"Jaw Worm","floor":3.0,"turns":4.0},{"damage":18.0,"enemies":"Lagavulin","floor":7.0,"turns":7.0},{"damage":9.0,"enemies":"Lots of Slimes","floor":11.0,"turns":6.0},{"damage":14.0,"enemies":"3 Sentries","floor":14.0,"turns":9.0},{"damage":3.0,"enemies":"The Guardian","floor":16.0,"turns":11.0},{"damage":8.0,"enemies":"Spheric Guardian","floor":18.0,"turns":4.0},{"damage":6.0,"enemies":"Shell Parasite","floor":20.0,"turns":5.0},{"damage":29,"enemies":"Book of Stabbing","floor":23,"turns":4}],"seed_played":"5126324358255807382","potions_obtained":[{"floor":2.0,"key":"GamblersBrew"},{"floor":7.0,"key":"PowerPotion"},{"floor":11.0,"key":"FocusPotion"}],"is_trial":false,"path_per_floor":["M","M","M","?","?","R","E","R","T","R","M","$","?","E","R","B",null,"M","?","M","?","$","E"],"character_chosen":"DEFECT","items_purchased":["Leap","Blood Vial"],"campfire_rested":1,"item_purchase_floors":[12,22],"current_hp_per_floor":[60,60,55,44,44,44,26,26,26,26,19,19,19,5,24,21,55,47,47,43,22,22,0],"gold":64,"neow_bonus":"REMOVE_TWO","is_prod":false,"is_daily":false,"chose_seed":false,"campfire_upgraded":1,"win_rate":0,"timestamp":1567549901,"path_taken":["M","M","M","?","?","R","E","R","T","R","M","$","?","E","R","BOSS","M","?","?","?","$","E"],"build_version":"2019-07-17","purchased_purges":1,"victory":false,"max_hp_per_floor":[71,71,71,71,64,64,64,64,64,64,66,66,66,66,66,66,66,66,66,68,68,68,68],"card_choices":[{"not_picked":["Go for the Eyes","Reprogram"],"picked":"Cold Snap","floor":1.0},{"not_picked":["Stack","Hologram"],"picked":"Sunder","floor":2.0},{"not_picked":["Cold Snap","Turbo"],"picked":"Go for the Eyes","floor":3.0},{"not_picked":["Chill","Amplify"],"picked":"Genetic Algorithm","floor":7.0},{"not_picked":["Stack","Rip and Tear","Cold Snap"],"picked":"Singing Bowl","floor":11.0},{"not_picked":["Streamline","Ball Lightning"],"picked":"Undo","floor":14.0},{"not_picked":["Multi-Cast","Rainbow"],"picked":"Electrodynamics","floor":16.0},{"not_picked":["Cold Snap","Hologram"],"picked":"Turbo","floor":18.0},{"not_picked":["Conserve Battery","Ball Lightning","Barrage"],"picked":"Singing Bowl","floor":20.0}],"player_experience":867256,"relics_obtained":[{"floor":7.0,"key":"Shovel"},{"floor":8.0,"key":"Whetstone"},{"floor":9.0,"key":"Singing Bowl"},{"floor":10.0,"key":"Art of War"},{"floor":14.0,"key":"Mercury Hourglass"},{"floor":21.0,"key":"Enchiridion"}],"event_choices":[{"damage_healed":0.0,"max_hp_gain":0.0,"max_hp_loss":0.0,"gold_gain":75.0,"event_name":"World of Goop","player_choice":"Gather Gold","floor":4.0,"gold_loss":0.0,"damage_taken":11.0},{"damage_healed":0.0,"max_hp_gain":0.0,"max_hp_loss":7.0,"gold_gain":0.0,"event_name":"Golden Idol","player_choice":"Lose Max HP","floor":5.0,"gold_loss":0.0,"damage_taken":0.0,"relics_obtained":["Golden Idol"]},{"damage_healed":0.0,"max_hp_gain":0.0,"max_hp_loss":0.0,"gold_gain":0.0,"event_name":"Dead Adventurer","player_choice":"Searched \u00270\u0027 times","floor":13.0,"gold_loss":0.0,"damage_taken":0.0},{"damage_healed":0.0,"max_hp_gain":0.0,"max_hp_loss":0.0,"gold_gain":0.0,"event_name":"Match and Keep!","player_choice":"2 cards matched","floor":19.0,"gold_loss":0.0,"damage_taken":0.0,"cards_obtained":["Steam","Thunder Strike"]},{"damage_healed":0.0,"max_hp_gain":0.0,"max_hp_loss":0.0,"gold_gain":0.0,"event_name":"Cursed Tome","player_choice":"Obtained Book","floor":21.0,"gold_loss":0.0,"damage_taken":21.0}],"is_beta":false,"boss_relics":[{"not_picked":["Tiny House","Calling Bell"],"picked":"Sozu"}],"items_purged_floors":[12],"is_endless":false,"potions_floor_spawned":[2,7,11,20],"killed_by":"Book of Stabbing","ascension_level":20}