{"gold_per_floor":[110,110,110,123,73,73,144,144,190,190,214,250,250,265,265,388,388,411,432,452,505,505],"floor_reached":22,"playtime":2330,"items_purged":[],"score":291,"play_id":"1056dbf0-2e7c-4634-898a-f5f4f8190a73","local_time":"20190205211101","is_ascension_mode":true,"campfire_choices":[{"data":"Endless Agony","floor":6.0,"key":"SMITH"},{"data":"Night Terror","floor":8.0,"key":"SMITH"},{"data":"Blur","floor":10.0,"key":"SMITH"},{"floor":15.0,"key":"REST"}],"neow_cost":"NONE","seed_source_timestamp":346819900954904,"circlet_count":0,"master_deck":["AscendersBane","Defend_G","Defend_G","Defend_G","Defend_G","Strike_G","Strike_G","Strike_G","Strike_G","Survivor","Neutralize+1","Endless Agony+1","Blur+1","Night Terror+1","Dagger Spray","Malaise+1","Infinite Blades","Tools of the Trade","Dodge and Roll","Slice+1"],"special_seed":0,"relics":["Ring of the Snake","Golden Idol","Tiny Chest","Vajra","The Courier","Eternal Feather","Happy Flower"],"potions_floor_usage":[20],"damage_taken":[{"damage":0.0,"enemies":"Small Slimes","floor":1.0,"turns":3.0},{"damage":0.0,"enemies":"Jaw Worm","floor":4.0,"turns":3.0},{"damage":22.0,"enemies":"3 Sentries","floor":7.0,"turns":14.0},{"damage":0.0,"enemies":"2 Louse","floor":11.0,"turns":2.0},{"damage":32.0,"enemies":"Gremlin Nob","floor":12.0,"turns":5.0},{"damage":1.0,"enemies":"Red Slaver","floor":14.0,"turns":5.0},{"damage":19.0,"enemies":"The Guardian","floor":16.0,"turns":16.0},{"damage":9.0,"enemies":"Chosen","floor":18.0,"turns":8.0},{"damage":3.0,"enemies":"3 Byrds","floor":19.0,"turns":6.0},{"damage":13,"enemies":"Cultist and Chosen","floor":20,"turns":10},{"damage":26,"enemies":"Masked Bandits","floor":22,"turns":3}],"seed_played":"1286970927401494040","potions_obtained":[{"floor":4.0,"key":"SteroidPotion"},{"floor":14.0,"key":"Energy Potion"},{"floor":19.0,"key":"Ancient Potion"}],"is_trial":false,"path_per_floor":["M","?","?","M","?","R","E","R","T","R","M","E","?","M","R","B",null,"M","M","M","T","?"],"character_chosen":"THE_SILENT","items_purchased":[],"campfire_rested":1,"item_purchase_floors":[],"current_hp_per_floor":[63,63,56,56,56,56,34,34,34,34,34,2,2,1,20,1,49,40,37,24,24,0],"gold":505,"neow_bonus":"UPGRADE_CARD","is_prod":false,"is_daily":false,"chose_seed":false,"campfire_upgraded":3,"win_rate":0,"timestamp":1549429861,"path_taken":["M","?","?","?","?","R","E","R","T","R","M","E","?","M","R","BOSS","M","M","M","?","?"],"build_version":"2019-01-23","purchased_purges":0,"victory":false,"max_hp_per_floor":[70,65,65,65,65,65,65,65,65,65,65,65,65,65,65,65,65,65,65,65,65,65],"card_choices":[{"not_picked":["Deflect","Masterful Stab"],"picked":"Endless Agony","floor":1.0},{"not_picked":["Poisoned Stab","Setup"],"picked":"Blur","floor":4.0},{"not_picked":["Crippling Poison","Corpse Explosion"],"picked":"Night Terror","floor":7.0},{"not_picked":["Underhanded Strike","Flechettes"],"picked":"Dagger Spray","floor":11.0},{"not_picked":["Dash","Catalyst"],"picked":"Malaise","floor":12.0},{"not_picked":["Dodge and Roll","Sucker Punch"],"picked":"Infinite Blades","floor":14.0},{"not_picked":["Grand Finale","Glass Knife"],"picked":"Tools of the Trade","floor":16.0},{"not_picked":["Sucker Punch","Deflect"],"picked":"Dodge and Roll","floor":18.0},{"not_picked":["Flying Knee+1","All Out Attack"],"picked":"Slice+1","floor":19.0},{"not_picked":["Slice","Outmaneuver","Sucker Punch"],"picked":"SKIP","floor":20}],"player_experience":477739,"relics_obtained":[{"floor":7.0,"key":"Tiny Chest"},{"floor":9.0,"key":"Vajra"},{"floor":12.0,"key":"The Courier"},{"floor":21,"key":"Happy Flower"}],"event_choices":[{"damage_healed":0.0,"max_hp_gain":0.0,"max_hp_loss":5.0,"gold_gain":0.0,"event_name":"Golden Idol","player_choice":"Lose Max HP","floor":2.0,"gold_loss":0.0,"damage_taken":0.0,"relics_obtained":["Golden Idol"]},{"cards_removed":["Strike_G"],"damage_healed":0.0,"max_hp_gain":0.0,"max_hp_loss":0.0,"gold_gain":0.0,"event_name":"Golden Wing","player_choice":"Card Removal","floor":3.0,"gold_loss":0.0,"damage_taken":7.0},{"cards_removed":["Defend_G"],"damage_healed":0.0,"max_hp_gain":0.0,"max_hp_loss":0.0,"gold_gain":0.0,"event_name":"The Cleric","player_choice":"Card Removal","floor":5.0,"gold_loss":50.0,"damage_taken":0.0},{"damage_healed":0.0,"max_hp_gain":0.0,"max_hp_loss":0.0,"gold_gain":0.0,"event_name":"Upgrade Shrine","player_choice":"Upgraded","floor":13.0,"gold_loss":0.0,"damage_taken":0.0,"cards_upgraded":["Malaise"]},{"damage_healed":0,"gold_gain":0,"player_choice":"Fought Bandits","damage_taken":0,"max_hp_gain":0,"max_hp_loss":0,"event_name":"Masked Bandits","floor":22,"gold_loss":0}],"is_beta":false,"boss_relics":[{"not_picked":["Empty Cage","HoveringKite"],"picked":"Eternal Feather"}],"items_purged_floors":[],"is_endless":false,"potions_floor_spawned":[4,14,19],"killed_by":"Masked Bandits","ascension_level":10}