{"gold_per_floor":[109,209,228,240,255,255,275,291,338,384,411,423,449,485,497,509],"floor_reached":16,"playtime":1051,"items_purged":[],"score":106,"play_id":"54c9604d-b0d5-43da-963e-b5847013b3eb","local_time":"20190917003135","is_ascension_mode":false,"campfire_choices":[{"data":"DevaForm","floor":6,"key":"SMITH"},{"data":"ForeignInfluence","floor":12,"key":"SMITH"},{"data":"CrushJoints","floor":15,"key":"SMITH"}],"neow_cost":"NONE","seed_source_timestamp":470605082051200,"circlet_count":0,"master_deck":["Strike_P","Strike_P","Strike_P","Strike_P","Defend_P","Defend_P","Defend_P","Defend_P","Eruption","Vigilance","FlowState","Adaptation","Crescendo","CrushJoints+1","DevaForm+1","ClearTheMind","ForeignInfluence+1","Adaptation"],"relics":["PureWater","MawBank","Mummified Hand","Dream Catcher"],"potions_floor_usage":[5,7,10,13],"damage_taken":[{"damage":0,"enemies":"2 Louse","floor":1,"turns":4},{"damage":0,"enemies":"Cultist","floor":3,"turns":2},{"damage":1,"enemies":"Jaw Worm","floor":4,"turns":3},{"damage":31,"enemies":"Exordium Thugs","floor":5,"turns":5},{"damage":1,"enemies":"2 Fungi Beasts","floor":7,"turns":5},{"damage":4,"enemies":"Blue Slaver","floor":8,"turns":4},{"damage":6,"enemies":"Lagavulin","floor":10,"turns":5},{"damage":0,"enemies":"Exordium Wildlife","floor":11,"turns":4},{"damage":2,"enemies":"Lots of Slimes","floor":13,"turns":2},{"damage":30,"enemies":"Slime Boss","floor":16,"turns":3}],"seed_played":"-4492971264069784208","potions_obtained":[{"floor":1,"key":"EssenceOfSteel"},{"floor":3,"key":"Dexterity Potion"},{"floor":5,"key":"SkillPotion"},{"floor":10,"key":"Explosive Potion"}],"is_trial":false,"path_per_floor":["M","?","M","M","M","R","M","M","T","E","M","R","M","T","R","B"],"character_chosen":"WATCHER","items_purchased":[],"campfire_rested":0,"item_purchase_floors":[],"current_hp_per_floor":[65,65,65,64,33,33,32,28,28,22,22,22,20,20,20,0],"gold":509,"neow_bonus":"ONE_RANDOM_RARE_CARD","is_prod":false,"is_daily":false,"chose_seed":false,"campfire_upgraded":3,"win_rate":0,"timestamp":1568694695,"path_taken":["M","?","M","M","M","R","M","?","T","E","M","R","M","?","R","BOSS"],"build_version":"2019-09-16","purchased_purges":0,"victory":false,"max_hp_per_floor":[65,65,65,65,65,65,65,65,65,65,65,65,65,65,65,65],"card_choices":[{"not_picked":["StepAndStrike","Conclude"],"picked":"Adaptation","floor":1},{"not_picked":["CutThroughFate","Worship"],"picked":"Crescendo","floor":3},{"not_picked":["JustLucky","Adaptation"],"picked":"CrushJoints","floor":4},{"not_picked":["SashWhip","CutThroughFate"],"picked":"DevaForm","floor":5},{"not_picked":["FollowUp","Prostrate"],"picked":"ClearTheMind","floor":7},{"not_picked":["CutThroughFate","Meditate"],"picked":"ForeignInfluence","floor":8},{"not_picked":["Perseverance","EmptyFist"],"picked":"Adaptation","floor":10},{"not_picked":["Sanctity","Weave","CarveReality"],"picked":"SKIP","floor":11},{"not_picked":["CutThroughFate","Crescendo","Sanctity"],"picked":"SKIP","floor":13}],"player_experience":1024764,"relics_obtained":[{"floor":9,"key":"MawBank"},{"floor":10,"key":"Mummified Hand"},{"floor":14,"key":"Dream Catcher"}],"event_choices":[{"damage_healed":0,"gold_gain":100,"player_choice":"Gold","damage_taken":0,"max_hp_gain":0,"max_hp_loss":0,"event_name":"Wheel of Change","floor":2,"gold_loss":0}],"is_beta":true,"boss_relics":[],"items_purged_floors":[],"is_endless":false,"potions_floor_spawned":[1,3,5,10],"killed_by":"Slime Boss","ascension_level":0}