{"path_per_floor":["M","T","M","M","M","R","?","R","T","M","R","M","?","E","R"],"character_chosen":"THE_SILENT","items_purchased":[],"gold_per_floor":[119,170,190,206,221,221,221,221,221,233,233,246,421,447,447,447],"floor_reached":16,"campfire_rested":0,"playtime":851,"current_hp_per_floor":[63,63,61,59,52,52,52,52,52,51,51,51,51,35,35,0],"items_purged":[],"gold":447,"score":138,"play_id":"59b3b6a6-c1f4-446b-875b-3121ff01153e","local_time":"20180418172958","is_prod":false,"is_daily":false,"chose_seed":false,"is_ascension_mode":true,"campfire_upgraded":4,"timestamp":1524097798,"path_taken":["M","?","?","M","M","R","?","R","T","M","R","M","?","E","R","BOSS"],"build_version":"2018-04-12","seed_source_timestamp":26293816078737,"purchased_purges":0,"victory":false,"master_deck":["Defend_G","Defend_G","Defend_G","Defend_G","Defend_G","Strike_G","Strike_G","Strike_G","Strike_G","Strike_G","Survivor","Neutralize+1","Flying Knee+1","Infinite Blades","Accuracy+1","Dodge and Roll+1","Deflect+1","Tactician","Doubt","Flying Knee"],"max_hp_per_floor":[70,70,70,70,70,70,70,70,70,70,70,70,70,70,70,70],"relics":["Ring of the Snake","Regal Pillow","Singing Bowl","Blue Candle","Paper Crane"],"card_choices":[{"not_picked":["Outmaneuver","Terror"],"picked":"Flying Knee","floor":1},{"not_picked":["Deadly Poison","PiercingWail"],"picked":"Infinite Blades","floor":3},{"not_picked":["Cloak And Dagger","Quick Slash"],"picked":"Accuracy","floor":4},{"not_picked":["Quick Slash","Skewer"],"picked":"Dodge and Roll","floor":5},{"not_picked":["Deadly Poison","Prepared"],"picked":"Deflect","floor":10},{"not_picked":["Prepared","Backflip"],"picked":"Tactician","floor":12},{"not_picked":["Flechettes","Outmaneuver"],"picked":"Flying Knee","floor":14}],"player_experience":370333,"potions_floor_usage":[10,16],"damage_taken":[{"damage":0,"enemies":"Cultist","floor":1,"turns":5},{"damage":2,"enemies":"Jaw Worm","floor":3,"turns":5},{"damage":2,"enemies":"Small Slimes","floor":4,"turns":4},{"damage":7,"enemies":"Blue Slaver","floor":5,"turns":5},{"damage":1,"enemies":"Large Slime","floor":10,"turns":5},{"damage":0,"enemies":"Looter","floor":12,"turns":4},{"damage":16,"enemies":"Lagavulin","floor":14,"turns":8},{"damage":43,"enemies":"Slime Boss","floor":16,"turns":6}],"event_choices":[{"event_name":"Upgrade Shrine","player_choice":"Upgraded","floor":7,"damage_taken":0},{"event_name":"Liars Game","player_choice":"agreed","floor":13,"damage_taken":0}],"boss_relics":[],"potions_floor_spawned":[3,5,14],"seed_played":"1524711399613028283","killed_by":"Slime Boss","ascension_level":7,"is_trial":false}