{"gold_per_floor":[109,109,121,5,5,5,33,33,57,57,77,77,96,96,96,175,175,190,205,8,8,8,8,19,44,44,44,57,73,73],"floor_reached":30,"playtime":2956,"items_purged":["Defend_B"],"score":496,"play_id":"1289e70f-a0ba-4cd2-aa8e-71f5b083186c","local_time":"20190821092618","is_ascension_mode":true,"campfire_choices":[{"data":"Loop","floor":6.0,"key":"SMITH"},{"data":"Zap","floor":8.0,"key":"SMITH"},{"data":"Dualcast","floor":12.0,"key":"SMITH"},{"data":"Conserve Battery","floor":15.0,"key":"SMITH"},{"data":"Panache","floor":23.0,"key":"SMITH"},{"data":"Creative AI","floor":27.0,"key":"SMITH"}],"neow_cost":"NONE","seed_source_timestamp":0,"circlet_count":0,"master_deck":["AscendersBane","Strike_B","Defend_B","Defend_B","Zap+1","Dualcast+1","Conserve Battery","Cold Snap","Loop+1","All For One","FTL","Conserve Battery+1","Creative AI+1","BootSequence","Coolheaded","Panache+1","Echo Form","Doom and Gloom"],"special_seed":0,"relics":["Cracked Core","Pantograph","Regal Pillow","Runic Pyramid","Meat on the Bone","DataDisk"],"potions_floor_usage":[],"damage_taken":[{"damage":0.0,"enemies":"2 Louse","floor":1.0,"turns":3.0},{"damage":2.0,"enemies":"Jaw Worm","floor":3.0,"turns":3.0},{"damage":34.0,"enemies":"3 Sentries","floor":7.0,"turns":9.0},{"damage":0.0,"enemies":"Cultist","floor":11.0,"turns":3.0},{"damage":7.0,"enemies":"3 Louse","floor":13.0,"turns":3.0},{"damage":11.0,"enemies":"The Guardian","floor":16.0,"turns":8.0},{"damage":3.0,"enemies":"Chosen","floor":18.0,"turns":3.0},{"damage":11.0,"enemies":"Shell Parasite","floor":19.0,"turns":4.0},{"damage":4.0,"enemies":"Snecko","floor":24.0,"turns":7.0},{"damage":22.0,"enemies":"Slavers","floor":25.0,"turns":4.0},{"damage":10.0,"enemies":"Snake Plant","floor":28.0,"turns":5.0},{"damage":18.0,"enemies":"Shelled Parasite and Fungi","floor":29.0,"turns":5.0},{"damage":25,"enemies":"Gremlin Leader","floor":30,"turns":2}],"seed_played":"5041976991855245057","potions_obtained":[{"floor":7.0,"key":"LiquidBronze"},{"floor":13.0,"key":"FocusPotion"},{"floor":19.0,"key":"SpeedPotion"},{"floor":24.0,"key":"Swift Potion"},{"floor":28.0,"key":"SteroidPotion"}],"is_trial":false,"path_per_floor":["M","?","M","$","?","R","E","R","T","$","M","R","M","?","R","B",null,"M","M","$","?","?","R","M","E","T","R","M","M","E"],"character_chosen":"DEFECT","items_purchased":["Loop","Panache"],"campfire_rested":0,"item_purchase_floors":[4,20],"current_hp_per_floor":[64,69,67,67,60,60,26,26,26,26,26,26,19,19,19,33,65,62,51,51,51,51,51,47,25,25,25,27,21,0],"gold":73,"neow_bonus":"REMOVE_CARD","is_prod":false,"is_daily":false,"chose_seed":false,"campfire_upgraded":6,"win_rate":0,"timestamp":1566404778,"path_taken":["M","?","M","$","?","R","E","R","T","?","M","R","?","?","R","BOSS","M","M","$","?","?","R","M","E","T","R","M","M","E"],"build_version":"2019-07-17","purchased_purges":1,"victory":false,"max_hp_per_floor":[71,76,76,76,76,76,76,76,76,76,76,76,76,76,76,76,76,76,76,76,76,76,76,76,76,76,76,76,76,76],"card_choices":[{"not_picked":["Leap","Compile Driver"],"picked":"Conserve Battery","floor":1.0},{"not_picked":["Auto Shields","Streamline"],"picked":"Cold Snap","floor":3.0},{"not_picked":["Tempest","Conserve Battery"],"picked":"All For One","floor":7.0},{"not_picked":["Fusion","Beam Cell"],"picked":"FTL","floor":11.0},{"not_picked":["Barrage","Tempest"],"picked":"Conserve Battery","floor":13.0},{"not_picked":["Buffer","All For One"],"picked":"Creative AI","floor":16.0},{"not_picked":["Sweeping Beam","Barrage"],"picked":"BootSequence","floor":18.0},{"not_picked":["Rebound","Barrage"],"picked":"Coolheaded","floor":19.0},{"not_picked":["Rebound","Compile Driver","Conserve Battery"],"picked":"SKIP","floor":24.0},{"not_picked":["Beam Cell","Hyperbeam"],"picked":"Echo Form","floor":25.0},{"not_picked":["FTL","Go for the Eyes"],"picked":"Doom and Gloom","floor":28.0},{"not_picked":["Leap","Hologram","Compile Driver"],"picked":"SKIP","floor":29.0}],"player_experience":721662,"relics_obtained":[{"floor":7.0,"key":"Pantograph"},{"floor":9.0,"key":"Regal Pillow"},{"floor":25.0,"key":"Meat on the Bone"},{"floor":26.0,"key":"DataDisk"}],"event_choices":[{"damage_healed":0.0,"max_hp_gain":5.0,"max_hp_loss":0.0,"gold_gain":0.0,"event_name":"Big Fish","player_choice":"Donut","floor":2.0,"gold_loss":0.0,"damage_taken":0.0},{"cards_removed":["Strike_B"],"damage_healed":0.0,"max_hp_gain":0.0,"max_hp_loss":0.0,"gold_gain":0.0,"event_name":"Golden Wing","player_choice":"Card Removal","floor":5.0,"gold_loss":0.0,"damage_taken":7.0},{"cards_removed":["Defend_B"],"damage_healed":0.0,"max_hp_gain":0.0,"max_hp_loss":0.0,"gold_gain":0.0,"event_name":"Wheel of Change","player_choice":"Card Removal","floor":14.0,"gold_loss":0.0,"damage_taken":0.0},{"damage_healed":0.0,"max_hp_gain":0.0,"max_hp_loss":0.0,"gold_gain":0.0,"event_name":"The Mausoleum","player_choice":"Ignored","floor":21.0,"gold_loss":0.0,"damage_taken":0.0},{"cards_removed":["Strike_B"],"damage_healed":0.0,"max_hp_gain":0.0,"max_hp_loss":0.0,"gold_gain":0.0,"event_name":"Back to Basics","player_choice":"Elegance","floor":22.0,"gold_loss":0.0,"damage_taken":0.0}],"is_beta":false,"boss_relics":[{"not_picked":["White Beast Statue","FrozenCore"],"picked":"Runic Pyramid"}],"items_purged_floors":[4],"is_endless":false,"potions_floor_spawned":[7,13,19,24,28],"killed_by":"Gremlin Leader","ascension_level":20}