{"gold_per_floor":[117,117,117,142,158,158,171,171,219,219,243,221,237,250,250,379,379,392,12,36,36,36,36,54,70,96,96,11,29,42,42],"floor_reached":31,"playtime":1061,"items_purged":["Pain"],"score":231,"play_id":"eb81493c-ef08-4bb0-809c-f570aafeb960","local_time":"20181030212128","is_ascension_mode":false,"campfire_choices":[{"data":"Malaise","floor":6,"key":"SMITH"},{"data":"Dagger Spray","floor":10,"key":"SMITH"},{"floor":15,"key":"REST"},{"floor":23,"key":"REST"}],"neow_cost":"NONE","seed_source_timestamp":20763598616991,"circlet_count":0,"master_deck":["Defend_G","Defend_G+1","Defend_G","Defend_G","Defend_G+1","Strike_G","Strike_G","Strike_G","Survivor","Neutralize+1","Dagger Throw","Dagger Spray+1","Malaise+1","Deadly Poison","Envenom","Shame","Clumsy","Bane","Prepared","Deflect","Leg Sweep","Noxious Fumes","Cloak And Dagger+1","Underhanded Strike+1","A Thousand Cuts"],"relics":["Philosopher\u0027s Stone","Golden Idol","Juzu Bracelet","Calling Bell","Strawberry","Question Card","Dead Branch","StoneCalendar","Dream Catcher","Omamori"],"potions_floor_usage":[29,30,31],"damage_taken":[{"damage":0,"enemies":"Small Slimes","floor":1,"turns":5},{"damage":1,"enemies":"Jaw Worm","floor":4,"turns":3},{"damage":4,"enemies":"2 Louse","floor":5,"turns":3},{"damage":0,"enemies":"Large Slime","floor":7,"turns":6},{"damage":9,"enemies":"Exordium Wildlife","floor":11,"turns":4},{"damage":0,"enemies":"2 Fungi Beasts","floor":13,"turns":3},{"damage":6,"enemies":"3 Louse","floor":14,"turns":2},{"damage":17,"enemies":"Hexaghost","floor":16,"turns":13},{"damage":49,"enemies":"Spheric Guardian","floor":18,"turns":8},{"damage":15,"enemies":"Shell Parasite","floor":20,"turns":7},{"damage":5,"enemies":"Centurion and Healer","floor":24,"turns":7},{"damage":4,"enemies":"Snecko","floor":25,"turns":7},{"damage":13,"enemies":"Shelled Parasite and Fungi","floor":29,"turns":7},{"damage":8,"enemies":"Centurion and Healer","floor":30,"turns":7},{"damage":21,"enemies":"Cultist and Chosen","floor":31,"turns":4}],"seed_played":"4904714128884383996","potions_obtained":[{"floor":13,"key":"Regen Potion"},{"floor":14,"key":"Weak Potion"},{"floor":16,"key":"SkillPotion"},{"floor":30,"key":"FearPotion"}],"is_trial":false,"path_per_floor":["M","?","?","M","M","R","M","?","T","R","M","?","M","M","R","B",null,"M","$","M","?","?","R","M","M","T","$","?","M","M"],"character_chosen":"THE_SILENT","items_purchased":["StoneCalendar"],"campfire_rested":2,"item_purchase_floors":[19],"current_hp_per_floor":[70,53,53,52,48,48,48,34,34,34,25,25,25,19,40,23,77,28,28,13,13,13,36,31,27,27,27,27,29,21,0],"gold":42,"neow_bonus":"BOSS_RELIC","is_prod":false,"is_daily":false,"chose_seed":false,"campfire_upgraded":2,"win_rate":0,"timestamp":1540948888,"path_taken":["M","?","?","M","?","R","M","?","T","R","M","?","M","M","R","BOSS","M","$","M","?","?","R","M","M","T","$","?","M","M","M"],"build_version":"2018-10-29v2","purchased_purges":1,"victory":false,"max_hp_per_floor":[70,70,70,70,70,70,70,70,70,70,70,70,70,70,70,70,77,77,77,77,77,77,77,77,77,77,77,77,77,77,77],"card_choices":[{"not_picked":["Poisoned Stab","Underhanded Strike"],"picked":"Dagger Throw","floor":1},{"not_picked":["Underhanded Strike","Quick Slash"],"picked":"Dagger Spray","floor":4},{"not_picked":["Outmaneuver","Noxious Fumes"],"picked":"Malaise","floor":5},{"not_picked":["Flying Knee","Prepared","Cloak And Dagger"],"picked":"SKIP","floor":7},{"not_picked":["Sucker Punch","Leg Sweep"],"picked":"Deadly Poison","floor":11},{"not_picked":["Quick Slash","Distraction","Poisoned Stab"],"picked":"SKIP","floor":13},{"not_picked":["All Out Attack","Backflip","Blade Dance"],"picked":"SKIP","floor":14},{"not_picked":["Night Terror","Storm of Steel"],"picked":"Envenom","floor":16},{"not_picked":["Concentrate","Flying Knee","Well Laid Plans+1"],"picked":"Bane","floor":18},{"not_picked":["Backflip","Blade Dance","Escape Plan"],"picked":"Prepared","floor":20},{"not_picked":["Underhanded Strike+1","Bullet Time","Infinite Blades"],"picked":"Noxious Fumes","floor":24},{"not_picked":["Riddle With Holes","Blade Dance","Dagger Spray+1"],"picked":"Cloak And Dagger+1","floor":25},{"not_picked":["Bane+1","Dagger Spray","Outmaneuver"],"picked":"Underhanded Strike+1","floor":29},{"not_picked":["Terror","Backflip","Quick Slash"],"picked":"A Thousand Cuts","floor":30}],"player_experience":954450,"relics_obtained":[{"floor":9,"key":"Juzu Bracelet"},{"floor":17,"key":"Strawberry"},{"floor":17,"key":"Question Card"},{"floor":17,"key":"Dead Branch"},{"floor":26,"key":"Dream Catcher"}],"event_choices":[{"damage_healed":0,"gold_gain":0,"player_choice":"Take Damage","damage_taken":17,"relics_obtained":["Golden Idol"],"max_hp_gain":0,"max_hp_loss":0,"event_name":"Golden Idol","floor":2,"gold_loss":0},{"damage_healed":0,"gold_gain":0,"player_choice":"Grow","damage_taken":0,"max_hp_gain":0,"max_hp_loss":0,"event_name":"Living Wall","floor":3,"gold_loss":0,"cards_upgraded":["Neutralize"]},{"damage_healed":0,"gold_gain":0,"player_choice":"Entered Light","damage_taken":14,"max_hp_gain":0,"max_hp_loss":0,"event_name":"Shining Light","floor":8,"gold_loss":0,"cards_upgraded":["Defend_G","Defend_G"]},{"damage_healed":0,"gold_gain":0,"player_choice":"Left Gold","damage_taken":0,"max_hp_gain":0,"max_hp_loss":0,"event_name":"World of Goop","floor":12,"gold_loss":22},{"damage_healed":0,"gold_gain":0,"cards_transformed":["Strike_G","Strike_G"],"player_choice":"Became Test Subject","damage_taken":0,"max_hp_gain":0,"max_hp_loss":0,"event_name":"Drug Dealer","floor":21,"gold_loss":0,"cards_obtained":["Deflect","Leg Sweep"]},{"damage_healed":0,"gold_gain":0,"player_choice":"Ignored","damage_taken":0,"max_hp_gain":0,"max_hp_loss":0,"event_name":"The Mausoleum","floor":22,"gold_loss":0},{"damage_healed":0,"gold_gain":0,"player_choice":"Obtained Relic","damage_taken":0,"relics_obtained":["Omamori"],"max_hp_gain":0,"max_hp_loss":0,"event_name":"Addict","floor":28,"gold_loss":85}],"is_beta":true,"boss_relics":[{"not_picked":["Snecko Eye","Lizard Tail"],"picked":"Calling Bell"}],"items_purged_floors":[19],"is_endless":false,"potions_floor_spawned":[13,14,16,18,24,30],"killed_by":"Cultist and Chosen","ascension_level":0}