{"path_per_floor":["M","$","M","$","M","E","R","?","T","R","M","M","M","$","R","B",null,"M","?","?","M","?","R","E","M","T","M","R","?","$"],"character_chosen":"THE_SILENT","items_purchased":["Flying Knee","Noxious Fumes","Purity","Prepared","Infinite Blades","Anchor","Secret Technique"],"gold_per_floor":[119,21,38,38,49,84,84,84,130,130,145,160,174,3,3,131,131,154,154,154,177,127,127,465,480,505,520,520,520,45,45],"floor_reached":31,"campfire_rested":2,"playtime":3840,"current_hp_per_floor":[63,63,63,63,63,24,24,7,7,28,30,32,28,28,28,17,57,46,46,46,42,42,52,7,9,9,2,35,35,35,0],"items_purged":["Strike_G","Strike_G"],"gold":45,"score":344,"play_id":"82ee2204-8777-49c1-abb4-eda4bacc3d1b","local_time":"20180417184227","is_prod":false,"is_daily":false,"chose_seed":false,"is_ascension_mode":true,"campfire_upgraded":3,"timestamp":1524015747,"path_taken":["M","?","?","$","M","E","R","?","T","R","?","M","M","$","R","BOSS","M","?","?","?","?","R","E","M","T","M","R","?","$","M"],"build_version":"2018-04-12","seed_source_timestamp":18157042892650,"purchased_purges":2,"victory":false,"master_deck":["Defend_G","Defend_G","Defend_G","Defend_G","Defend_G","Strike_G","Strike_G","Strike_G","Survivor","Neutralize+1","Cloak And Dagger","Flying Knee","Cloak And Dagger","Slice","Blur","Adrenaline","Accuracy+1","Well Laid Plans","Cloak And Dagger","Noxious Fumes+1","Purity","Prepared","Envenom","Backflip+1","Prepared","Noxious Fumes","Backflip","Deflect+1","Deflect","Dodge and Roll","Infinite Blades","Secret Technique"],"max_hp_per_floor":[70,70,70,70,70,70,70,70,70,70,70,70,70,70,70,70,70,70,70,70,70,70,70,70,70,70,70,70,70,70,70],"relics":["Ring of the Snake","NeowsBlessing","Golden Idol","Blood Vial","Eternal Feather","Old Coin","Pen Nib","Nloth\u0027s Gift","Anchor"],"card_choices":[{"not_picked":["Catalyst","Slice"],"picked":"Cloak And Dagger","floor":1},{"not_picked":["Dodge and Roll","Distraction"],"picked":"Cloak And Dagger","floor":3},{"not_picked":["Acrobatics","Eviscerate"],"picked":"Slice","floor":5},{"not_picked":["Backflip","Terror"],"picked":"Blur","floor":6},{"not_picked":["Outmaneuver","Underhanded Strike"],"picked":"Adrenaline","floor":10},{"not_picked":["Finisher","Setup"],"picked":"Accuracy","floor":11},{"not_picked":["Backstab","Acrobatics"],"picked":"Well Laid Plans","floor":12},{"not_picked":["Dagger Throw","Backflip"],"picked":"Cloak And Dagger","floor":13},{"not_picked":["Bullet Time","Die Die Die"],"picked":"Envenom","floor":16},{"not_picked":["Dagger Spray","Dodge and Roll"],"picked":"Backflip","floor":18},{"not_picked":["Slice","Masterful Stab"],"picked":"Noxious Fumes","floor":21},{"not_picked":["Doppelganger","All Out Attack"],"picked":"Backflip","floor":24},{"not_picked":["Prepared","Quick Slash"],"picked":"Deflect","floor":25},{"not_picked":["Slice","Doppelganger"],"picked":"Deflect","floor":27},{"not_picked":["Backflip","Outmaneuver"],"picked":"Dodge and Roll","floor":28}],"player_experience":356210,"potions_floor_usage":[12,12,16,16,21,24,25,27,31],"damage_taken":[{"damage":0,"enemies":"Cultist","floor":1,"turns":1},{"damage":0,"enemies":"2 Louse","floor":3,"turns":1},{"damage":0,"enemies":"Jaw Worm","floor":5,"turns":1},{"damage":39,"enemies":"Lagavulin","floor":6,"turns":9},{"damage":0,"enemies":"Lots of Slimes","floor":11,"turns":5},{"damage":0,"enemies":"Exordium Thugs","floor":12,"turns":7},{"damage":6,"enemies":"Looter","floor":13,"turns":3},{"damage":13,"enemies":"Hexaghost","floor":16,"turns":12},{"damage":13,"enemies":"3 Byrds","floor":18,"turns":6},{"damage":21,"enemies":"Spheric Guardian","floor":21,"turns":10},{"damage":47,"enemies":"Gremlin Leader","floor":24,"turns":6},{"damage":0,"enemies":"Centurion and Healer","floor":25,"turns":7},{"damage":9,"enemies":"Snake Plant","floor":27,"turns":6},{"damage":45,"enemies":"Cultist and Chosen","floor":31,"turns":5}],"event_choices":[{"event_name":"Golden Idol","player_choice":"Take Damage","floor":8,"damage_taken":0},{"event_name":"The Library","player_choice":"Read","floor":19,"damage_taken":0},{"event_name":"The Lab","player_choice":"Got Potions","floor":20,"damage_taken":0},{"event_name":"The Joust","player_choice":"Bet on Murderer","floor":22,"damage_taken":0},{"event_name":"N\u0027loth","player_choice":"Traded a Dream Catcher","floor":29,"damage_taken":0}],"boss_relics":[{"not_picked":["Philosopher\u0027s Stone","Runic Pyramid"],"picked":"Eternal Feather"}],"potions_floor_spawned":[5,6,12,13,21,27],"seed_played":"-3838495078150830087","killed_by":"Cultist and Chosen","ascension_level":7,"is_trial":false}