{"path_per_floor":["M","M","?","$","M","E","R","?","T","$","M","E","R","E","R","B",null,"M","?","$","?","?","E","R","M","T"],"character_chosen":"IRONCLAD","items_purchased":["Shrug It Off","Shrug It Off"],"gold_per_floor":[118,130,230,129,146,177,177,207,231,107,127,152,152,177,177,275,275,241,241,116,31,31,65,65,84,84,84],"floor_reached":27,"campfire_rested":3,"playtime":924,"current_hp_per_floor":[75,77,77,77,79,55,55,55,55,55,59,29,53,36,60,8,80,58,58,58,58,58,11,35,33,39,0],"items_purged":["Writhe","Strike_R","Strike_R"],"gold":84,"score":296,"play_id":"0dbb83c1-eac8-40cd-b72f-5a78a0f00845","local_time":"20180322223839","is_prod":false,"is_daily":false,"is_ascension_mode":true,"campfire_upgraded":1,"timestamp":1521772719,"path_taken":["M","M","?","$","M","E","R","?","T","$","?","E","R","E","R","BOSS","M","?","$","?","?","E","R","M","T","E"],"build_version":"2018-03-22","purchased_purges":3,"victory":false,"master_deck":["Strike_R","Strike_R","Strike_R","Defend_R","Defend_R","Defend_R","Defend_R","Bash","Offering","Shrug It Off","Flex","Searing Blow+1","Shrug It Off","Armaments","Cleave","Barricade","Thunderclap","Reaper","Battle Trance+1","Writhe"],"max_hp_per_floor":[80,80,80,80,80,80,80,80,80,80,80,80,80,80,80,80,80,80,80,80,80,80,80,80,80,86,86],"relics":["Burning Blood","Ornamental Fan","Blood Vial","Lantern","Darkstone Periapt","Cursed Key","Pen Nib","Anchor","Bronze Scales"],"card_choices":[{"not_picked":["Berserk","Impervious"],"picked":"Offering","floor":0},{"not_picked":["Carnage","Iron Wave"],"picked":"Flex","floor":5},{"not_picked":["Ghostly Armor","Warcry"],"picked":"Searing Blow","floor":6},{"not_picked":["Juggernaut","Thunderclap"],"picked":"Armaments","floor":12},{"not_picked":["Carnage","Corruption"],"picked":"Cleave","floor":14},{"not_picked":["Bludgeon","Immolate"],"picked":"Barricade","floor":16},{"not_picked":["Disarm","Anger"],"picked":"Thunderclap","floor":18},{"not_picked":["Second Wind","Sword Boomerang"],"picked":"Reaper","floor":23},{"not_picked":["Corruption","Havoc"],"picked":"Battle Trance","floor":25}],"player_experience":249682,"potions_floor_usage":[23,27],"damage_taken":[{"damage":11,"enemies":"Jaw Worm","floor":1,"turns":2},{"damage":4,"enemies":"Cultist","floor":2,"turns":2},{"damage":4,"enemies":"Small Slimes","floor":5,"turns":2},{"damage":30,"enemies":"Gremlin Nob","floor":6,"turns":4},{"damage":4,"enemies":"2 Fungi Beasts","floor":11,"turns":4},{"damage":38,"enemies":"Lagavulin","floor":12,"turns":7},{"damage":25,"enemies":"3 Sentries","floor":14,"turns":10},{"damage":60,"enemies":"The Guardian","floor":16,"turns":13},{"damage":28,"enemies":"2 Thieves","floor":18,"turns":5},{"damage":55,"enemies":"Slavers","floor":23,"turns":9},{"damage":15,"enemies":"Shell Parasite","floor":25,"turns":8},{"damage":54,"enemies":"Book of Stabbing","floor":27,"turns":6}],"event_choices":[{"event_name":"Wheel of Change","player_choice":"Gold","floor":3,"damage_taken":0},{"event_name":"Dead Adventurer","player_choice":"Searched \u00272\u0027 times","floor":8,"damage_taken":0},{"event_name":"The Lab","player_choice":"Got Potions","floor":19,"damage_taken":0},{"event_name":"Addict","player_choice":"Obtained Relic","floor":21,"damage_taken":0},{"event_name":"Drug Dealer","player_choice":"Ignored","floor":22,"damage_taken":0}],"boss_relics":[{"not_picked":["Eternal Feather","Black Blood"],"picked":"Cursed Key"}],"potions_floor_spawned":[1,12,14,16,25],"seed_played":"-3957388814084831577","killed_by":"Book of Stabbing","ascension_level":4,"is_trial":false}