{"gold_per_floor":[112,127,46,57,57,57,92,92,92,92,92,111,163,191,203,317,329,359,386,398,426,454,466,478],"floor_reached":24,"playtime":662,"items_purged":[],"score":277,"play_id":"c026048d-97a7-41ea-a630-39e4a51add7f","local_time":"20181230113056","is_ascension_mode":true,"campfire_choices":[{"data":"Biased Cognition","floor":6,"key":"SMITH"},{"data":"Sunder","floor":8,"key":"SMITH"},{"data":"Dualcast","floor":10,"key":"SMITH"},{"data":"Zap","floor":15,"key":"SMITH"},{"floor":23,"key":"REST"}],"neow_cost":"NONE","seed_source_timestamp":841253583568292,"circlet_count":0,"master_deck":["Strike_B","Strike_B","Strike_B","Strike_B","Defend_B","Defend_B","Defend_B","Defend_B","Zap+1","Dualcast+1","Biased Cognition+1","Auto Shields","Sunder+1","Leap","Core Surge","BootSequence","BootSequence","Leap"],"special_seed":0,"relics":["Cracked Core","Matryoshka","Vajra","PreservedInsect","Bag of Marbles","MawBank","Black Star"],"potions_floor_usage":[7,16,21,24],"damage_taken":[{"damage":16.0,"enemies":"Small Slimes","floor":1.0,"turns":3.0},{"damage":1.0,"enemies":"Jaw Worm","floor":2.0,"turns":3.0},{"damage":0.0,"enemies":"Cultist","floor":4.0,"turns":2.0},{"damage":19,"enemies":"Lagavulin","floor":7,"turns":7},{"damage":1,"enemies":"Exordium Wildlife","floor":12,"turns":2},{"damage":6,"enemies":"Gremlin Gang","floor":14,"turns":4},{"damage":8,"enemies":"Hexaghost","floor":16,"turns":8},{"damage":15,"enemies":"Shell Parasite","floor":18,"turns":5},{"damage":6,"enemies":"Spheric Guardian","floor":19,"turns":3},{"damage":25,"enemies":"Snake Plant","floor":21,"turns":5},{"damage":12,"enemies":"Sentry and Sphere","floor":22,"turns":4},{"damage":26,"enemies":"Slavers","floor":24,"turns":3}],"seed_played":"1138050675113399686","potions_obtained":[{"floor":4.0,"key":"SteroidPotion"},{"floor":12,"key":"Poison Potion"},{"floor":18,"key":"Energy Potion"},{"floor":21,"key":"Strength Potion"}],"is_trial":false,"path_per_floor":["M","M","$","M","?","R","E","R","T","R","?","M","T","M","R","B",null,"M","M","$","M","M","R","E"],"character_chosen":"DEFECT","items_purchased":["Sunder"],"campfire_rested":1,"item_purchase_floors":[3],"current_hp_per_floor":[52,51,51,51,51,51,32,32,32,32,32,31,31,25,25,17,61,46,40,40,15,3,25,0],"gold":478,"neow_bonus":"ONE_RANDOM_RARE_CARD","is_prod":false,"is_daily":false,"chose_seed":false,"campfire_upgraded":4,"win_rate":0,"timestamp":1546165856,"path_taken":["M","M","$","M","?","R","E","R","T","R","?","M","?","M","R","BOSS","M","M","$","M","M","R","E"],"build_version":"2018-12-20","purchased_purges":0,"victory":false,"max_hp_per_floor":[75,75,75,75,75,75,75,75,75,75,75,75,75,75,75,75,75,75,75,75,75,75,75,75],"card_choices":[{"not_picked":["Steam","Glacier"],"picked":"Auto Shields","floor":1.0},{"not_picked":["Steam Power","Turbo","Force Field"],"picked":"SKIP","floor":2.0},{"not_picked":["Reprogram","Coolheaded"],"picked":"Doom and Gloom","floor":4.0},{"not_picked":["Scrape","Fusion","Doom and Gloom"],"picked":"SKIP","floor":7},{"not_picked":["Genetic Algorithm","Scrape"],"picked":"Leap","floor":12},{"not_picked":["Steam Power","Coolheaded","Conserve Battery"],"picked":"SKIP","floor":14},{"not_picked":["Thunder Strike","Biased Cognition"],"picked":"Core Surge","floor":16},{"not_picked":["Cold Snap","Consume+1","Coolheaded"],"picked":"SKIP","floor":18},{"not_picked":["Turbo","Loop"],"picked":"BootSequence","floor":19},{"not_picked":["Turbo","Genetic Algorithm"],"picked":"BootSequence","floor":21},{"not_picked":["Streamline","Hologram"],"picked":"Leap","floor":22}],"player_experience":356262,"relics_obtained":[{"floor":7,"key":"Matryoshka"},{"floor":9,"key":"Vajra"},{"floor":9,"key":"PreservedInsect"},{"floor":13,"key":"Bag of Marbles"},{"floor":13,"key":"MawBank"}],"event_choices":[{"cards_removed":["Doom and Gloom"],"damage_healed":0,"gold_gain":0,"player_choice":"Forget","damage_taken":0,"max_hp_gain":0,"max_hp_loss":0,"event_name":"Living Wall","floor":5,"gold_loss":0},{"damage_healed":0,"gold_gain":0,"player_choice":"Searched \u00270\u0027 times","damage_taken":0,"max_hp_gain":0,"max_hp_loss":0,"event_name":"Dead Adventurer","floor":11,"gold_loss":0}],"is_beta":false,"boss_relics":[{"not_picked":["Orrery","Philosopher\u0027s Stone"],"picked":"Black Star"}],"items_purged_floors":[],"is_endless":false,"potions_floor_spawned":[4,12,18,21],"killed_by":"Slavers","ascension_level":8}