{"gold_per_floor":[119,119,149,74,91,91,2,35,35,35,67,67,67,78,78,155,155,169,169,41,51,61,61,77,96,120,120,35,61,61,92,92,165,165,178,193,193,209,224,224,257,269,269,286,312,312,345,345,345,345,345,345,345,16,49,49],"floor_reached":56,"playtime":7069,"items_purged":["Strike_B","Strike_B","Strike_B"],"score":2066,"play_id":"e3d1dab4-0b28-4483-964d-e8e29a8efea7","local_time":"20190823125406","is_ascension_mode":true,"campfire_choices":[{"floor":6.0,"key":"REST"},{"data":"Zap","floor":10.0,"key":"SMITH"},{"data":"Dualcast","floor":12.0,"key":"SMITH"},{"data":"Multi-Cast","floor":15.0,"key":"SMITH"},{"data":"Self Repair","floor":23.0,"key":"SMITH"},{"floor":27.0,"key":"REST"},{"data":"Redo","floor":30.0,"key":"SMITH"},{"data":"Double Energy","floor":32.0,"key":"SMITH"},{"data":"Coolheaded","floor":40.0,"key":"SMITH"},{"floor":46.0,"key":"RECALL"},{"data":"Recycle","floor":49.0,"key":"SMITH"},{"floor":53,"key":"REST"}],"neow_cost":"NONE","seed_source_timestamp":0,"circlet_count":0,"master_deck":["AscendersBane","Defend_B+1","Defend_B+1","Defend_B","Defend_B","Zap+1","Dualcast+1","Doom and Gloom","Undo","Self Repair+1","Ball Lightning","Beam Cell","Multi-Cast+1","White Noise","Echo Form","Conserve Battery","Compile Driver+1","Redo+1","Turbo+1","Double Energy+1","Creative AI","Hologram","Barrage+1","Coolheaded+1","Turbo+1","Leap+1","Chill","Recycle+1","Biased Cognition"],"special_seed":0,"relics":["Cracked Core","Anchor","Tiny Chest","Omamori","Symbiotic Virus","Dodecahedron","Inserter","Ancient Tea Set","Smiling Mask","Gremlin Horn","Blood Vial","Runic Pyramid","Darkstone Periapt","Bag of Marbles","Lantern","Pantograph","Bag of Preparation"],"potions_floor_usage":[],"damage_taken":[{"damage":2.0,"enemies":"Jaw Worm","floor":1.0,"turns":2.0},{"damage":0.0,"enemies":"2 Louse","floor":5.0,"turns":2.0},{"damage":6.0,"enemies":"Lagavulin","floor":8.0,"turns":6.0},{"damage":21.0,"enemies":"Gremlin Nob","floor":11.0,"turns":4.0},{"damage":0.0,"enemies":"Small Slimes","floor":14.0,"turns":3.0},{"damage":0.0,"enemies":"Slime Boss","floor":16.0,"turns":4.0},{"damage":0.0,"enemies":"3 Byrds","floor":18.0,"turns":2.0},{"damage":4.0,"enemies":"Shell Parasite","floor":21.0,"turns":4.0},{"damage":55.0,"enemies":"Cultist and Chosen","floor":22.0,"turns":7.0},{"damage":18.0,"enemies":"Centurion and Healer","floor":24.0,"turns":4.0},{"damage":21.0,"enemies":"Snecko","floor":25.0,"turns":6.0},{"damage":8.0,"enemies":"Book of Stabbing","floor":29.0,"turns":5.0},{"damage":8.0,"enemies":"Slavers","floor":31.0,"turns":3.0},{"damage":33.0,"enemies":"Automaton","floor":33.0,"turns":6.0},{"damage":27.0,"enemies":"Orb Walker","floor":35.0,"turns":4.0},{"damage":10.0,"enemies":"3 Darklings","floor":36.0,"turns":3.0},{"damage":20.0,"enemies":"Maw","floor":38.0,"turns":7.0},{"damage":19.0,"enemies":"Jaw Worm Horde","floor":39.0,"turns":3.0},{"damage":0.0,"enemies":"Giant Head","floor":41.0,"turns":4.0},{"damage":14.0,"enemies":"Writhing Mass","floor":42.0,"turns":4.0},{"damage":6.0,"enemies":"Spire Growth","floor":44.0,"turns":4.0},{"damage":16.0,"enemies":"Nemesis","floor":45.0,"turns":3.0},{"damage":23.0,"enemies":"Giant Head","floor":47.0,"turns":5.0},{"damage":32.0,"enemies":"Awakened One","floor":50.0,"turns":11.0},{"damage":49,"enemies":"Time Eater","floor":51,"turns":4},{"damage":64,"enemies":"Shield and Spear","floor":55,"turns":5},{"damage":98,"enemies":"The Heart","floor":56,"turns":3}],"seed_played":"-1312494357522292399","potions_obtained":[{"floor":1.0,"key":"SkillPotion"},{"floor":11.0,"key":"Block Potion"},{"floor":19.0,"key":"FocusPotion"},{"floor":22.0,"key":"Fire Potion"},{"floor":31.0,"key":"Dexterity Potion"},{"floor":33.0,"key":"SpeedPotion"},{"floor":36.0,"key":"Dexterity Potion"},{"floor":39.0,"key":"FocusPotion"}],"is_trial":false,"path_per_floor":["M","?","?","$","M","R","$","E","T","R","E","R","?","M","R","B",null,"M","?","$","M","M","R","M","M","T","R","?","E","R","E","R","B",null,"M","M","?","M","M","R","E","M","T","M","E","R","E","?","R","B","B",null,"R","$","E","B"],"character_chosen":"DEFECT","items_purchased":["Self Repair","Ball Lightning","Conserve Battery","Pantograph"],"campfire_rested":3,"item_purchase_floors":[7,7,20,54],"current_hp_per_floor":[62,41,30,30,30,51,51,45,45,45,31,31,24,31,31,38,63,63,63,63,66,25,25,27,26,26,47,47,59,59,61,61,40,63,48,60,60,62,45,45,47,55,55,61,57,57,46,71,71,49,12,56,71,71,17,0],"gold":49,"neow_bonus":"RANDOM_COMMON_RELIC","is_prod":false,"is_daily":false,"chose_seed":false,"campfire_upgraded":8,"win_rate":0,"timestamp":1566590046,"path_taken":["M","?","?","?","M","R","$","E","T","R","E","R","?","M","R","BOSS","M","?","?","M","M","R","M","M","T","R","?","E","R","E","R","BOSS","M","M","?","M","M","R","E","M","T","M","E","R","E","?","R","BOSS","BOSS","R","$","E","BOSS"],"build_version":"2019-07-17","purchased_purges":3,"victory":false,"max_hp_per_floor":[71,71,71,71,71,71,71,71,71,71,71,71,71,71,71,71,71,71,71,71,71,71,71,71,71,71,71,71,71,71,71,71,71,71,71,71,71,71,71,71,71,71,71,71,71,71,71,71,71,71,71,71,71,71,71,71],"card_choices":[{"not_picked":["BootSequence","Compile Driver"],"picked":"Doom and Gloom","floor":1.0},{"not_picked":["Steam","Stack"],"picked":"Undo","floor":5.0},{"not_picked":["Heatsinks","Barrage"],"picked":"Beam Cell","floor":8.0},{"not_picked":["Hyperbeam","Leap"],"picked":"Multi-Cast","floor":11.0},{"not_picked":["Cold Snap","Rebound"],"picked":"White Noise","floor":14.0},{"not_picked":["Amplify","Rainbow"],"picked":"Echo Form","floor":16.0},{"not_picked":["Rebound","Streamline","Tempest"],"picked":"SKIP","floor":18.0},{"not_picked":["Rebound","White Noise"],"picked":"Compile Driver+1","floor":21.0},{"not_picked":["Ball Lightning","Compile Driver"],"picked":"Redo","floor":22.0},{"not_picked":["Rebound","Compile Driver","Sweeping Beam"],"picked":"SKIP","floor":24.0},{"not_picked":["Streamline","Conserve Battery"],"picked":"Lockon","floor":25.0},{"not_picked":["Hello World","Reboot"],"picked":"Turbo+1","floor":29.0},{"not_picked":["Coolheaded","Storm"],"picked":"Double Energy","floor":31.0},{"not_picked":["Hyperbeam","Rainbow"],"picked":"Creative AI","floor":33.0},{"not_picked":["Cold Snap","Ball Lightning"],"picked":"Hologram","floor":35.0},{"not_picked":["Static Discharge+1","Compile Driver"],"picked":"Barrage+1","floor":36.0},{"not_picked":["Undo","Lockon"],"picked":"Coolheaded","floor":38.0},{"not_picked":["Go for the Eyes","Stack"],"picked":"Turbo+1","floor":39.0},{"not_picked":["White Noise+1","Rebound"],"picked":"Leap+1","floor":41.0},{"not_picked":["Thunder Strike","Darkness","FTL+1"],"picked":"SKIP","floor":42.0},{"not_picked":["Redo","Chaos+1","Leap"],"picked":"SKIP","floor":44.0},{"not_picked":["Leap","Doom and Gloom"],"picked":"Chill","floor":45.0},{"not_picked":["Beam Cell+1","Storm"],"picked":"Recycle","floor":47.0},{"not_picked":["Coolheaded","Sweeping Beam"],"picked":"Biased Cognition","floor":55}],"player_experience":745816,"relics_obtained":[{"floor":8.0,"key":"Omamori"},{"floor":9.0,"key":"Symbiotic Virus"},{"floor":11.0,"key":"Dodecahedron"},{"floor":26.0,"key":"Ancient Tea Set"},{"floor":29.0,"key":"Gremlin Horn"},{"floor":31.0,"key":"Blood Vial"},{"floor":41.0,"key":"Darkstone Periapt"},{"floor":45.0,"key":"Bag of Marbles"},{"floor":47.0,"key":"Lantern"},{"floor":55,"key":"Bag of Preparation"}],"event_choices":[{"damage_healed":0.0,"max_hp_gain":0.0,"max_hp_loss":0.0,"gold_gain":0.0,"event_name":"Shining Light","player_choice":"Entered Light","floor":2.0,"gold_loss":0.0,"damage_taken":21.0,"cards_upgraded":["Defend_B","Defend_B"]},{"damage_healed":0.0,"max_hp_gain":0.0,"max_hp_loss":0.0,"gold_gain":0.0,"event_name":"Scrap Ooze","player_choice":"Success","floor":3.0,"gold_loss":0.0,"damage_taken":11.0,"relics_obtained":["Tiny Chest"]},{"cards_removed":["Strike_B"],"damage_healed":0.0,"max_hp_gain":0.0,"max_hp_loss":0.0,"gold_gain":0.0,"event_name":"Golden Wing","player_choice":"Card Removal","floor":13.0,"gold_loss":0.0,"damage_taken":7.0},{"damage_healed":0.0,"max_hp_gain":0.0,"max_hp_loss":0.0,"gold_gain":0.0,"event_name":"Lab","player_choice":"Got Potions","floor":19.0,"gold_loss":0.0,"damage_taken":0.0},{"damage_healed":0.0,"max_hp_gain":0.0,"max_hp_loss":0.0,"gold_gain":0.0,"event_name":"Addict","player_choice":"Obtained Relic","floor":28.0,"gold_loss":85.0,"damage_taken":0.0,"relics_obtained":["Smiling Mask"]},{"cards_removed":["Lockon"],"damage_healed":0.0,"max_hp_gain":0.0,"max_hp_loss":0.0,"gold_gain":0.0,"event_name":"Falling","player_choice":"Removed Attack","floor":37.0,"gold_loss":0.0,"damage_taken":0.0},{"damage_healed":25.0,"max_hp_gain":0.0,"max_hp_loss":0.0,"gold_gain":0.0,"event_name":"MindBloom","player_choice":"Heal","floor":48.0,"gold_loss":0.0,"damage_taken":0.0,"cards_obtained":["Doubt"]}],"is_beta":false,"boss_relics":[{"not_picked":["Calling Bell","Orrery"],"picked":"Inserter"},{"not_picked":["Lizard Tail","Busted Crown"],"picked":"Runic Pyramid"}],"items_purged_floors":[4,20,54],"is_endless":false,"potions_floor_spawned":[1,11,22,25,31,33,36,39,44],"killed_by":"The Heart","ascension_level":20}