{"gold_per_floor":[110,110,124,135,20,49,49,78,132,132,158,176,176,207,207,207],"floor_reached":16,"playtime":1045,"items_purged":["Defend_R"],"score":192,"play_id":"264b02c2-e8b8-401e-aa2f-02bf6aafdad4","local_time":"20190314060027","is_ascension_mode":true,"campfire_choices":[{"data":"Spot Weakness","floor":7,"key":"SMITH"},{"data":"Bash","floor":10,"key":"SMITH"},{"data":"True Grit","floor":13,"key":"SMITH"},{"data":"Shockwave","floor":15,"key":"SMITH"}],"neow_cost":"NONE","seed_source_timestamp":1192691559792,"circlet_count":0,"master_deck":["AscendersBane","Strike_R","Strike_R","Strike_R","Strike_R","Strike_R","Defend_R","Defend_R","Defend_R","Bash+1","Brutality","Spot Weakness","Shrug It Off","Reaper","Spot Weakness+1","Anger","Shockwave+1","True Grit+1"],"relics":["Burning Blood","Letter Opener","PreservedInsect","Omamori","Darkstone Periapt","Du-Vu Doll"],"potions_floor_usage":[6,8,8],"damage_taken":[{"damage":0,"enemies":"2 Louse","floor":1,"turns":2},{"damage":12,"enemies":"Cultist","floor":3,"turns":4},{"damage":6,"enemies":"Small Slimes","floor":4,"turns":3},{"damage":36,"enemies":"3 Sentries","floor":6,"turns":9},{"damage":26,"enemies":"Lagavulin","floor":8,"turns":7},{"damage":32,"enemies":"3 Sentries","floor":11,"turns":6},{"damage":30,"enemies":"Exordium Thugs","floor":12,"turns":4},{"damage":10,"enemies":"Gremlin Nob","floor":14,"turns":3},{"damage":43,"enemies":"Slime Boss","floor":16,"turns":8}],"seed_played":"9159243548161359055","potions_obtained":[{"floor":1,"key":"Strength Potion"},{"floor":4,"key":"Weak Potion"},{"floor":6,"key":"AttackPotion"},{"floor":12,"key":"SmokeBomb"}],"is_trial":false,"path_per_floor":["M","?","M","M","$","E","R","E","T","R","E","M","R","E","R","B"],"character_chosen":"IRONCLAD","items_purchased":["Spot Weakness"],"campfire_rested":0,"item_purchase_floors":[5],"current_hp_per_floor":[78,80,74,74,74,68,68,60,60,60,56,42,42,38,38,0],"gold":207,"neow_bonus":"ONE_RANDOM_RARE_CARD","is_prod":false,"is_daily":false,"chose_seed":false,"campfire_upgraded":4,"win_rate":0,"timestamp":1552539627,"path_taken":["M","?","M","M","$","E","R","E","T","R","E","?","R","E","R","BOSS"],"build_version":"2019-01-23","purchased_purges":1,"victory":false,"max_hp_per_floor":[80,80,80,80,80,80,80,80,80,80,80,80,80,80,80,80],"card_choices":[{"not_picked":["Searing Blow","Sword Boomerang"],"picked":"Spot Weakness","floor":1},{"not_picked":["Entrench","Iron Wave"],"picked":"Shrug It Off","floor":3},{"not_picked":["Wild Strike","Reckless Charge"],"picked":"Reaper","floor":4},{"not_picked":["Body Slam","Blood for Blood","Entrench"],"picked":"SKIP","floor":6},{"not_picked":["Body Slam","Second Wind"],"picked":"Anger","floor":8},{"not_picked":["Rupture","Anger"],"picked":"Shockwave","floor":11},{"not_picked":["Twin Strike","Body Slam"],"picked":"True Grit","floor":12},{"not_picked":["Thunderclap","Clothesline","Seeing Red"],"picked":"SKIP","floor":14}],"player_experience":378757,"relics_obtained":[{"floor":6,"key":"Letter Opener"},{"floor":8,"key":"PreservedInsect"},{"floor":9,"key":"Omamori"},{"floor":11,"key":"Darkstone Periapt"},{"floor":14,"key":"Du-Vu Doll"}],"event_choices":[{"damage_healed":2,"gold_gain":0,"player_choice":"Full Heal","damage_taken":0,"max_hp_gain":0,"max_hp_loss":0,"event_name":"Wheel of Change","floor":2,"gold_loss":0}],"is_beta":false,"boss_relics":[],"items_purged_floors":[5],"is_endless":false,"potions_floor_spawned":[1,4,6,12],"killed_by":"Slime Boss","ascension_level":10}