{"path_per_floor":["M","M","$","?","M","E","M","R","T","E","$","?","?","?","R"],"character_chosen":"IRONCLAD","items_purchased":["Havoc"],"gold_per_floor":[115,127,3,78,89,120,130,130,130,159,59,59,24,24,24,24],"floor_reached":16,"campfire_rested":0,"playtime":437,"current_hp_per_floor":[80,80,80,69,65,41,39,39,39,38,38,38,58,58,58,0],"items_purged":["Strike_R","Strike_R"],"gold":24,"score":108,"play_id":"2a71e97a-7546-4206-83ee-7c7b3297b7fb","local_time":"20180424234227","is_prod":false,"is_daily":false,"chose_seed":false,"is_ascension_mode":false,"campfire_upgraded":2,"timestamp":1524627747,"path_taken":["M","M","$","?","M","E","M","R","T","E","$","?","?","?","R","BOSS"],"build_version":"2018-04-19","seed_source_timestamp":2073477592083284,"purchased_purges":2,"victory":false,"master_deck":["Strike_R","Strike_R","Defend_R","Defend_R","Defend_R","Defend_R","Bash","Feel No Pain","Uppercut+1","Havoc","Flame Barrier","Ghostly Armor","Uppercut+1","Thunderclap","Seeing Red"],"max_hp_per_floor":[80,80,80,80,80,80,80,80,80,80,80,80,80,80,80,80],"relics":["Burning Blood","Juzu Bracelet","Shuriken","Ornamental Fan","Bottled Lightning"],"card_choices":[{"not_picked":["True Grit","Pommel Strike"],"picked":"Feel No Pain","floor":1},{"not_picked":["Clash","Rage"],"picked":"Uppercut","floor":2},{"not_picked":["Pommel Strike","Sword Boomerang"],"picked":"Flame Barrier","floor":5},{"not_picked":["Wild Strike","Second Wind"],"picked":"Ghostly Armor","floor":6},{"not_picked":["Cleave","Pommel Strike"],"picked":"Uppercut","floor":7},{"not_picked":["Spot Weakness","Power Through"],"picked":"Thunderclap","floor":10}],"player_experience":391074,"potions_floor_usage":[16],"damage_taken":[{"damage":0,"enemies":"Small Slimes","floor":1,"turns":4},{"damage":6,"enemies":"2 Louse","floor":2,"turns":4},{"damage":10,"enemies":"Jaw Worm","floor":5,"turns":4},{"damage":30,"enemies":"Gremlin Nob","floor":6,"turns":5},{"damage":8,"enemies":"Exordium Wildlife","floor":7,"turns":5},{"damage":7,"enemies":"Lagavulin","floor":10,"turns":9},{"damage":60,"enemies":"Hexaghost","floor":16,"turns":11}],"event_choices":[{"event_name":"World of Goop","player_choice":"Gather Gold","floor":4,"damage_taken":0},{"event_name":"Golden Idol","player_choice":"Ignored","floor":12,"damage_taken":0},{"event_name":"The Cleric","player_choice":"Healed","floor":13,"damage_taken":0},{"event_name":"Transmorgrifier","player_choice":"Transform","floor":14,"damage_taken":0}],"boss_relics":[],"potions_floor_spawned":[6,10],"seed_played":"-7722769577727848285","killed_by":"Hexaghost","ascension_level":0,"is_trial":false}