{"gold_per_floor":[113,127,137,137,23,23,52,71,98,14,14,32,61,78,78,152,152,166,166,182,82,96,96,96,96,119,148,167,167,183,197,197,271,271,283,293,346,360,380,380,405,405,405,436,113,124,124,137,137,137,137],"floor_reached":51,"playtime":7975,"items_purged":["Defend_B","Strike_B","Strike_B"],"score":1582,"play_id":"b5f9ddb4-0f02-447c-9c10-07f78c9b543d","local_time":"20190831010742","is_ascension_mode":true,"campfire_choices":[{"data":"Static Discharge","floor":6.0,"key":"SMITH"},{"floor":11.0,"key":"REST"},{"data":"Zap","floor":15.0,"key":"SMITH"},{"floor":23.0,"key":"REST"},{"data":"Blizzard","floor":25.0,"key":"SMITH"},{"floor":29.0,"key":"REST"},{"data":"Hologram","floor":32.0,"key":"SMITH"},{"data":"Hologram","floor":40.0,"key":"SMITH"},{"floor":42.0,"key":"REST"},{"floor":49.0,"key":"RECALL"}],"neow_cost":"TEN_PERCENT_HP_LOSS","seed_source_timestamp":637720830705424,"circlet_count":0,"master_deck":["AscendersBane","Defend_B","Defend_B","Defend_B","Zap+1","Dualcast","Cold Snap","Coolheaded","Coolheaded","Static Discharge+1","Gash","Blizzard+1","Hyperbeam","Core Surge","Echo Form","Glacier","All For One","Glacier","Capacitor","Fusion","Hologram+1","Creative AI","Hologram+1","Skim+1","Amplify","Undo","Glacier+1"],"special_seed":0,"relics":["Cracked Core","Happy Flower","Centennial Puzzle","Vajra","Snecko Eye","Anchor","Bottled Tornado","Sozu","Nunchaku","Bottled Lightning","Unceasing Top","Oddly Smooth Stone"],"potions_floor_usage":[],"damage_taken":[{"damage":1.0,"enemies":"Cultist","floor":1.0,"turns":3.0},{"damage":5.0,"enemies":"Small Slimes","floor":2.0,"turns":5.0},{"damage":1.0,"enemies":"2 Louse","floor":3.0,"turns":3.0},{"damage":30.0,"enemies":"Lagavulin","floor":7.0,"turns":9.0},{"damage":10.0,"enemies":"Red Slaver","floor":8.0,"turns":3.0},{"damage":0.0,"enemies":"Looter","floor":12.0,"turns":2.0},{"damage":6.0,"enemies":"3 Sentries","floor":13.0,"turns":2.0},{"damage":6.0,"enemies":"2 Fungi Beasts","floor":14.0,"turns":2.0},{"damage":21.0,"enemies":"The Guardian","floor":16.0,"turns":8.0},{"damage":21.0,"enemies":"2 Thieves","floor":18.0,"turns":3.0},{"damage":9.0,"enemies":"Shell Parasite","floor":20.0,"turns":5.0},{"damage":0.0,"enemies":"3 Cultists","floor":22.0,"turns":3.0},{"damage":13.0,"enemies":"Slavers","floor":27.0,"turns":3.0},{"damage":0.0,"enemies":"Cultist and Chosen","floor":28.0,"turns":4.0},{"damage":9.0,"enemies":"Shelled Parasite and Fungi","floor":30.0,"turns":4.0},{"damage":0.0,"enemies":"3 Cultists","floor":31.0,"turns":3.0},{"damage":0.0,"enemies":"Champ","floor":33.0,"turns":10.0},{"damage":20.0,"enemies":"3 Darklings","floor":35.0,"turns":6.0},{"damage":1.0,"enemies":"Orb Walker","floor":36.0,"turns":2.0},{"damage":0.0,"enemies":"2 Orb Walkers","floor":37.0,"turns":4.0},{"damage":0.0,"enemies":"Sphere and 2 Shapes","floor":38.0,"turns":2.0},{"damage":0.0,"enemies":"Spire Growth","floor":39.0,"turns":7.0},{"damage":0.0,"enemies":"Giant Head","floor":41.0,"turns":5.0},{"damage":27.0,"enemies":"Reptomancer","floor":44.0,"turns":3.0},{"damage":0.0,"enemies":"Maw","floor":46.0,"turns":7.0},{"damage":0.0,"enemies":"Sphere and 2 Shapes","floor":48.0,"turns":7.0},{"damage":18.0,"enemies":"Time Eater","floor":50.0,"turns":16.0},{"damage":20,"enemies":"Awakened One","floor":51,"turns":3}],"seed_played":"-2113680944847978092","potions_obtained":[{"floor":3.0,"key":"SkillPotion"},{"floor":7.0,"key":"Energy Potion"},{"floor":12.0,"key":"SpeedPotion"},{"floor":14.0,"key":"AttackPotion"},{"floor":22.0,"key":"Fire Potion"},{"floor":27.0,"key":"Explosive Potion"},{"floor":30.0,"key":"PowerPotion"}],"is_trial":false,"path_per_floor":["M","M","M","?","$","R","E","M","T","$","R","M","E","M","R","B",null,"M","?","M","$","M","R","$","R","T","E","M","R","M","M","R","B",null,"M","M","?","M","M","R","E","R","T","E","$","M","?","M","R","B","B"],"character_chosen":"DEFECT","items_purchased":["Static Discharge","Hyperbeam","Oddly Smooth Stone","Undo"],"campfire_rested":4,"item_purchase_floors":[5,10,45,45],"current_hp_per_floor":[63,58,57,57,57,57,27,17,17,17,36,36,30,24,24,3,49,28,11,2,2,2,22,22,22,22,9,9,29,20,20,20,20,57,37,36,36,36,36,36,36,56,56,29,29,29,29,29,29,11,0],"gold":137,"neow_bonus":"REMOVE_TWO","is_prod":false,"is_daily":false,"chose_seed":false,"campfire_upgraded":5,"win_rate":0,"timestamp":1567238862,"path_taken":["M","M","?","?","?","R","E","M","T","$","R","M","E","?","R","BOSS","M","?","M","$","M","R","$","R","T","E","M","R","M","M","R","BOSS","M","M","?","M","M","R","E","R","T","E","$","M","?","M","R","BOSS","BOSS"],"build_version":"2019-07-17","purchased_purges":3,"victory":false,"max_hp_per_floor":[64,64,64,64,64,64,64,64,64,64,64,64,64,64,64,64,64,64,69,69,69,69,69,69,69,69,69,69,69,69,69,69,69,69,69,69,69,69,69,69,69,69,69,69,69,69,69,69,69,69,69],"card_choices":[{"not_picked":["Self Repair","Ball Lightning"],"picked":"Cold Snap","floor":1.0},{"not_picked":["Gash","Leap"],"picked":"Coolheaded","floor":2.0},{"not_picked":["Leap","Compile Driver"],"picked":"Coolheaded","floor":3.0},{"not_picked":["Cold Snap","Rebound"],"picked":"Gash","floor":7.0},{"not_picked":["Auto Shields","Force Field"],"picked":"Blizzard","floor":8.0},{"not_picked":["Turbo","Storm"],"picked":"Core Surge","floor":12.0},{"not_picked":["Gash","Ball Lightning"],"picked":"Echo Form","floor":13.0},{"not_picked":["Cold Snap","Loop"],"picked":"Glacier","floor":14.0},{"not_picked":["Hyperbeam","Machine Learning"],"picked":"All For One","floor":16.0},{"not_picked":["Streamline","Cold Snap","Go for the Eyes"],"picked":"SKIP","floor":18.0},{"not_picked":["Streamline","Redo"],"picked":"Glacier","floor":20.0},{"not_picked":["Rip and Tear","Aggregate","Gash"],"picked":"SKIP","floor":22.0},{"not_picked":["Scrape","Rebound"],"picked":"Capacitor","floor":27.0},{"not_picked":["Redo","Buffer"],"picked":"Fusion","floor":28.0},{"not_picked":["Gash","Steam Power","Go for the Eyes+1"],"picked":"SKIP","floor":30.0},{"not_picked":["Turbo","Steam"],"picked":"Hologram","floor":31.0},{"not_picked":["Seek","Fission"],"picked":"Creative AI","floor":33.0},{"not_picked":["Gash","Go for the Eyes+1","Turbo"],"picked":"SKIP","floor":35.0},{"not_picked":["Coolheaded","Capacitor"],"picked":"Hologram","floor":36.0},{"not_picked":["Barrage","Scrape"],"picked":"Skim+1","floor":38.0},{"not_picked":["Reboot","Go for the Eyes","Conserve Battery"],"picked":"SKIP","floor":39.0},{"not_picked":["Tempest","Rebound+1","Conserve Battery"],"picked":"SKIP","floor":41.0},{"not_picked":["Beam Cell+1","Skim","Amplify"],"picked":"SKIP","floor":44.0},{"not_picked":["Beam Cell+1","Skim"],"picked":"Amplify","floor":44.0},{"not_picked":["Barrage","Defragment"],"picked":"Glacier+1","floor":46.0},{"not_picked":["Gash","Barrage","Stack+1"],"picked":"SKIP","floor":48.0}],"player_experience":825845,"relics_obtained":[{"floor":7.0,"key":"Happy Flower"},{"floor":9.0,"key":"Centennial Puzzle"},{"floor":13.0,"key":"Vajra"},{"floor":26.0,"key":"Anchor"},{"floor":27.0,"key":"Bottled Tornado"},{"floor":37.0,"key":"Nunchaku"},{"floor":41.0,"key":"Bottled Lightning"},{"floor":44.0,"key":"Unceasing Top"}],"event_choices":[{"damage_healed":0.0,"max_hp_gain":0.0,"max_hp_loss":0.0,"gold_gain":0.0,"event_name":"Match and Keep!","player_choice":"0 cards matched","floor":4.0,"gold_loss":0.0,"damage_taken":0.0,"cards_obtained":[]},{"damage_healed":0.0,"max_hp_gain":5.0,"max_hp_loss":0.0,"gold_gain":0.0,"event_name":"Forgotten Altar","player_choice":"Shed Blood","floor":19.0,"gold_loss":0.0,"damage_taken":22.0},{"damage_healed":0.0,"max_hp_gain":0.0,"max_hp_loss":0.0,"gold_gain":0.0,"event_name":"Mysterious Sphere","player_choice":"Fight","floor":37.0,"gold_loss":0.0,"damage_taken":0.0},{"damage_healed":0.0,"max_hp_gain":0.0,"max_hp_loss":0.0,"gold_gain":0.0,"event_name":"Tomb of Lord Red Mask","player_choice":"Ignored","floor":47.0,"gold_loss":0.0,"damage_taken":0.0}],"is_beta":false,"boss_relics":[{"not_picked":["Fusion Hammer","Lizard Tail"],"picked":"Snecko Eye"},{"not_picked":["Astrolabe","Empty Cage"],"picked":"Sozu"}],"items_purged_floors":[5,21,45],"is_endless":false,"potions_floor_spawned":[3,7,12,14,22,27,30,35,36,37,44,48],"killed_by":"Awakened One","ascension_level":20}