{"path_per_floor":["M","M","?","M","M","R","?","R","T","$","M","R","M","E","R","B",null,"M","M","$","?","M","R","?","R","T","M","M","M","M","M","R"],"character_chosen":"DEFECT","items_purchased":["Defragment"],"gold_per_floor":[116,128,128,143,153,153,153,153,153,1,14,14,25,60,60,160,160,141,155,55,55,67,67,67,67,93,107,125,139,150,170,170,170],"floor_reached":33,"campfire_rested":0,"playtime":1163,"current_hp_per_floor":[67,66,66,68,52,52,45,45,45,45,52,52,59,57,57,45,68,60,59,59,59,48,48,48,48,48,48,47,50,40,13,13,0],"items_purged":["Strike_B","Defend_B"],"gold":170,"score":253,"play_id":"8f73cc3b-ee39-401b-a2f4-f8f19e406032","local_time":"20180501192441","is_prod":false,"is_daily":false,"chose_seed":false,"is_ascension_mode":false,"campfire_upgraded":7,"timestamp":1525217081,"path_taken":["M","M","?","M","M","R","?","R","T","$","M","R","M","E","R","BOSS","M","M","$","?","M","R","?","R","T","M","M","M","?","M","R","BOSS"],"build_version":"2018-04-30","seed_source_timestamp":85621896347907,"purchased_purges":2,"victory":false,"master_deck":["Defend_B","Defend_B","Defend_B","Zap+1","Dualcast+1","Self Repair","Melter","Scrape","Genetic Algorithm+1","Glacier","Defragment+1","Rip and Tear+1","Tempest+1","Chill","Rainbow+1","Beam Cell+1","Turbo+1","Go for the Eyes","Hologram+1","Blaster+1","Chaos","Barrage","Rebound+1"],"max_hp_per_floor":[68,68,68,68,68,68,68,68,68,68,68,68,68,68,68,68,68,68,68,68,68,68,68,68,68,68,68,68,68,68,68,68,68],"relics":["Cracked Core","Question Card","Blue Candle","Inserter","Art of War"],"card_choices":[{"not_picked":["Go for the Eyes","Storm"],"picked":"Scrape","floor":1},{"not_picked":["Doom and Gloom","Flux Capacitor"],"picked":"Genetic Algorithm","floor":2},{"not_picked":["Self Repair","Double Energy"],"picked":"Glacier","floor":5},{"not_picked":["Lockon","Ball Lightning","Chill"],"picked":"Rip and Tear","floor":11},{"not_picked":["Skim","Aggregate","Go for the Eyes"],"picked":"Tempest","floor":13},{"not_picked":["Self Repair","Rebound","Redo"],"picked":"Chill","floor":14},{"not_picked":["Nova","Echo Form","Machine Learning"],"picked":"Rainbow","floor":16},{"not_picked":["Barrage","Coolheaded","Flux Capacitor"],"picked":"Beam Cell","floor":18},{"not_picked":["Glacier","Steam Power","Hyperbeam"],"picked":"Turbo","floor":19},{"not_picked":["Doom and Gloom","Cold Snap","Skim"],"picked":"Go for the Eyes","floor":22},{"not_picked":["Aggregate","Sweeping Beam","Heatsinks"],"picked":"Hologram","floor":27},{"not_picked":["Double Energy","Chill","Reprogram"],"picked":"Blaster","floor":28},{"not_picked":["Sweeping Beam","Coolheaded","Turbo"],"picked":"Chaos","floor":29},{"not_picked":["Leap","Reprogram","Sweeping Beam"],"picked":"Barrage","floor":30},{"not_picked":["Coolheaded","Streamline","Reinforced Body"],"picked":"Rebound","floor":31}],"player_experience":424524,"potions_floor_usage":[16,27,27,30],"damage_taken":[{"damage":1,"enemies":"Cultist","floor":1,"turns":3},{"damage":1,"enemies":"Jaw Worm","floor":2,"turns":4},{"damage":1,"enemies":"2 Louse","floor":4,"turns":3},{"damage":23,"enemies":"Exordium Thugs","floor":5,"turns":6},{"damage":0,"enemies":"Large Slime","floor":11,"turns":6},{"damage":0,"enemies":"2 Fungi Beasts","floor":13,"turns":3},{"damage":9,"enemies":"Lagavulin","floor":14,"turns":6},{"damage":19,"enemies":"Slime Boss","floor":16,"turns":7},{"damage":15,"enemies":"2 Thieves","floor":18,"turns":4},{"damage":1,"enemies":"Chosen","floor":19,"turns":4},{"damage":18,"enemies":"Snecko","floor":22,"turns":7},{"damage":0,"enemies":"3 Cultists","floor":27,"turns":3},{"damage":8,"enemies":"Snake Plant","floor":28,"turns":4},{"damage":4,"enemies":"Centurion and Healer","floor":29,"turns":8},{"damage":17,"enemies":"Cultist and Chosen","floor":30,"turns":6},{"damage":27,"enemies":"Slaver and Parasite","floor":31,"turns":4},{"damage":20,"enemies":"Collector","floor":33,"turns":3}],"event_choices":[{"event_name":"Accursed Blacksmith","player_choice":"Forge","floor":3,"damage_taken":0},{"event_name":"Golden Wing","player_choice":"Card Removal","floor":7,"damage_taken":0},{"event_name":"Back to Basics","player_choice":"Elegance","floor":21,"damage_taken":0},{"event_name":"Ghosts","player_choice":"Ignored","floor":24,"damage_taken":0}],"boss_relics":[{"not_picked":["Nuclear Battery","Runic Pyramid"],"picked":"Inserter"}],"potions_floor_spawned":[1,5,11,14,19,22,27,28,30],"seed_played":"-1955306336381442827","killed_by":"Collector","ascension_level":0,"is_trial":false}