{"path_per_floor":["M","M","M","?","$","R","E","M","T","M","E","R","?","M","R","B",null,"M","T","$","T","?","R","E","R","T","$","E","?"],"character_chosen":"THE_SILENT","items_purchased":["Accuracy","Apotheosis","Regen Potion","Underhanded Strike"],"gold_per_floor":[114,124,136,136,21,21,77,91,164,183,208,208,237,257,257,352,352,352,352,24,24,24,24,24,24,24,1,1,1,1],"floor_reached":30,"campfire_rested":0,"playtime":2575,"current_hp_per_floor":[62,62,60,53,53,53,30,27,27,37,38,38,23,23,23,10,66,66,66,66,66,66,66,58,58,58,58,16,16,0],"items_purged":["Strike_G","Strike_G"],"gold":1,"score":356,"play_id":"b6d11be7-93f9-4262-bd86-2a6f993c9ae9","local_time":"20180414232535","is_prod":false,"is_daily":false,"chose_seed":false,"is_ascension_mode":true,"campfire_upgraded":5,"timestamp":1523773535,"path_taken":["M","M","?","?","$","R","E","M","T","M","E","R","?","M","R","BOSS","M","?","$","?","?","R","E","R","T","?","E","?","E"],"build_version":"2018-04-12","seed_source_timestamp":4972138660386,"purchased_purges":2,"victory":false,"master_deck":["Defend_G","Defend_G","Defend_G","Defend_G","Strike_G","Strike_G","Strike_G","Survivor","Neutralize","Cloak And Dagger","Slice","Noxious Fumes+1","Accuracy+1","Terror","Footwork+1","Infinite Blades+1","Choke","Concentrate","Cloak And Dagger","Envenom","Accuracy","Apotheosis+1","Deflect+1","Underhanded Strike","Distraction","Infinite Blades+1"],"max_hp_per_floor":[70,70,70,70,70,70,70,70,70,70,84,84,84,84,84,84,84,84,84,84,84,84,84,84,84,84,84,84,84,84],"relics":["Ring of the Snake","Tiny Chest","Ninja Scroll","Mango","Odd Mushroom","Ectoplasm","Bronze Scales","Juzu Bracelet","Kunai","Tingsha","Lantern"],"card_choices":[{"not_picked":["Poisoned Stab","Expertise"],"picked":"Cloak And Dagger","floor":1},{"not_picked":["Setup","Prepared"],"picked":"Slice","floor":2},{"not_picked":["Finisher","Quick Slash"],"picked":"Noxious Fumes","floor":3},{"not_picked":["Cloak And Dagger","Predator"],"picked":"Terror","floor":7},{"not_picked":["Eviscerate","Acrobatics"],"picked":"Footwork","floor":8},{"not_picked":["Crippling Poison","Backstab"],"picked":"Infinite Blades","floor":10},{"not_picked":["Flechettes","Reflex"],"picked":"Choke","floor":11},{"not_picked":["Skewer","Caltrops"],"picked":"Concentrate","floor":13},{"not_picked":["PiercingWail","Quick Slash"],"picked":"Cloak And Dagger","floor":14},{"not_picked":["Tactician","Night Terror"],"picked":"Envenom","floor":16},{"not_picked":["Dagger Spray","Quick Slash"],"picked":"Accuracy","floor":18},{"not_picked":["Leg Sweep","Outmaneuver"],"picked":"Deflect","floor":24},{"not_picked":["All Out Attack","Poisoned Stab"],"picked":"Distraction","floor":28}],"player_experience":298022,"potions_floor_usage":[10,11,16,16,16,24,24,28],"damage_taken":[{"damage":1,"enemies":"Cultist","floor":1,"turns":4},{"damage":0,"enemies":"Small Slimes","floor":2,"turns":3},{"damage":2,"enemies":"2 Louse","floor":3,"turns":3},{"damage":23,"enemies":"Lagavulin","floor":7,"turns":8},{"damage":3,"enemies":"Blue Slaver","floor":8,"turns":3},{"damage":5,"enemies":"2 Fungi Beasts","floor":10,"turns":5},{"damage":13,"enemies":"Gremlin Nob","floor":11,"turns":4},{"damage":15,"enemies":"The Mushroom Lair","floor":13,"turns":4},{"damage":0,"enemies":"Looter","floor":14,"turns":2},{"damage":13,"enemies":"Hexaghost","floor":16,"turns":5},{"damage":0,"enemies":"Chosen","floor":18,"turns":3},{"damage":20,"enemies":"Slavers","floor":24,"turns":4},{"damage":42,"enemies":"Gremlin Leader","floor":28,"turns":5},{"damage":20,"enemies":"Slavers","floor":30,"turns":2}],"event_choices":[{"event_name":"Golden Wing","player_choice":"Card Removal","floor":4,"damage_taken":0},{"event_name":"Mushrooms","player_choice":"Fought Mushrooms","floor":13,"damage_taken":0},{"event_name":"Beggar","player_choice":"Ignored","floor":22,"damage_taken":0},{"event_name":"Duplicator","player_choice":"One dupe","floor":29,"damage_taken":0}],"boss_relics":[{"not_picked":["Calling Bell","Lizard Tail"],"picked":"Ectoplasm"}],"potions_floor_spawned":[2,8,11,13,14,18,24],"seed_played":"-5412965584032144975","killed_by":"Slavers","ascension_level":6,"is_trial":false}