{"path_per_floor":["M","?","?","M","M","R","E","R","T","R","?","$","M","?","R","B",null,"M","M","?","?"],"character_chosen":"THE_SILENT","items_purchased":["Glass Knife"],"gold_per_floor":[117,67,67,85,99,99,130,130,130,130,159,12,29,29,29,124,124,143,162,162,162],"floor_reached":22,"campfire_rested":2,"playtime":515,"current_hp_per_floor":[70,70,70,70,70,70,31,52,52,52,35,35,35,35,70,38,70,37,17,40,24],"items_purged":["Strike_G"],"gold":162,"score":209,"play_id":"1c4ba452-b924-47bc-abf1-af3fb4867a56","local_time":"20180321152737","is_prod":false,"is_daily":false,"is_ascension_mode":true,"campfire_upgraded":2,"timestamp":1521660457,"path_taken":["M","?","?","M","?","R","E","R","T","R","?","$","?","?","R","BOSS","M","M","?","?","M"],"build_version":"2018-03-15v3","purchased_purges":1,"victory":false,"master_deck":["Defend_G","Defend_G","Defend_G","Defend_G","Strike_G","Strike_G","Strike_G","Survivor","Neutralize+1","Noxious Fumes+1","Bouncing Flask","Dagger Spray","Bane","Glass Knife","Bane","Burst","Slice+1","Backstab+1"],"max_hp_per_floor":[70,70,70,70,70,70,70,70,70,70,70,70,70,70,70,70,70,70,70,70,70],"relics":["Ring of the Snake","NeowsBlessing","Gambling Chip","Regal Pillow","Odd Mushroom","The Specimen","Enchiridion"],"card_choices":[{"not_picked":["Expertise","Flying Knee"],"picked":"Noxious Fumes"},{"not_picked":["Acrobatics","Dagger Spray"],"picked":"Bouncing Flask"},{"not_picked":["Quick Slash","Caltrops"],"picked":"Dagger Spray"},{"not_picked":["Concentrate","Poisoned Stab"],"picked":"Bane"},{"not_picked":["Deflect","Outmaneuver"],"picked":"Bane"},{"not_picked":["Grand Finale","Tools of the Trade"],"picked":"Burst"},{"not_picked":["Concentrate","Calculated Gamble"],"picked":"Slice"},{"not_picked":["Underhanded Strike","Sucker Punch"],"picked":"Backstab"}],"player_experience":231900,"potions_floor_usage":[],"damage_taken":[{"damage":0,"enemies":"Small Slimes","floor":1,"turns":1},{"damage":0,"enemies":"Jaw Worm","floor":4,"turns":1},{"damage":0,"enemies":"Cultist","floor":5,"turns":1},{"damage":39,"enemies":"Gremlin Nob","floor":7,"turns":5},{"damage":17,"enemies":"The Mushroom Lair","floor":11,"turns":4},{"damage":0,"enemies":"Looter","floor":13,"turns":2},{"damage":32,"enemies":"Hexaghost","floor":16,"turns":8},{"damage":33,"enemies":"2 Thieves","floor":18,"turns":4},{"damage":20,"enemies":"Spheric Guardian","floor":19,"turns":4},{"damage":25,"enemies":"Snecko","floor":22,"turns":4}],"event_choices":[{"event_name":"The Cleric","player_choice":"Card Removal","floor":2,"damage_taken":0},{"event_name":"Bonfire Elementals","player_choice":"BASIC","floor":3,"damage_taken":0},{"event_name":"Mushrooms","player_choice":"Fought Mushrooms","floor":11,"damage_taken":0},{"event_name":"Dead Adventurer","player_choice":"Searched \u00270\u0027 times","floor":14,"damage_taken":0},{"event_name":"The Library","player_choice":"Heal","floor":20,"damage_taken":0},{"event_name":"Cursed Tome","player_choice":"Obtained Book","floor":21,"damage_taken":0}],"boss_relics":[{"not_picked":["Runic Pyramid","Question Card"],"picked":"The Specimen"}],"potions_floor_spawned":[1,5,19],"seed_played":"1920486509748854014","killed_by":"Snecko","ascension_level":3,"is_trial":false}