{"path_per_floor":["M","?","$","?","M","R","E","$","T","?","R","$","R","M","R","B",null,"M","M","$","M","$","E","R","M","T","M","T","R"],"character_chosen":"IRONCLAD","items_purchased":["Sword Boomerang","Shrug It Off","Reckless Charge","Cleave"],"gold_per_floor":[112,112,12,12,23,23,54,4,29,100,100,28,28,43,43,139,139,159,173,73,92,68,98,98,108,108,118,145,145,145],"floor_reached":30,"campfire_rested":1,"playtime":916,"item_purchase_floors":[3,8,12,22],"current_hp_per_floor":[78,78,78,78,80,80,80,80,80,80,80,80,80,80,80,25,66,46,29,29,26,26,28,28,26,26,8,8,32,0],"items_purged":["Strike_R","Strike_R"],"gold":145,"score":400,"play_id":"83502069-70fe-4fe7-a93e-420696a28190","local_time":"20180625163942","is_prod":false,"is_daily":false,"chose_seed":false,"is_ascension_mode":true,"campfire_upgraded":5,"win_rate":0,"timestamp":1529959182,"campfire_choices":[{"data":"Bash","floor":6,"key":"SMITH"},{"data":"Sword Boomerang","floor":11,"key":"SMITH"},{"data":"Reckless Charge","floor":13,"key":"SMITH"},{"data":"Defend_R","floor":15,"key":"SMITH"},{"data":"Feed","floor":24,"key":"SMITH"},{"floor":29,"key":"REST"}],"path_taken":["M","?","$","?","M","R","E","$","T","?","R","?","R","?","R","BOSS","M","M","$","M","?","E","R","M","T","M","?","R","M"],"build_version":"2018-06-21","seed_source_timestamp":2232497619951593,"purchased_purges":2,"circlet_count":0,"victory":false,"master_deck":["Defend_R","Defend_R","Defend_R+1","Defend_R+1","Bash+1","Sword Boomerang+1","Sword Boomerang+1","Shrug It Off+1","Reckless Charge+1","Offering","Clothesline+1","Burning Pact+1","Spot Weakness+1","Shrug It Off","Armaments","Warcry","Cleave","Feed+1","Shrug It Off"],"max_hp_per_floor":[80,80,80,80,80,80,80,80,80,80,80,80,80,80,80,80,80,80,80,80,80,80,80,80,80,80,80,80,80,80],"relics":["Burning Blood","NeowsBlessing","Gremlin Horn","War Paint","Astrolabe","Omamori","Shovel","Art of War"],"card_choices":[{"not_picked":["Entrench","Wild Strike","Spot Weakness"],"picked":"SKIP","floor":1},{"not_picked":["Headbutt","Cleave","Blood for Blood"],"picked":"SKIP","floor":5},{"not_picked":["Headbutt","Warcry"],"picked":"Sword Boomerang","floor":7},{"not_picked":["Clash","Flex","Corruption"],"picked":"SKIP","floor":14},{"not_picked":["Juggernaut","Reaper"],"picked":"Offering","floor":16},{"not_picked":["Wild Strike","Thunderclap"],"picked":"Shrug It Off","floor":18},{"not_picked":["Bloodletting","Flex+1"],"picked":"Armaments","floor":19},{"not_picked":["Twin Strike","Flame Barrier"],"picked":"Warcry","floor":21},{"not_picked":["Clothesline","Perfected Strike+1"],"picked":"Feed","floor":23},{"not_picked":["Anger","Perfected Strike"],"picked":"Shrug It Off","floor":25},{"not_picked":["Searing Blow","Cleave+1","Shockwave+1"],"picked":"SKIP","floor":27}],"player_experience":563845,"potions_floor_usage":[27,27,30],"damage_taken":[{"damage":0,"enemies":"2 Louse","floor":1,"turns":1},{"damage":0,"enemies":"Jaw Worm","floor":5,"turns":1},{"damage":0,"enemies":"Lagavulin","floor":7,"turns":1},{"damage":0,"enemies":"Small Slimes","floor":14,"turns":2},{"damage":61,"enemies":"Slime Boss","floor":16,"turns":9},{"damage":26,"enemies":"Chosen","floor":18,"turns":5},{"damage":23,"enemies":"2 Thieves","floor":19,"turns":3},{"damage":9,"enemies":"Snake Plant","floor":21,"turns":3},{"damage":4,"enemies":"Gremlin Leader","floor":23,"turns":5},{"damage":8,"enemies":"Cultist and Chosen","floor":25,"turns":5},{"damage":24,"enemies":"Slaver and Parasite","floor":27,"turns":5},{"damage":33,"enemies":"Centurion and Healer","floor":30,"turns":8}],"relics_obtained":[{"floor":7,"key":"Gremlin Horn"},{"floor":9,"key":"War Paint"},{"floor":23,"key":"Omamori"},{"floor":26,"key":"Shovel"},{"floor":28,"key":"Art of War"}],"event_choices":[{"event_name":"Shining Light","player_choice":"Ignored","floor":2,"damage_taken":0},{"event_name":"Accursed Blacksmith","player_choice":"Forge","floor":4,"damage_taken":0},{"event_name":"Golden Wing","player_choice":"Gained Gold","floor":10,"damage_taken":0}],"boss_relics":[{"not_picked":["Pandora\u0027s Box","Busted Crown"],"picked":"Astrolabe"}],"items_purged_floors":[3,20],"is_endless":false,"potions_floor_spawned":[1,16,19,21,25],"seed_played":"6959994961997528109","killed_by":"Centurion and Healer","ascension_level":7,"potions_obtained":[{"floor":1,"key":"Poison Potion"},{"floor":16,"key":"GamblersBrew"},{"floor":19,"key":"SneckoOil"},{"floor":25,"key":"FearPotion"}],"is_trial":false}