{"gold_per_floor":[118,118,118,134,134,134,145,145,145,157,157],"floor_reached":11,"playtime":275,"items_purged":[],"score":85,"play_id":"edb0ec93-fcbc-487b-b719-23765221edf8","local_time":"20181017211601","is_ascension_mode":true,"campfire_choices":[{"data":"Survivor","floor":6,"key":"SMITH"}],"neow_cost":"NONE","seed_source_timestamp":885672499412491,"circlet_count":0,"master_deck":["Defend_G","Defend_G","Defend_G","Defend_G","Defend_G","Strike_G","Strike_G","Strike_G","Strike_G","Survivor+1","Neutralize","Dodge and Roll","Reflex","Deadly Poison","Dagger Throw"],"relics":["Ring of the Snake","Happy Flower","Omamori","Ornamental Fan"],"potions_floor_usage":[],"damage_taken":[{"damage":0,"enemies":"Jaw Worm","floor":1,"turns":7},{"damage":5,"enemies":"Cultist","floor":4,"turns":5},{"damage":3,"enemies":"Small Slimes","floor":7,"turns":6},{"damage":12,"enemies":"Exordium Wildlife","floor":10,"turns":6},{"damage":20,"enemies":"3 Sentries","floor":11,"turns":4}],"seed_played":"-5991771518504762692","potions_obtained":[],"is_trial":false,"path_per_floor":["M","?","?","M","?","R","M","?","T","M"],"character_chosen":"THE_SILENT","items_purchased":[],"campfire_rested":0,"item_purchase_floors":[],"current_hp_per_floor":[63,38,38,33,26,26,23,23,23,11,0],"gold":157,"neow_bonus":"RANDOM_COMMON_RELIC","is_prod":false,"is_daily":false,"chose_seed":false,"campfire_upgraded":1,"win_rate":0,"timestamp":1539825361,"path_taken":["M","?","?","M","?","R","M","?","T","?","E"],"build_version":"2018-10-17v2","purchased_purges":0,"victory":false,"max_hp_per_floor":[70,70,70,70,70,70,70,70,70,70,70],"card_choices":[{"not_picked":["PiercingWail","Flying Knee"],"picked":"Dodge and Roll","floor":1},{"not_picked":["Accuracy","Caltrops"],"picked":"Reflex","floor":4},{"not_picked":["Flying Knee","Dagger Throw"],"picked":"Deadly Poison","floor":7},{"not_picked":["Distraction","Setup"],"picked":"Dagger Throw","floor":10}],"player_experience":924805,"relics_obtained":[{"floor":9,"key":"Ornamental Fan"}],"event_choices":[{"damage_healed":0,"gold_gain":0,"player_choice":"Success","damage_taken":25,"relics_obtained":["Omamori"],"max_hp_gain":0,"max_hp_loss":0,"event_name":"Scrap Ooze","floor":2,"gold_loss":0},{"cards_removed":["Strike_G"],"damage_healed":0,"gold_gain":0,"player_choice":"Purged","damage_taken":0,"max_hp_gain":0,"max_hp_loss":0,"event_name":"Purifier","floor":3,"gold_loss":0},{"damage_healed":0,"gold_gain":0,"player_choice":"Damaged","damage_taken":7,"max_hp_gain":0,"max_hp_loss":0,"event_name":"Wheel of Change","floor":5,"gold_loss":0},{"damage_healed":0,"gold_gain":0,"player_choice":"Ignored","damage_taken":0,"max_hp_gain":0,"max_hp_loss":0,"event_name":"Golden Idol","floor":8,"gold_loss":0}],"is_beta":true,"boss_relics":[],"items_purged_floors":[],"is_endless":false,"potions_floor_spawned":[],"killed_by":"3 Sentries","ascension_level":7}