{"gold_per_floor":[116,130,130,130,180,180,180,180,180,180,201,219,69,144,144,274,274,292,292,217,261,261,281,191,191,215,238,238,138,157,170,170,170],"floor_reached":33,"playtime":736,"items_purged":["Strike_R","Strike_R"],"score":258,"play_id":"a7af7fc1-e6ca-4b6c-a2ad-599e65b2123a","local_time":"20181214005906","is_ascension_mode":false,"campfire_choices":[{"data":"Searing Blow","floor":6,"key":"SMITH"},{"data":"Searing Blow+1","floor":8,"key":"SMITH"},{"data":"Searing Blow+2","floor":10,"key":"SMITH"},{"data":"Searing Blow+3","floor":15,"key":"SMITH"},{"data":"Searing Blow+5","floor":25,"key":"SMITH"},{"data":"Searing Blow+6","floor":28,"key":"SMITH"},{"data":"Searing Blow+7","floor":32,"key":"SMITH"}],"neow_cost":"NONE","seed_source_timestamp":1429216848784914,"circlet_count":0,"master_deck":["Strike_R","Strike_R","Defend_R","Defend_R","Defend_R","Defend_R","Bash","Wild Strike","Searing Blow+8","Parasite","Double Tap","Headbutt+1","Disarm"],"relics":["Burning Blood","Ancient Tea Set","Golden Idol","Bag of Marbles","Eternal Feather","Red Mask","Lantern"],"potions_floor_usage":[21,23,33,33,33],"damage_taken":[{"damage":6,"enemies":"Cultist","floor":1,"turns":3},{"damage":6,"enemies":"Jaw Worm","floor":2,"turns":3},{"damage":0,"enemies":"Small Slimes","floor":11,"turns":2},{"damage":9,"enemies":"3 Louse","floor":12,"turns":3},{"damage":50,"enemies":"The Guardian","floor":16,"turns":7},{"damage":29,"enemies":"3 Byrds","floor":18,"turns":7},{"damage":52,"enemies":"Masked Bandits","floor":21,"turns":5},{"damage":15,"enemies":"Shell Parasite","floor":23,"turns":4},{"damage":7,"enemies":"Chosen and Byrds","floor":27,"turns":4},{"damage":0,"enemies":"Snake Plant","floor":30,"turns":2},{"damage":0,"enemies":"Shelled Parasite and Fungi","floor":31,"turns":2},{"damage":61,"enemies":"Collector","floor":33,"turns":5}],"seed_played":"8439435509610143588","potions_obtained":[{"floor":1,"key":"Weak Potion"},{"floor":12,"key":"FearPotion"},{"floor":16,"key":"EssenceOfSteel"},{"floor":21,"key":"Weak Potion"},{"floor":27,"key":"Dexterity Potion"}],"is_trial":false,"path_per_floor":["M","M","$","?","?","R","?","R","T","R","M","M","$","?","R","B",null,"M","?","$","?","?","M","?","R","T","M","R","$","M","M","R","B"],"character_chosen":"IRONCLAD","items_purchased":["Bag of Marbles"],"campfire_rested":0,"item_purchase_floors":[13],"current_hp_per_floor":[80,80,80,60,60,60,80,80,80,80,80,77,77,66,66,22,80,57,80,80,34,34,25,25,31,31,30,36,36,42,48,54,0],"gold":170,"neow_bonus":"RANDOM_COMMON_RELIC","is_prod":false,"is_daily":false,"chose_seed":false,"campfire_upgraded":7,"win_rate":0,"timestamp":1544767146,"path_taken":["M","?","$","?","?","R","?","R","T","R","M","M","?","?","R","BOSS","M","?","$","?","?","M","?","R","T","M","R","$","M","?","R","BOSS"],"build_version":"2018-12-13","purchased_purges":2,"victory":false,"max_hp_per_floor":[80,80,80,80,80,80,80,80,80,80,80,80,80,80,80,80,80,80,80,80,80,80,80,80,80,80,80,80,80,80,80,80,80],"card_choices":[{"not_picked":["Dropkick","Sever Soul"],"picked":"Wild Strike","floor":1},{"not_picked":["Blood for Blood","Disarm"],"picked":"Searing Blow","floor":2},{"not_picked":["Iron Wave","Havoc","Perfected Strike"],"picked":"SKIP","floor":11},{"not_picked":["Dark Embrace","Flex","Blood for Blood"],"picked":"SKIP","floor":12},{"not_picked":["Juggernaut","Bludgeon"],"picked":"Double Tap","floor":16},{"not_picked":["Anger+1","Rampage"],"picked":"Headbutt+1","floor":18},{"not_picked":["Havoc+1","Headbutt+1"],"picked":"Disarm","floor":21},{"not_picked":["Body Slam","Wild Strike+1","Power Through"],"picked":"SKIP","floor":23},{"not_picked":["Second Wind+1","Armaments","Brutality"],"picked":"SKIP","floor":27},{"not_picked":["Shrug It Off","Dropkick","Entrench"],"picked":"SKIP","floor":30},{"not_picked":["Clash+1","Cleave+1","Iron Wave"],"picked":"SKIP","floor":31}],"player_experience":971610,"relics_obtained":[{"floor":21,"key":"Red Mask"},{"floor":26,"key":"Lantern"}],"event_choices":[{"damage_healed":0,"gold_gain":0,"player_choice":"Take Damage","damage_taken":20,"relics_obtained":["Golden Idol"],"max_hp_gain":0,"max_hp_loss":0,"event_name":"Golden Idol","floor":4,"gold_loss":0},{"damage_healed":0,"gold_gain":50,"player_choice":"Gained Gold","damage_taken":0,"max_hp_gain":0,"max_hp_loss":0,"event_name":"Golden Wing","floor":5,"gold_loss":0},{"damage_healed":20,"gold_gain":0,"player_choice":"Healed and dodged fight","damage_taken":0,"max_hp_gain":0,"max_hp_loss":0,"event_name":"Mushrooms","floor":7,"gold_loss":0,"cards_obtained":["Parasite"]},{"damage_healed":0,"gold_gain":75,"player_choice":"Gather Gold","damage_taken":11,"max_hp_gain":0,"max_hp_loss":0,"event_name":"World of Goop","floor":14,"gold_loss":0},{"damage_healed":26,"gold_gain":0,"player_choice":"Heal","damage_taken":0,"max_hp_gain":0,"max_hp_loss":0,"event_name":"The Library","floor":19,"gold_loss":0},{"damage_healed":0,"gold_gain":0,"player_choice":"Fought Bandits","damage_taken":0,"max_hp_gain":0,"max_hp_loss":0,"event_name":"Masked Bandits","floor":21,"gold_loss":0},{"damage_healed":0,"gold_gain":0,"player_choice":"Ignored","damage_taken":0,"max_hp_gain":0,"max_hp_loss":0,"event_name":"Vampires","floor":22,"gold_loss":0},{"cards_removed":["Strike_R"],"damage_healed":0,"gold_gain":0,"player_choice":"Upgrade and Remove","damage_taken":0,"max_hp_gain":0,"max_hp_loss":0,"event_name":"Designer","floor":24,"gold_loss":90,"cards_upgraded":["Searing Blow"]}],"is_beta":true,"boss_relics":[{"not_picked":["Runic Pyramid","Orrery"],"picked":"Eternal Feather"}],"items_purged_floors":[20,29],"is_endless":false,"potions_floor_spawned":[1,12,16,18,21,27,31],"killed_by":"Collector","ascension_level":0}