{"gold_per_floor":[113,128,128,128,128,128,128,128,128,144,69,69,87,103,103,199,199,212,232,232,142,42,42,75,75,75,93,93,117,42,6,6,6],"floor_reached":33,"playtime":835,"items_purged":["Defend_R","Strike_R"],"score":278,"play_id":"90a2c6fb-9bf5-4f13-a9cf-9191f10f324f","local_time":"20190912222408","is_ascension_mode":false,"campfire_choices":[{"data":"Bash","floor":6,"key":"SMITH"},{"data":"Strike_R","floor":8,"key":"SMITH"},{"data":"Strike_R","floor":12,"key":"SMITH"},{"data":"Seeing Red","floor":15,"key":"SMITH"},{"floor":23,"key":"REST"},{"floor":25,"key":"REST"},{"floor":32,"key":"REST"}],"neow_cost":"NONE","seed_source_timestamp":2311363533490900,"circlet_count":0,"master_deck":["Strike_R+1","Strike_R+1","Defend_R","Defend_R+1","Bash+1","Seeing Red+1","Limit Break","Dropkick+1","Cleave+1","Searing Blow"],"relics":["White Beast Statue","Pear","Mark of Pain","Nilry\u0027s Codex","Blood Vial","Happy Flower","Red Skull"],"potions_floor_usage":[2,2,4,10,13,14,16,16,18,24,24,27,33],"damage_taken":[{"damage":5,"enemies":"Cultist","floor":1,"turns":4},{"damage":0,"enemies":"Small Slimes","floor":2,"turns":2},{"damage":0,"enemies":"Jaw Worm","floor":4,"turns":1},{"damage":4,"enemies":"3 Louse","floor":10,"turns":3},{"damage":12,"enemies":"Gremlin Gang","floor":13,"turns":3},{"damage":10,"enemies":"Looter","floor":14,"turns":2},{"damage":72,"enemies":"Slime Boss","floor":16,"turns":12},{"damage":5,"enemies":"Chosen","floor":18,"turns":4},{"damage":44,"enemies":"Shell Parasite","floor":19,"turns":6},{"damage":36,"enemies":"Book of Stabbing","floor":24,"turns":5},{"damage":47,"enemies":"Chosen and Byrds","floor":27,"turns":8},{"damage":35,"enemies":"Automaton","floor":33,"turns":4}],"seed_played":"3563612789520045731","potions_obtained":[{"floor":1,"key":"EntropicBrew"},{"floor":2,"key":"SteroidPotion"},{"floor":10,"key":"Strength Potion"},{"floor":13,"key":"Regen Potion"},{"floor":14,"key":"Weak Potion"},{"floor":16,"key":"Block Potion"},{"floor":18,"key":"Ancient Potion"},{"floor":19,"key":"PowerPotion"},{"floor":24,"key":"SneckoOil"},{"floor":27,"key":"FearPotion"}],"is_trial":false,"path_per_floor":["M","M","?","M","?","R","?","R","T","M","$","R","M","M","R","B",null,"M","M","?","?","$","R","E","R","T","M","$","T","?","$","R","B"],"character_chosen":"IRONCLAD","items_purchased":["Searing Blow"],"campfire_rested":3,"item_purchase_floors":[31],"current_hp_per_floor":[75,75,80,80,80,80,80,80,90,86,86,86,74,64,64,7,95,90,46,30,30,30,58,22,50,50,5,5,5,5,5,33,0],"gold":6,"neow_bonus":"BOSS_RELIC","is_prod":false,"is_daily":false,"chose_seed":false,"campfire_upgraded":4,"win_rate":0,"timestamp":1568341448,"path_taken":["M","?","?","M","?","R","?","R","T","M","$","R","M","?","R","BOSS","M","?","?","?","$","R","E","R","T","?","$","?","?","?","R","BOSS"],"build_version":"2019-07-17","purchased_purges":2,"victory":false,"max_hp_per_floor":[80,80,85,85,85,85,85,85,95,95,95,95,95,95,95,95,95,95,95,95,95,95,95,95,95,95,95,95,95,95,95,95,95],"card_choices":[{"not_picked":["Heavy Blade","Twin Strike","Headbutt"],"picked":"SKIP","floor":1},{"not_picked":["Bloodletting","Searing Blow","Second Wind"],"picked":"SKIP","floor":2},{"not_picked":["Rage","Twin Strike","Wild Strike"],"picked":"SKIP","floor":10},{"not_picked":["Perfected Strike","Fire Breathing","Clothesline"],"picked":"SKIP","floor":13},{"not_picked":["Sentinel","Rupture"],"picked":"Seeing Red","floor":14},{"not_picked":["Barricade","Demon Form"],"picked":"Limit Break","floor":16},{"not_picked":["Spot Weakness","Cleave+1"],"picked":"Dropkick+1","floor":18},{"not_picked":["Clash","Burning Pact","True Grit"],"picked":"SKIP","floor":19},{"not_picked":["Thunderclap","Armaments","Second Wind"],"picked":"SKIP","floor":24},{"not_picked":["True Grit","Heavy Blade"],"picked":"Cleave+1","floor":27}],"player_experience":397011,"relics_obtained":[{"floor":9,"key":"Pear"},{"floor":20,"key":"Nilry\u0027s Codex"},{"floor":24,"key":"Blood Vial"},{"floor":26,"key":"Happy Flower"},{"floor":29,"key":"Red Skull"}],"event_choices":[{"damage_healed":0,"gold_gain":0,"player_choice":"Donut","damage_taken":0,"max_hp_gain":5,"max_hp_loss":0,"event_name":"Big Fish","floor":3,"gold_loss":0},{"damage_healed":0,"gold_gain":0,"player_choice":"Ignored","damage_taken":0,"max_hp_gain":0,"max_hp_loss":0,"event_name":"Liars Game","floor":5,"gold_loss":0},{"cards_removed":["Defend_R"],"damage_healed":0,"gold_gain":0,"player_choice":"Purged","damage_taken":0,"max_hp_gain":0,"max_hp_loss":0,"event_name":"Purifier","floor":7,"gold_loss":0},{"damage_healed":0,"gold_gain":0,"player_choice":"Obtained Book","damage_taken":16,"max_hp_gain":0,"max_hp_loss":0,"event_name":"Cursed Tome","floor":20,"gold_loss":0},{"cards_removed":["Strike_R"],"damage_healed":0,"gold_gain":0,"player_choice":"Upgrade and Remove","damage_taken":0,"max_hp_gain":0,"max_hp_loss":0,"event_name":"Designer","floor":21,"gold_loss":90,"cards_upgraded":["Defend_R"]},{"cards_removed":["Strike_R"],"damage_healed":0,"gold_gain":0,"player_choice":"Gave Gold","damage_taken":0,"max_hp_gain":0,"max_hp_loss":0,"event_name":"Beggar","floor":30,"gold_loss":75}],"is_beta":false,"boss_relics":[{"not_picked":["Lizard Tail","Pandora\u0027s Box"],"picked":"Mark of Pain"}],"items_purged_floors":[11,22],"is_endless":false,"potions_floor_spawned":[1,2,4,10,13,14,16,18,19,24,27],"killed_by":"Automaton","ascension_level":0}