{"path_per_floor":["M","?","M","?","M","E","R","$","T","E","M","M","M","?","R","B",null,"M","?","?","?","$","R","E","$","T","M","M"],"character_chosen":"THE_SILENT","items_purchased":["Infinite Blades","Paper Crane"],"gold_per_floor":[110,110,127,127,138,170,170,18,71,98,113,127,137,137,137,239,239,250,250,250,250,250,250,282,22,69,85,103],"floor_reached":29,"campfire_rested":2,"playtime":1449,"current_hp_per_floor":[58,58,57,57,57,46,67,67,67,48,48,44,37,34,55,38,73,66,66,73,73,73,73,61,61,61,58,33],"items_purged":["Strike_G"],"gold":103,"score":278,"play_id":"a4fdd0d7-e678-40c6-9efc-6188d2da5fe2","local_time":"20180321021341","is_prod":false,"is_daily":false,"is_ascension_mode":true,"campfire_upgraded":1,"timestamp":1521612821,"path_taken":["M","?","M","?","M","E","R","?","T","E","?","M","M","?","R","BOSS","M","?","?","?","$","R","E","$","T","?","M","M"],"build_version":"2018-03-15v3","purchased_purges":2,"victory":false,"master_deck":["Survivor","Neutralize","Masterful Stab","Bullet Time","Deflect+1","A Thousand Cuts+1","Cloak And Dagger","Infinite Blades","Choke","Backflip","Slice","Tools of the Trade","Flying Knee","Riddle With Holes","Dagger Throw","PiercingWail","Leg Sweep","Blade Dance","Cloak And Dagger","Sucker Punch+1","A Thousand Cuts","Terror+1"],"max_hp_per_floor":[63,63,63,63,63,73,73,73,73,73,73,73,73,73,73,73,73,73,73,73,73,73,73,73,73,73,75,75],"relics":["Ring of the Snake","Pear","Omamori","Orichalcum","Dodecahedron","Pandora\u0027s Box","Singing Bowl","Paper Crane","Ancient Tea Set"],"card_choices":[{"not_picked":["Acrobatics","Slice"],"picked":"Deflect"},{"not_picked":["Backflip","Heel Hook"],"picked":"A Thousand Cuts"},{"not_picked":["Terror","Prepared"],"picked":"Cloak And Dagger"},{"not_picked":["Poisoned Stab","Sucker Punch"],"picked":"Choke"},{"not_picked":["Infinite Blades","Tactician"],"picked":"Backflip"},{"not_picked":["Choke","PiercingWail"],"picked":"Slice"},{"not_picked":["Grand Finale","Phantasmal Killer"],"picked":"Tools of the Trade"},{"not_picked":["Bane","Catalyst"],"picked":"Sucker Punch"},{"not_picked":["Catalyst","Bouncing Flask"],"picked":"A Thousand Cuts"},{"not_picked":["Dodge and Roll","Prepared"],"picked":"Terror"}],"player_experience":226987,"potions_floor_usage":[29],"damage_taken":[{"damage":5,"enemies":"Jaw Worm","floor":1,"turns":5},{"damage":1,"enemies":"Cultist","floor":3,"turns":5},{"damage":0,"enemies":"Small Slimes","floor":5,"turns":2},{"damage":21,"enemies":"Gremlin Nob","floor":6,"turns":5},{"damage":19,"enemies":"Lagavulin","floor":10,"turns":7},{"damage":0,"enemies":"Looter","floor":11,"turns":3},{"damage":4,"enemies":"Large Slime","floor":12,"turns":7},{"damage":7,"enemies":"Blue Slaver","floor":13,"turns":3},{"damage":17,"enemies":"Slime Boss","floor":16,"turns":9},{"damage":7,"enemies":"Shell Parasite","floor":18,"turns":4},{"damage":12,"enemies":"Book of Stabbing","floor":24,"turns":5},{"damage":5,"enemies":"Chosen","floor":27,"turns":4},{"damage":25,"enemies":"Snake Plant","floor":28,"turns":5},{"damage":44,"enemies":"Slaver and Parasite","floor":29,"turns":3}],"event_choices":[{"event_name":"Accursed Blacksmith","player_choice":"Forge","floor":2,"damage_taken":0},{"event_name":"Shining Light","player_choice":"Ignored","floor":4,"damage_taken":0},{"event_name":"Scrap Ooze","player_choice":"success","floor":14,"damage_taken":3},{"event_name":"Drug Dealer","player_choice":"Ignored","floor":19,"damage_taken":0},{"event_name":"The Library","player_choice":"Heal","floor":20,"damage_taken":0},{"event_name":"Match and Keep!","player_choice":"0 cards matched","floor":21,"damage_taken":0}],"boss_relics":[{"not_picked":["White Beast Statue","Snecko Eye"],"picked":"Pandora\u0027s Box"}],"potions_floor_spawned":[3,5,11,13,16,24,28],"seed_played":"6007887499875369842","killed_by":"Slaver and Parasite","ascension_level":2,"is_trial":false}