{"gold_per_floor":[110,125,88,108,121,155,155,155,155,155,155,155,125,141,141,237,237,237,237,237,55,55,55,55,55,55,55,55,55,55,55,55,55,55,55,55,55,55,55,55,55,55,55,55,55,55,55,55,55,55,55,55,55,55],"floor_reached":54,"playtime":3397,"items_purged":[],"score":643,"play_id":"bb9ecb54-4118-425d-8eb1-9c8ed824411a","local_time":"20190916011629","is_ascension_mode":false,"campfire_choices":[{"floor":7,"key":"REST"},{"floor":12,"key":"REST"},{"floor":15,"key":"RECALL"},{"data":"Zap","floor":23,"key":"SMITH"},{"floor":25,"key":"REST"},{"data":"Machine Learning","floor":32,"key":"SMITH"},{"floor":41,"key":"REST"},{"data":"Conserve Battery","floor":47,"key":"SMITH"},{"data":"Buffer","floor":49,"key":"SMITH"},{"data":"Conserve Battery","floor":52,"key":"SMITH"}],"neow_cost":"NONE","seed_source_timestamp":447794066408800,"circlet_count":0,"master_deck":["Strike_B","Strike_B","Strike_B","Defend_B","Defend_B","Defend_B+1","Defend_B+1","Zap+1","Dualcast+1","Machine Learning+1","Stack+1","Sweeping Beam+1","Self Repair","Conserve Battery+1","Conserve Battery+1","Steam","Darkness+1","Coolheaded+1","Multi-Cast+1","Cold Snap","Gash+1","Steam+1","Gash+1","Blizzard+1","White Noise+1","Force Field+1","Hologram+1","Madness+1","Reboot+1","Auto Shields+1","Cold Snap+1","Redo+1","Force Field+1","Hologram+1","Redo+1","Double Energy+1","Buffer+1"],"relics":["FrozenCore","War Paint","Toxic Egg 2","Mango","Ectoplasm","Bronze Scales","CultistMask","Centennial Puzzle"],"potions_floor_usage":[24,50,50,54],"damage_taken":[{"damage":0,"enemies":"2 Louse","floor":1,"turns":2},{"damage":0,"enemies":"Jaw Worm","floor":2,"turns":4},{"damage":3,"enemies":"Small Slimes","floor":4,"turns":3},{"damage":42,"enemies":"Gremlin Gang","floor":5,"turns":6},{"damage":20,"enemies":"Lagavulin","floor":6,"turns":13},{"damage":2,"enemies":"Looter","floor":13,"turns":4},{"damage":0,"enemies":"2 Fungi Beasts","floor":14,"turns":3},{"damage":25,"enemies":"The Guardian","floor":16,"turns":12},{"damage":0,"enemies":"Shell Parasite","floor":18,"turns":4},{"damage":13,"enemies":"3 Byrds","floor":19,"turns":5},{"damage":29,"enemies":"Snake Plant","floor":22,"turns":3},{"damage":9,"enemies":"Cultist and Chosen","floor":24,"turns":8},{"damage":5,"enemies":"Snecko","floor":29,"turns":6},{"damage":5,"enemies":"3 Cultists","floor":30,"turns":6},{"damage":33,"enemies":"Collector","floor":33,"turns":10},{"damage":1,"enemies":"Orb Walker","floor":35,"turns":5},{"damage":0,"enemies":"3 Shapes","floor":36,"turns":4},{"damage":15,"enemies":"Spire Growth","floor":37,"turns":3},{"damage":20,"enemies":"Transient","floor":40,"turns":5},{"damage":2,"enemies":"3 Darklings","floor":44,"turns":4},{"damage":12,"enemies":"Writhing Mass","floor":45,"turns":5},{"damage":0,"enemies":"Sphere and 2 Shapes","floor":46,"turns":5},{"damage":7,"enemies":"Spire Growth","floor":48,"turns":7},{"damage":82,"enemies":"Donu and Deca","floor":50,"turns":12},{"damage":90,"enemies":"Shield and Spear","floor":54,"turns":11}],"seed_played":"-4169761093797011906","potions_obtained":[{"floor":6,"key":"SpeedPotion"},{"floor":14,"key":"Ancient Potion"},{"floor":16,"key":"Strength Potion"},{"floor":18,"key":"PowerPotion"},{"floor":24,"key":"FocusPotion"},{"floor":29,"key":"Energy Potion"},{"floor":33,"key":"FocusPotion"},{"floor":40,"key":"FocusPotion"}],"is_trial":false,"path_per_floor":["M","M","$","M","M","E","R","?","T","T","?","R","M","M","R","B",null,"M","M","?","$","M","R","M","R","T","?","?","M","M","?","R","B",null,"M","M","M","$","?","M","R","?","T","M","M","M","R","M","R","B",null,"R","$","E"],"character_chosen":"DEFECT","items_purchased":["Self Repair","Steam+1","Bronze Scales"],"campfire_rested":4,"item_purchase_floors":[3,21,21],"current_hp_per_floor":[75,75,75,75,40,27,49,34,34,48,48,74,79,86,86,68,89,89,83,83,83,61,61,59,85,85,85,85,87,89,73,73,47,89,88,89,74,74,74,54,79,79,79,77,72,85,85,85,85,10,85,85,85,0],"gold":55,"neow_bonus":"ONE_RANDOM_RARE_CARD","is_prod":false,"is_daily":false,"chose_seed":false,"campfire_upgraded":5,"win_rate":0,"timestamp":1568589389,"path_taken":["M","M","$","M","M","E","R","?","T","?","?","R","?","M","R","BOSS","M","M","?","$","M","R","M","R","T","?","?","?","?","?","R","BOSS","M","?","M","$","?","M","R","?","T","?","M","M","R","M","R","BOSS","R","$","E"],"build_version":"2019-07-17","purchased_purges":0,"victory":false,"max_hp_per_floor":[75,75,75,75,75,75,75,75,75,89,89,89,89,89,89,89,89,89,89,89,89,89,89,89,89,89,89,89,89,89,89,89,89,89,89,89,89,89,85,85,85,85,85,85,85,85,85,85,85,85,85,85,85,85],"card_choices":[{"not_picked":["Turbo","Tempest"],"picked":"Stack","floor":1},{"not_picked":["Beam Cell","BootSequence"],"picked":"Sweeping Beam","floor":2},{"not_picked":["Leap","Stack"],"picked":"Conserve Battery","floor":4},{"not_picked":["Meteor Strike","Turbo"],"picked":"Conserve Battery","floor":5},{"not_picked":["Hologram","Double Energy"],"picked":"Steam","floor":6},{"not_picked":["Sweeping Beam","Redo+1"],"picked":"Darkness+1","floor":13},{"not_picked":["Undo+1","Go for the Eyes"],"picked":"Coolheaded+1","floor":14},{"not_picked":["Machine Learning","Echo Form"],"picked":"Multi-Cast+1","floor":16},{"not_picked":["Rebound","Hello World+1"],"picked":"Cold Snap","floor":18},{"not_picked":["Storm","Hologram+1"],"picked":"Gash+1","floor":19},{"not_picked":["Hologram+1","Hyperbeam"],"picked":"Gash+1","floor":22},{"not_picked":["Sweeping Beam","Conserve Battery+1"],"picked":"Blizzard+1","floor":24},{"not_picked":["Cold Snap+1","Blizzard"],"picked":"Force Field+1","floor":29},{"not_picked":["Heatsinks","Aggregate+1"],"picked":"Hologram+1","floor":30},{"not_picked":["Machine Learning","Echo Form"],"picked":"Reboot+1","floor":33},{"not_picked":["Hologram+1","Rebound"],"picked":"Auto Shields+1","floor":35},{"not_picked":["Beam Cell+1","Streamline+1"],"picked":"Cold Snap+1","floor":36},{"not_picked":["Compile Driver+1","Cold Snap+1"],"picked":"Redo+1","floor":37},{"not_picked":["Lockon+1","Turbo+1"],"picked":"Force Field+1","floor":40},{"not_picked":["Compile Driver","Hello World","Cold Snap"],"picked":"SKIP","floor":44},{"not_picked":["Steam+1","Static Discharge+1"],"picked":"Redo+1","floor":45},{"not_picked":["Turbo+1","Fusion+1"],"picked":"Double Energy+1","floor":46},{"not_picked":["Turbo+1","Conserve Battery+1"],"picked":"Buffer","floor":48}],"player_experience":95518,"relics_obtained":[{"floor":6,"key":"War Paint"},{"floor":9,"key":"Toxic Egg 2"},{"floor":10,"key":"Mango"},{"floor":43,"key":"Centennial Puzzle"}],"event_choices":[{"damage_healed":0,"gold_gain":0,"player_choice":"Entered Light","damage_taken":15,"max_hp_gain":0,"max_hp_loss":0,"event_name":"Shining Light","floor":8,"gold_loss":0,"cards_upgraded":["Defend_B","Dualcast"]},{"damage_healed":0,"gold_gain":0,"player_choice":"Upgraded","damage_taken":0,"max_hp_gain":0,"max_hp_loss":0,"event_name":"Upgrade Shrine","floor":11,"gold_loss":0,"cards_upgraded":["Sweeping Beam"]},{"damage_healed":0,"gold_gain":0,"player_choice":"Ignored","damage_taken":0,"max_hp_gain":0,"max_hp_loss":0,"event_name":"Ghosts","floor":20,"gold_loss":0},{"damage_healed":0,"gold_gain":0,"player_choice":"Read","damage_taken":0,"max_hp_gain":0,"max_hp_loss":0,"event_name":"The Library","floor":27,"gold_loss":0,"cards_obtained":["White Noise"]},{"damage_healed":0,"gold_gain":0,"player_choice":"Trade","damage_taken":0,"relics_obtained":["CultistMask"],"max_hp_gain":0,"max_hp_loss":0,"event_name":"FaceTrader","floor":28,"gold_loss":0},{"damage_healed":0,"gold_gain":0,"player_choice":"CARD ","damage_taken":16,"max_hp_gain":0,"max_hp_loss":0,"event_name":"Knowing Skull","floor":31,"potions_obtained":[],"gold_loss":0,"cards_obtained":["Madness"]},{"damage_healed":0,"gold_gain":0,"player_choice":"Max HP","damage_taken":0,"max_hp_gain":0,"max_hp_loss":4,"event_name":"Winding Halls","floor":39,"gold_loss":0},{"damage_healed":0,"gold_gain":0,"cards_transformed":["Strike_B"],"player_choice":"Transformed","damage_taken":0,"max_hp_gain":0,"max_hp_loss":0,"event_name":"Transmorgrifier","floor":42,"gold_loss":0,"cards_obtained":["Hologram"]}],"is_beta":false,"boss_relics":[{"not_picked":["Busted Crown","Runic Dome"],"picked":"Ectoplasm"},{"not_picked":["Philosopher\u0027s Stone","Black Star"],"picked":"FrozenCore"}],"items_purged_floors":[],"is_endless":false,"potions_floor_spawned":[6,14,16,18,24,29,33,35,40,46],"killed_by":"Shield and Spear","ascension_level":0}