{"path_per_floor":["M","?","?","$","M","R","E","M","T","E","R","?","R","M","R","B",null,"M","M","M","?","M","R","E","M","T","?","T","?","E","M","R","B",null,"M","?","$","M","$","R","$","E","T","M","E","$","?","M","R","B"],"character_chosen":"THE_SILENT","items_purchased":["Leg Sweep","Heel Hook","Apotheosis","Escape Plan","Choke","Kunai"],"gold_per_floor":[119,194,194,3,22,22,57,75,75,108,108,108,108,133,133,263,263,286,211,226,226,241,241,266,285,360,360,387,287,312,332,332,432,432,451,451,26,45,45,45,45,372,372,382,410,45,45,59,59,59],"floor_reached":51,"campfire_rested":1,"playtime":8879,"current_hp_per_floor":[66,55,55,55,55,55,42,42,42,30,51,51,51,51,51,44,70,53,46,37,37,40,50,54,59,64,64,69,69,58,38,50,35,70,70,60,60,65,65,70,70,62,62,67,63,63,63,62,70,64],"items_purged":["Injury","Writhe","Defend_G"],"gold":59,"score":751,"play_id":"cd2a9c39-4bf4-45d8-84ce-daa05c7aaa76","local_time":"20180405010949","is_prod":false,"is_daily":false,"is_ascension_mode":false,"campfire_upgraded":7,"timestamp":1522915789,"path_taken":["M","?","?","$","M","R","E","M","T","E","R","?","R","M","R","BOSS","M","M","M","?","M","R","E","M","T","?","?","?","E","M","R","BOSS","M","?","$","M","?","R","?","E","T","M","E","$","?","M","R","BOSS"],"build_version":"2018-03-29v2","purchased_purges":3,"victory":true,"master_deck":["Defend_G","Defend_G","Strike_G","Strike_G","Strike_G","Survivor","Neutralize+1","Infinite Blades+1","Leg Sweep","Heel Hook","A Thousand Cuts+1","Prepared","Deflect","Leg Sweep","Doppelganger+1","Acrobatics","After Image+1","PiercingWail+1","Backflip","Dodge and Roll","Noxious Fumes+1","Finisher+1","Cloak And Dagger+1","J.A.X.","Noxious Fumes","Prepared","Tools of the Trade","Envenom+1","Endless Agony+1","Heel Hook+1","Blade Dance+1","Panache","Master of Strategy","Panache","Apotheosis","Escape Plan","Choke","Deflect","After Image+1","Endless Agony","Backflip+1","Endless Agony+1"],"max_hp_per_floor":[70,70,70,70,70,70,70,70,70,70,70,70,70,70,70,70,70,70,70,70,70,70,70,70,70,70,70,70,70,70,70,70,70,70,70,70,70,70,70,70,70,70,70,70,70,70,70,70,70,70],"relics":["Sozu","Bloody Idol","Juzu Bracelet","Sundial","Calipers","Eternal Feather","Toolbox","Bottled Flame","Snake Skull","Anchor","Bag of Marbles","Astrolabe","Old Coin","Meat on the Bone","Peace Pipe","Kunai"],"card_choices":[{"not_picked":["Prepared","Poisoned Stab"],"picked":"Infinite Blades","floor":1.0},{"not_picked":["Sucker Punch","Slice"],"picked":"A Thousand Cuts","floor":5.0},{"not_picked":["Poisoned Stab","Underhanded Strike"],"picked":"Prepared","floor":7.0},{"not_picked":["Dagger Throw","Malaise"],"picked":"Deflect","floor":8.0},{"not_picked":["All Out Attack","Dodge and Roll"],"picked":"Leg Sweep","floor":10.0},{"not_picked":["Outmaneuver","Backflip"],"picked":"Acrobatics","floor":14.0},{"not_picked":["Envenom","Tactician"],"picked":"After Image","floor":16.0},{"not_picked":["Predator","Blur"],"picked":"PiercingWail","floor":18.0},{"not_picked":["Skewer","Acrobatics"],"picked":"Backflip","floor":19.0},{"not_picked":["Well Laid Plans","Poisoned Stab"],"picked":"Dodge and Roll","floor":20.0},{"not_picked":["Crippling Poison","Reflex"],"picked":"Noxious Fumes","floor":22.0},{"not_picked":["Escape Plan","Venomology"],"picked":"Finisher","floor":24.0},{"not_picked":["Bane","Crippling Poison"],"picked":"Cloak And Dagger","floor":25.0},{"not_picked":["Flechettes","Leg Sweep"],"picked":"Noxious Fumes","floor":30.0},{"not_picked":["Expertise","Sucker Punch"],"picked":"Prepared","floor":31.0},{"not_picked":["Phantasmal Killer","Night Terror"],"picked":"Tools of the Trade","floor":33.0},{"not_picked":["Poisoned Stab","Bouncing Flask"],"picked":"Blade Dance","floor":35.0},{"not_picked":["Purity","Swift Strike"],"picked":"Panache","floor":36.0},{"not_picked":["Dramatic Entrance","Trip"],"picked":"Master of Strategy","floor":36.0},{"not_picked":["Finesse","Trip"],"picked":"Panache","floor":36.0},{"not_picked":["Deadly Poison","Eviscerate"],"picked":"Deflect","floor":38.0},{"not_picked":["Distraction","Backflip"],"picked":"After Image","floor":42.0},{"not_picked":["Dodge and Roll","PiercingWail"],"picked":"Endless Agony","floor":44.0},{"not_picked":["Malaise","Bane"],"picked":"Backflip","floor":45},{"not_picked":["Quick Slash","Leg Sweep"],"picked":"Endless Agony","floor":48}],"player_experience":57662,"potions_floor_usage":[],"damage_taken":[{"damage":4.0,"enemies":"2 Louse","floor":1.0,"turns":3.0},{"damage":0.0,"enemies":"Small Slimes","floor":5.0,"turns":4.0},{"damage":13.0,"enemies":"3 Sentries","floor":7.0,"turns":8.0},{"damage":0.0,"enemies":"Jaw Worm","floor":8.0,"turns":3.0},{"damage":12.0,"enemies":"Gremlin Nob","floor":10.0,"turns":5.0},{"damage":0.0,"enemies":"Exordium Wildlife","floor":14.0,"turns":4.0},{"damage":7.0,"enemies":"Slime Boss","floor":16.0,"turns":9.0},{"damage":17.0,"enemies":"3 Byrds","floor":18.0,"turns":5.0},{"damage":7.0,"enemies":"2 Thieves","floor":19.0,"turns":5.0},{"damage":9.0,"enemies":"Snecko","floor":20.0,"turns":7.0},{"damage":2.0,"enemies":"Centurion and Healer","floor":22.0,"turns":9.0},{"damage":1.0,"enemies":"Book of Stabbing","floor":24.0,"turns":8.0},{"damage":0.0,"enemies":"Cultist and Chosen","floor":25.0,"turns":6.0},{"damage":16.0,"enemies":"Slavers","floor":30.0,"turns":6.0},{"damage":25.0,"enemies":"3 Cultists","floor":31.0,"turns":6.0},{"damage":20.0,"enemies":"Champ","floor":33.0,"turns":11.0},{"damage":3.0,"enemies":"3 Shapes","floor":35.0,"turns":4.0},{"damage":0.0,"enemies":"Orb Walker","floor":38.0,"turns":3.0},{"damage":18.0,"enemies":"Giant Head","floor":42.0,"turns":6.0},{"damage":0.0,"enemies":"4 Shapes","floor":44.0,"turns":5.0},{"damage":9,"enemies":"2 Orb Walkers","floor":45,"turns":5},{"damage":6,"enemies":"Maw","floor":48,"turns":6},{"damage":6,"enemies":"Donu and Deca","floor":50,"turns":6}],"event_choices":[{"event_name":"World of Goop","player_choice":"Gather Gold","floor":2.0,"damage_taken":0.0},{"event_name":"Golden Idol","player_choice":"Take Wound","floor":3.0,"damage_taken":0.0},{"event_name":"Living Wall","player_choice":"Change","floor":12.0,"damage_taken":0.0},{"event_name":"Forgotten Altar","player_choice":"Gave Idol","floor":21.0,"damage_taken":0.0},{"event_name":"The Mausoleum","player_choice":"Yes","floor":27.0,"damage_taken":0.0},{"event_name":"Drug Dealer","player_choice":"Got JAXXED","floor":29.0,"damage_taken":0.0},{"event_name":"SensoryStone","player_choice":"Memory 3","floor":36.0,"damage_taken":0.0},{"event_name":"SecretPortal","player_choice":"Rejected Portal.","floor":47,"damage_taken":0}],"boss_relics":[],"potions_floor_spawned":[5,10,22,25,35,42,44],"seed_played":"-2680478900560942176","ascension_level":0,"is_trial":false}