{"gold_per_floor":[111,127,127,127,127,156,156,156,156,156,156,173,173,186,186,281,281,298,298,298,223,55,55,55,87,111,131,166,166,180,196,196,301,301,313,413,413,431,476,476,486,568,593,72,72,91,0,11,11,11],"floor_reached":50,"playtime":3880,"items_purged":["Regret"],"score":526,"play_id":"729c4ae4-4d98-4fe4-9f4f-1b4106da9f67","local_time":"20190629175928","is_ascension_mode":false,"campfire_choices":[{"floor":10,"key":"REST"},{"floor":13,"key":"REST"},{"data":"Pommel Strike","floor":15,"key":"SMITH"},{"data":"Bandage Up","floor":23,"key":"SMITH"},{"data":"Exhume","floor":29,"key":"SMITH"},{"data":"RitualDagger","floor":32,"key":"SMITH"},{"floor":40,"key":"REST"},{"floor":49,"key":"REST"}],"neow_cost":"NONE","seed_source_timestamp":1455787694013988,"circlet_count":0,"master_deck":["Strike_R+1","Strike_R","Strike_R","Strike_R","Defend_R","Defend_R","Defend_R","Bash+1","Flex","Anger","Cleave+1","Iron Wave","Pommel Strike+1","Exhume+1","Shrug It Off+1","RitualDagger+1","Bandage Up+1","Pommel Strike","Sword Boomerang","Iron Wave","Flame Barrier","Shame","Uppercut+1","Heavy Blade+1","Dropkick+1","Carnage","Reaper","Anger+1","Headbutt+1","Anger+1","Clash+1","Cleave+1","Writhe","Chrysalis","Apotheosis","Disarm+1","Shrug It Off+1"],"relics":["Black Blood","Sundial","Mercury Hourglass","Nunchaku","Bag of Preparation","Cursed Key","Meat on the Bone","Bag of Marbles","Potion Belt","Vajra","Champion Belt","Gambling Chip","Self Forming Clay","Ancient Tea Set","Frozen Egg 2","Strange Spoon","Red Mask"],"potions_floor_usage":[16,16,25,30,33,36,50,50],"damage_taken":[{"damage":3,"enemies":"Small Slimes","floor":1,"turns":3},{"damage":1,"enemies":"2 Louse","floor":2,"turns":3},{"damage":36,"enemies":"Lagavulin","floor":6,"turns":4},{"damage":11,"enemies":"Jaw Worm","floor":12,"turns":2},{"damage":0,"enemies":"3 Louse","floor":14,"turns":1},{"damage":62,"enemies":"The Guardian","floor":16,"turns":6},{"damage":0,"enemies":"Spheric Guardian","floor":18,"turns":1},{"damage":29,"enemies":"Book of Stabbing","floor":25,"turns":5},{"damage":0,"enemies":"Chosen","floor":27,"turns":3},{"damage":30,"enemies":"Gremlin Leader","floor":28,"turns":7},{"damage":3,"enemies":"Centurion and Healer","floor":30,"turns":9},{"damage":0,"enemies":"3 Cultists","floor":31,"turns":3},{"damage":75,"enemies":"Automaton","floor":33,"turns":9},{"damage":18,"enemies":"Orb Walker","floor":35,"turns":3},{"damage":15,"enemies":"Mind Bloom Boss Battle","floor":36,"turns":5},{"damage":10,"enemies":"3 Darklings","floor":38,"turns":3},{"damage":35,"enemies":"2 Orb Walkers","floor":39,"turns":4},{"damage":24,"enemies":"4 Shapes","floor":41,"turns":3},{"damage":10,"enemies":"Transient","floor":46,"turns":5},{"damage":14,"enemies":"Sphere and 2 Shapes","floor":48,"turns":5},{"damage":122,"enemies":"Time Eater","floor":50,"turns":12}],"seed_played":"363628887508019586","potions_obtained":[{"floor":6,"key":"LiquidBronze"},{"floor":12,"key":"PowerPotion"},{"floor":16,"key":"SkillPotion"},{"floor":25,"key":"Poison Potion"},{"floor":28,"key":"AttackPotion"},{"floor":33,"key":"Regen Potion"},{"floor":35,"key":"Block Potion"},{"floor":46,"key":"SteroidPotion"}],"is_trial":false,"path_per_floor":["M","M","?","?","$","E","?","?","T","R","?","M","R","M","R","B",null,"M","?","?","?","$","R","?","E","T","M","E","R","M","M","R","B",null,"M","?","?","M","?","R","M","T","T","$","?","M","?","M","R","B"],"character_chosen":"IRONCLAD","items_purchased":["Bandage Up","Pommel Strike","Sword Boomerang","Frozen Egg 2","Strange Spoon"],"campfire_rested":4,"item_purchase_floors":[22,22,22,44,44],"current_hp_per_floor":[80,80,80,73,73,43,43,27,27,51,39,34,58,64,64,8,80,80,80,74,74,74,74,74,63,63,80,68,68,80,80,80,29,80,72,79,79,79,54,78,64,64,64,64,59,59,59,61,80,0],"gold":11,"neow_bonus":"UPGRADE_CARD","is_prod":false,"is_daily":false,"chose_seed":false,"campfire_upgraded":4,"win_rate":0,"timestamp":1561845568,"path_taken":["M","M","?","?","$","E","?","?","T","R","?","M","R","M","R","BOSS","M","?","?","?","?","R","?","E","T","M","E","R","?","M","R","BOSS","M","?","?","M","?","R","M","?","T","$","?","M","?","M","R","BOSS"],"build_version":"2019-01-23","purchased_purges":1,"victory":false,"max_hp_per_floor":[80,80,80,80,80,80,80,80,80,80,80,80,80,80,80,80,80,80,80,80,80,80,80,80,80,80,80,80,80,80,80,80,80,80,80,80,80,80,80,80,80,80,80,80,80,80,80,80,80,80],"card_choices":[{"not_picked":["Sword Boomerang","Carnage"],"picked":"Flex","floor":1},{"not_picked":["Carnage","Spot Weakness"],"picked":"Anger","floor":2},{"not_picked":["Evolve","Offering"],"picked":"Cleave","floor":6},{"not_picked":["Rupture","Flex"],"picked":"Iron Wave","floor":12},{"not_picked":["Perfected Strike","Havoc"],"picked":"Pommel Strike","floor":14},{"not_picked":["Bludgeon","Demon Form"],"picked":"Exhume","floor":16},{"not_picked":["Clothesline","Second Wind"],"picked":"Shrug It Off+1","floor":18},{"not_picked":["Inflame","Cleave"],"picked":"Flame Barrier","floor":25},{"not_picked":["Clothesline","Perfected Strike"],"picked":"Uppercut+1","floor":27},{"not_picked":["Dark Embrace","Carnage"],"picked":"Heavy Blade+1","floor":28},{"not_picked":["Headbutt","Anger+1"],"picked":"Dropkick+1","floor":30},{"not_picked":["True Grit","Clash"],"picked":"Carnage","floor":31},{"not_picked":["Fiend Fire","Double Tap"],"picked":"Reaper","floor":33},{"not_picked":["Clothesline+1","Shrug It Off"],"picked":"Anger+1","floor":35},{"not_picked":["Pummel","Rampage"],"picked":"Headbutt+1","floor":36},{"not_picked":["Flex","Wild Strike"],"picked":"Anger+1","floor":38},{"not_picked":["Rupture","Combust+1"],"picked":"Clash+1","floor":39},{"not_picked":["Warcry+1","Headbutt+1"],"picked":"Cleave+1","floor":41},{"not_picked":["Impatience","Finesse"],"picked":"Chrysalis","floor":45},{"not_picked":["PanicButton","Deep Breath"],"picked":"Apotheosis","floor":45},{"not_picked":["Whirlwind","Body Slam+1"],"picked":"Disarm+1","floor":46},{"not_picked":["Sword Boomerang","Anger+1"],"picked":"Shrug It Off+1","floor":48}],"player_experience":39482,"relics_obtained":[{"floor":6,"key":"Mercury Hourglass"},{"floor":9,"key":"Nunchaku"},{"floor":25,"key":"Bag of Marbles"},{"floor":26,"key":"Potion Belt"},{"floor":28,"key":"Vajra"},{"floor":36,"key":"Champion Belt"},{"floor":39,"key":"Gambling Chip"},{"floor":42,"key":"Self Forming Clay"},{"floor":43,"key":"Ancient Tea Set"}],"event_choices":[{"damage_healed":0,"gold_gain":0,"player_choice":"Box","damage_taken":0,"relics_obtained":["Sundial"],"max_hp_gain":0,"max_hp_loss":0,"event_name":"Big Fish","floor":3,"gold_loss":0,"cards_obtained":["Regret"]},{"cards_removed":["Regret"],"damage_healed":0,"gold_gain":0,"player_choice":"Card Removal","damage_taken":7,"max_hp_gain":0,"max_hp_loss":0,"event_name":"Golden Wing","floor":4,"gold_loss":0},{"damage_healed":0,"gold_gain":0,"player_choice":"Grow","damage_taken":0,"max_hp_gain":0,"max_hp_loss":0,"event_name":"Living Wall","floor":7,"gold_loss":0,"cards_upgraded":["Cleave"]},{"damage_healed":0,"gold_gain":0,"player_choice":"Entered Light","damage_taken":16,"max_hp_gain":0,"max_hp_loss":0,"event_name":"Shining Light","floor":8,"gold_loss":0,"cards_upgraded":["Strike_R","Strike_R"]},{"damage_healed":0,"gold_gain":0,"player_choice":"Success","damage_taken":12,"relics_obtained":["Bag of Preparation"],"max_hp_gain":0,"max_hp_loss":0,"event_name":"Scrap Ooze","floor":11,"gold_loss":0},{"damage_healed":0,"gold_gain":0,"player_choice":"Opened","damage_taken":0,"relics_obtained":["Meat on the Bone"],"max_hp_gain":0,"max_hp_loss":0,"event_name":"The Mausoleum","floor":19,"gold_loss":0,"cards_obtained":["Writhe"]},{"damage_healed":0,"gold_gain":0,"player_choice":"Joined the Cult","damage_taken":6,"max_hp_gain":0,"max_hp_loss":0,"event_name":"Nest","floor":20,"gold_loss":0,"cards_obtained":["RitualDagger"]},{"cards_removed":["Writhe"],"damage_healed":0,"gold_gain":0,"player_choice":"Gave Gold","damage_taken":0,"max_hp_gain":0,"max_hp_loss":0,"event_name":"Beggar","floor":21,"gold_loss":75},{"cards_removed":["Defend_R"],"damage_healed":0,"gold_gain":0,"player_choice":"Took Card","damage_taken":0,"max_hp_gain":0,"max_hp_loss":0,"event_name":"NoteForYourself","floor":24,"gold_loss":0,"cards_obtained":["Iron Wave"]},{"damage_healed":0,"gold_gain":0,"player_choice":"Fight","damage_taken":0,"max_hp_gain":0,"max_hp_loss":0,"event_name":"MindBloom","floor":36,"gold_loss":0},{"cards_removed":["Strike_R"],"damage_healed":0,"gold_gain":0,"player_choice":"Removed Attack","damage_taken":0,"max_hp_gain":0,"max_hp_loss":0,"event_name":"Falling","floor":37,"gold_loss":0},{"damage_healed":0,"gold_gain":0,"player_choice":"Fight","damage_taken":0,"max_hp_gain":0,"max_hp_loss":0,"event_name":"Mysterious Sphere","floor":39,"gold_loss":0},{"damage_healed":0,"gold_gain":0,"player_choice":"Memory 2","damage_taken":5,"max_hp_gain":0,"max_hp_loss":0,"event_name":"SensoryStone","floor":45,"gold_loss":0},{"damage_healed":0,"gold_gain":0,"player_choice":"Paid","damage_taken":0,"relics_obtained":["Red Mask"],"max_hp_gain":0,"max_hp_loss":0,"event_name":"Tomb of Lord Red Mask","floor":47,"gold_loss":91}],"is_beta":false,"boss_relics":[{"not_picked":["Sozu","Coffee Dripper"],"picked":"Cursed Key"},{"not_picked":["Calling Bell","Eternal Feather"],"picked":"Black Blood"}],"items_purged_floors":[44],"is_endless":false,"potions_floor_spawned":[6,12,16,25,28,33,35,46],"killed_by":"Time Eater","ascension_level":0}