{"path_per_floor":["M","M","?","M","$","E","R","?","T","M","E","R","M","?","R","B",null,"M","?","M","M","$","R","?","R","T","R","M","R","?","$","R","B",null,"M","?","?","M","M","E","R","E","T","?","R","M","$","M","R","B"],"character_chosen":"DEFECT","items_purchased":["Frozen Egg 2","Panache","Defragment","EssenceOfSteel"],"gold_per_floor":[111,126,301,321,2,27,27,27,50,60,90,90,110,110,110,187,187,172,172,186,206,17,17,17,17,65,65,78,78,3,3,3,78,78,96,96,0,14,32,60,60,95,95,95,95,109,21,40,40,40],"floor_reached":51,"campfire_rested":2,"playtime":6526,"current_hp_per_floor":[64,64,64,64,64,56,56,56,56,56,47,47,47,33,33,30,61,59,46,37,33,33,33,33,33,33,33,35,35,35,35,58,47,70,70,60,60,51,53,48,74,56,56,84,84,86,86,83,83,63],"items_purged":["Doubt"],"gold":40,"score":1170,"play_id":"00e45870-deb8-4ea6-8a14-40d2fe74ca46","local_time":"20180508130115","is_prod":false,"is_daily":false,"chose_seed":false,"is_ascension_mode":true,"campfire_upgraded":9,"timestamp":1525809675,"path_taken":["M","M","?","M","$","E","R","?","T","?","E","R","M","?","R","BOSS","M","?","?","M","$","R","?","R","T","R","M","R","?","?","R","BOSS","M","?","?","M","?","E","R","E","T","?","R","M","$","?","R","BOSS"],"build_version":"2018-05-07","seed_source_timestamp":261480022607574,"purchased_purges":1,"victory":true,"master_deck":["Strike_B+1","Strike_B+1","Strike_B+1","Defend_B+1","Defend_B+1","Defend_B+1","Zap+1","Dualcast+1","AscendersBane","Reinforced Body+1","Streamline+1","Hologram+1","BootSequence","Buffer+1","Go for the Eyes+1","Glacier+1","Prime+1","Redo+1","Gash+1","Recycle+1","Panache+1","Capacitor+1","Prime+1","Coolheaded+1","Madness+1","Madness","Machine Learning+1","Darkness+1","Defragment+1","Beam Cell+1"],"max_hp_per_floor":[71,71,71,71,71,71,71,71,71,71,71,71,71,71,71,71,71,71,76,76,76,76,76,76,76,76,76,78,78,78,78,78,78,78,78,78,78,80,82,82,84,84,84,84,84,86,86,86,86,86],"relics":["Cracked Core","Orichalcum","Frozen Egg 2","Anchor","Dream Catcher","Peace Pipe","Runic Dome","Singing Bowl","Nuclear Battery","Red Mask","Toolbox","Vajra","Du-Vu Doll"],"card_choices":[{"not_picked":["Lockon","Consume"],"picked":"Reinforced Body","floor":1.0},{"not_picked":["Rebound","Leap"],"picked":"Streamline","floor":2.0},{"not_picked":["Streamline","Stack"],"picked":"Hologram","floor":4.0},{"not_picked":["Capacitor","Streamline"],"picked":"BootSequence","floor":6.0},{"not_picked":["Conserve Battery","Gash"],"picked":"Buffer","floor":10.0},{"not_picked":["Axe Kick","FTL"],"picked":"Go for the Eyes","floor":11.0},{"not_picked":["Tempest","Sweeping Beam"],"picked":"Glacier","floor":13.0},{"not_picked":["Seek","Rainbow"],"picked":"Prime","floor":16.0},{"not_picked":["Beam Cell","Buffer"],"picked":"Redo","floor":18.0},{"not_picked":["Auto Shields","Reinforced Body"],"picked":"Gash","floor":20.0},{"not_picked":["Doom and Gloom","Beam Cell"],"picked":"Recycle","floor":21.0},{"not_picked":["Melter","Cold Snap"],"picked":"Capacitor","floor":32.0},{"not_picked":["Fusion","Fission"],"picked":"Prime","floor":33.0},{"not_picked":["Auto Shields","Ball Lightning"],"picked":"Coolheaded","floor":35.0},{"not_picked":["Rip and Tear","Cold Snap"],"picked":"Machine Learning","floor":40.0},{"not_picked":["Cold Snap","Static Discharge"],"picked":"Darkness","floor":42},{"not_picked":["Axe Kick","Self Repair"],"picked":"Beam Cell","floor":48}],"player_experience":593802,"potions_floor_usage":[42,50,50,50,50,50,50],"damage_taken":[{"damage":0.0,"enemies":"2 Louse","floor":1.0,"turns":2.0},{"damage":0.0,"enemies":"Small Slimes","floor":2.0,"turns":3.0},{"damage":0.0,"enemies":"Cultist","floor":4.0,"turns":3.0},{"damage":8.0,"enemies":"Lagavulin","floor":6.0,"turns":6.0},{"damage":0.0,"enemies":"3 Louse","floor":10.0,"turns":4.0},{"damage":9.0,"enemies":"3 Sentries","floor":11.0,"turns":7.0},{"damage":0.0,"enemies":"Red Slaver","floor":13.0,"turns":3.0},{"damage":3.0,"enemies":"The Guardian","floor":16.0,"turns":13.0},{"damage":2.0,"enemies":"2 Thieves","floor":18.0,"turns":4.0},{"damage":9.0,"enemies":"3 Byrds","floor":20.0,"turns":6.0},{"damage":4.0,"enemies":"Sentry and Sphere","floor":21.0,"turns":8.0},{"damage":0.0,"enemies":"Snecko","floor":28.0,"turns":5.0},{"damage":18.0,"enemies":"Champ","floor":33.0,"turns":14.0},{"damage":0.0,"enemies":"Orb Walker","floor":35.0,"turns":4.0},{"damage":11.0,"enemies":"3 Shapes","floor":38.0,"turns":5.0},{"damage":0.0,"enemies":"Spire Growth","floor":39.0,"turns":5.0},{"damage":5.0,"enemies":"Giant Head","floor":40.0,"turns":4.0},{"damage":18,"enemies":"Nemesis","floor":42,"turns":7},{"damage":0,"enemies":"4 Shapes","floor":46,"turns":7},{"damage":3,"enemies":"Sphere and 2 Shapes","floor":48,"turns":4},{"damage":20,"enemies":"Time Eater","floor":50,"turns":9}],"event_choices":[{"event_name":"Liars Game","player_choice":"agreed","floor":3.0,"damage_taken":0.0},{"event_name":"Bonfire Elementals","player_choice":"BASIC","floor":8.0,"damage_taken":0.0},{"event_name":"Shining Light","player_choice":"Entered Light","floor":14.0,"damage_taken":0.0},{"event_name":"Forgotten Altar","player_choice":"Shed Blood","floor":19.0,"damage_taken":0.0},{"event_name":"Back to Basics","player_choice":"Simplicity","floor":24.0,"damage_taken":0.0},{"event_name":"Beggar","player_choice":"Gave Gold","floor":30.0,"damage_taken":0.0},{"event_name":"Winding Halls","player_choice":"Embrace Madness","floor":36.0,"damage_taken":0.0},{"event_name":"Tomb of Lord Red Mask","player_choice":"Paid","floor":37.0,"damage_taken":0.0},{"event_name":"Wheel of Change","player_choice":"Full Heal","floor":44,"damage_taken":0}],"boss_relics":[],"potions_floor_spawned":[1,16,18,28,35,39,46,48],"seed_played":"7587079416900130442","ascension_level":14,"is_trial":false}