{"gold_per_floor":[114,43,43,7,18,18,18,18,18,18,31,31,31,41,41,145,145,159,169,169,183,183,183,200,212,212,212,229,264,110,129,129,231,231,242,256,269,288,302,302,316,328,328,348,348,368,368,381,381,381,381,381,91,126,126],"floor_reached":56,"playtime":2531,"items_purged":[],"score":1192,"play_id":"a6c97cfd-5a06-4620-801b-2b68e5f58520","local_time":"20190912231045","is_ascension_mode":false,"campfire_choices":[{"data":"Armaments","floor":6.0,"key":"SMITH"},{"data":"Bash","floor":8.0,"key":"SMITH"},{"data":"Shockwave","floor":10.0,"key":"SMITH"},{"floor":13.0,"key":"RECALL"},{"floor":15.0,"key":"REST"},{"data":"J.A.X.","floor":23.0,"key":"SMITH"},{"floor":32.0,"key":"REST"},{"data":"Double Tap","floor":40.0,"key":"SMITH"},{"floor":45.0,"key":"REST"},{"data":"Feel No Pain","floor":49.0,"key":"SMITH"},{"data":"Offering","floor":52,"key":"SMITH"}],"neow_cost":"NONE","seed_source_timestamp":28191215018600,"circlet_count":0,"master_deck":["Strike_R+1","Defend_R","Defend_R","Defend_R","Bash+1","Offering+1","Intimidate","Shockwave+1","Dropkick","Armaments+1","Ghostly Armor","Feel No Pain+1","Double Tap+1","Corruption+1","Burning Pact+1","Feed+1","Sword Boomerang+1","J.A.X.+1","Shrug It Off+1","Sentinel+1","Exhume","Shrug It Off+1"],"special_seed":0,"relics":["Black Blood","Vajra","Astrolabe","Red Skull","Orichalcum","Happy Flower","Bottled Tornado","Bag of Preparation"],"potions_floor_usage":[50,55,55],"damage_taken":[{"damage":7.0,"enemies":"2 Louse","floor":1.0,"turns":2.0},{"damage":12.0,"enemies":"Jaw Worm","floor":5.0,"turns":2.0},{"damage":6.0,"enemies":"Cultist","floor":11.0,"turns":2.0},{"damage":10.0,"enemies":"Red Slaver","floor":14.0,"turns":2.0},{"damage":66.0,"enemies":"Slime Boss","floor":16.0,"turns":16.0},{"damage":6.0,"enemies":"Chosen","floor":18.0,"turns":5.0},{"damage":6.0,"enemies":"2 Thieves","floor":19.0,"turns":4.0},{"damage":21.0,"enemies":"Centurion and Healer","floor":21.0,"turns":6.0},{"damage":9.0,"enemies":"Snake Plant","floor":24.0,"turns":2.0},{"damage":31.0,"enemies":"Shelled Parasite and Fungi","floor":25.0,"turns":5.0},{"damage":12.0,"enemies":"Centurion and Healer","floor":28.0,"turns":4.0},{"damage":34.0,"enemies":"Gremlin Leader","floor":29.0,"turns":6.0},{"damage":9.0,"enemies":"Snake Plant","floor":31.0,"turns":4.0},{"damage":40.0,"enemies":"Champ","floor":33.0,"turns":8.0},{"damage":25.0,"enemies":"3 Shapes","floor":35.0,"turns":5.0},{"damage":15.0,"enemies":"3 Darklings","floor":36.0,"turns":6.0},{"damage":15.0,"enemies":"Sphere and 2 Shapes","floor":37.0,"turns":3.0},{"damage":15.0,"enemies":"Spire Growth","floor":38.0,"turns":4.0},{"damage":49.0,"enemies":"Jaw Worm Horde","floor":39.0,"turns":5.0},{"damage":35.0,"enemies":"Sphere and 2 Shapes","floor":41.0,"turns":5.0},{"damage":21.0,"enemies":"Spire Growth","floor":42.0,"turns":5.0},{"damage":11.0,"enemies":"3 Darklings","floor":44.0,"turns":5.0},{"damage":12.0,"enemies":"Jaw Worm Horde","floor":46.0,"turns":3.0},{"damage":23.0,"enemies":"Transient","floor":48.0,"turns":5.0},{"damage":87,"enemies":"Awakened One","floor":50,"turns":11},{"damage":35,"enemies":"Shield and Spear","floor":54,"turns":7},{"damage":99,"enemies":"The Heart","floor":55,"turns":8}],"seed_played":"-1057004570583617134","potions_obtained":[{"floor":1.0,"key":"BloodPotion"},{"floor":5.0,"key":"Ancient Potion"},{"floor":16.0,"key":"EntropicBrew"},{"floor":18.0,"key":"FairyPotion"},{"floor":19.0,"key":"AttackPotion"},{"floor":31.0,"key":"Dexterity Potion"},{"floor":33.0,"key":"Weak Potion"},{"floor":39.0,"key":"AttackPotion"}],"is_trial":false,"path_per_floor":["M","$","?","$","M","R","$","R","T","R","M","?","R","M","R","B",null,"M","M","?","M","?","R","M","M","T","?","M","E","$","M","R","B",null,"M","M","M","M","M","R","M","M","T","M","R","M","?","M","R","B",null,"R","$","E","B",null],"character_chosen":"IRONCLAD","items_purchased":["Shockwave","Dropkick","Happy Flower","Bottled Tornado","Dexterity Potion"],"campfire_rested":3,"item_purchase_floors":[2,4,30,53,53],"current_hp_per_floor":[79,79,63,63,57,57,57,57,57,57,57,57,57,53,77,17,80,84,88,88,77,77,77,78,57,57,62,60,36,36,37,70,36,112,99,96,97,98,91,91,76,67,67,68,106,114,114,103,103,28,136,136,136,117,30],"gold":126,"neow_bonus":"ONE_RANDOM_RARE_CARD","is_prod":false,"is_daily":false,"chose_seed":false,"campfire_upgraded":7,"win_rate":0,"timestamp":1568347845,"path_taken":["M","$","?","$","M","R","?","R","T","R","M","?","R","M","R","BOSS","M","M","?","?","?","R","M","M","T","?","M","E","$","M","R","BOSS","M","M","M","M","?","R","M","M","T","M","R","M","?","M","R","BOSS","R","$","E","BOSS"],"build_version":"2019-09-11v2","purchased_purges":0,"victory":true,"max_hp_per_floor":[80,80,80,80,80,80,80,80,80,80,80,80,80,80,80,80,80,84,88,88,92,92,92,96,100,100,100,104,108,108,112,112,112,112,112,112,116,120,120,120,128,128,128,128,128,136,136,136,136,136,136,136,136,140,140],"card_choices":[{"not_picked":["Entrench","Reckless Charge"],"picked":"Intimidate","floor":1.0},{"not_picked":["True Grit","Carnage"],"picked":"Armaments","floor":5.0},{"not_picked":["Twin Strike","Power Through"],"picked":"Ghostly Armor","floor":11.0},{"not_picked":["Sever Soul","Pommel Strike"],"picked":"Feel No Pain","floor":14.0},{"not_picked":["Barricade","Berserk"],"picked":"Double Tap","floor":16.0},{"not_picked":["Cleave","Anger+1"],"picked":"Sword Boomerang","floor":18.0},{"not_picked":["Shockwave+1","Ghostly Armor","Clash"],"picked":"SKIP","floor":19.0},{"not_picked":["Seeing Red","Warcry","Feel No Pain"],"picked":"SKIP","floor":21.0},{"not_picked":["Corruption","Body Slam+1","Clash"],"picked":"SKIP","floor":24.0},{"not_picked":["Pommel Strike","Perfected Strike"],"picked":"Shrug It Off+1","floor":25.0},{"not_picked":["Spot Weakness","Blood for Blood"],"picked":"Sentinel+1","floor":28.0},{"not_picked":["Wild Strike","Pommel Strike","Body Slam"],"picked":"SKIP","floor":29.0},{"not_picked":["Warcry","Clash","Seeing Red"],"picked":"SKIP","floor":31.0},{"not_picked":["Fiend Fire","Immolate"],"picked":"Exhume","floor":33.0},{"not_picked":["Flex+1","Twin Strike+1","Reckless Charge+1"],"picked":"SKIP","floor":35.0},{"not_picked":["Pommel Strike","Second Wind+1","Clash"],"picked":"SKIP","floor":36.0},{"not_picked":["Perfected Strike","Intimidate+1","Body Slam+1"],"picked":"SKIP","floor":37.0},{"not_picked":["Thunderclap","Body Slam","Barricade"],"picked":"SKIP","floor":38.0},{"not_picked":["Warcry+1","Anger","Dropkick+1"],"picked":"SKIP","floor":39.0},{"not_picked":["Shrug It Off+1","Clothesline+1","Sentinel+1"],"picked":"SKIP","floor":41.0},{"not_picked":["Searing Blow","Dropkick","Hemokinesis"],"picked":"SKIP","floor":42.0},{"not_picked":["Rage","Dropkick+1","Combust"],"picked":"SKIP","floor":44.0},{"not_picked":["Dual Wield+1","Twin Strike","Flex"],"picked":"SKIP","floor":46.0},{"not_picked":["Clash+1","Thunderclap+1"],"picked":"Shrug It Off+1","floor":48.0},{"not_picked":["Havoc+1","Power Through","Iron Wave+1"],"picked":"SKIP","floor":54}],"player_experience":1282000,"relics_obtained":[{"floor":9.0,"key":"Vajra"},{"floor":26.0,"key":"Red Skull"},{"floor":29.0,"key":"Orichalcum"},{"floor":54,"key":"Bag of Preparation"}],"event_choices":[{"damage_healed":0.0,"max_hp_gain":0.0,"max_hp_loss":0.0,"gold_gain":0.0,"event_name":"Shining Light","player_choice":"Entered Light","floor":3.0,"gold_loss":0.0,"damage_taken":16.0,"cards_upgraded":["Strike_R","Strike_R"]},{"damage_healed":0.0,"max_hp_gain":0.0,"max_hp_loss":0.0,"gold_gain":0.0,"cards_transformed":["Strike_R"],"event_name":"Transmorgrifier","player_choice":"Transformed","floor":12.0,"gold_loss":0.0,"damage_taken":0.0,"cards_obtained":["Warcry"]},{"damage_healed":0.0,"max_hp_gain":0.0,"max_hp_loss":0.0,"gold_gain":0.0,"event_name":"Upgrade Shrine","player_choice":"Upgraded","floor":20.0,"gold_loss":0.0,"damage_taken":0.0,"cards_upgraded":["Sword Boomerang"]},{"damage_healed":0.0,"max_hp_gain":0.0,"max_hp_loss":0.0,"gold_gain":0.0,"event_name":"Drug Dealer","player_choice":"Obtain J.A.X.","floor":22.0,"gold_loss":0.0,"damage_taken":0.0,"cards_obtained":["J.A.X."]},{"cards_removed":["Warcry"],"damage_healed":5.0,"max_hp_gain":0.0,"max_hp_loss":0.0,"gold_gain":0.0,"event_name":"Bonfire Elementals","player_choice":"Offered Common","floor":27.0,"gold_loss":0.0,"damage_taken":0.0},{"cards_removed":["Warcry"],"damage_healed":5.0,"max_hp_gain":0.0,"max_hp_loss":0.0,"gold_gain":0.0,"event_name":"Bonfire Elementals","player_choice":"Offered Special","floor":27.0,"gold_loss":0.0,"damage_taken":0.0},{"cards_removed":["Strike_R"],"damage_healed":0.0,"max_hp_gain":0.0,"max_hp_loss":0.0,"gold_gain":0.0,"event_name":"Falling","player_choice":"Removed Attack","floor":47.0,"gold_loss":0.0,"damage_taken":0.0}],"is_beta":true,"boss_relics":[{"not_picked":["Empty Cage","Black Star"],"picked":"Astrolabe"},{"not_picked":["Calling Bell","Snecko Eye"],"picked":"Black Blood"}],"items_purged_floors":[],"is_endless":false,"potions_floor_spawned":[1,5,16,18,19,25,31,33,35,37,39,41,48],"ascension_level":0}