{"path_per_floor":["M","?","M","?","M","E","$","M","T","R","M","M","M","E","R","B",null,"M","?","M","$","?","E","R","M","T","M","?","R","?","M","R","B",null,"M","$","M","M","?","R","M","M","T","?","$","E","?","?","R"],"character_chosen":"IRONCLAD","items_purchased":["Dropkick","Corruption","Feed"],"gold_per_floor":[118,118,130,130,146,171,96,115,115,115,133,145,162,191,191,290,290,302,217,230,61,61,91,91,109,135,148,148,148,148,166,166,261,261,279,154,166,179,179,179,195,207,253,253,105,131,131,131,131,131],"floor_reached":50,"campfire_rested":1,"playtime":2034,"current_hp_per_floor":[80,80,80,80,80,51,51,46,46,46,49,51,57,50,50,48,80,83,83,86,86,70,54,54,60,60,60,60,60,60,71,71,26,95,99,99,97,84,84,84,66,49,49,49,49,45,45,45,74,0],"items_purged":["Strike_R","Strike_R","Anger"],"gold":131,"score":554,"play_id":"ee8e174a-02a5-4de1-9405-3599f92bd05b","local_time":"20180425144549","is_prod":false,"is_daily":false,"chose_seed":false,"is_ascension_mode":false,"campfire_upgraded":2,"timestamp":1524681949,"path_taken":["M","?","M","?","M","E","$","M","T","R","?","M","?","E","R","BOSS","M","?","M","$","?","E","R","M","T","M","?","R","?","M","R","BOSS","M","$","M","M","?","R","M","M","T","?","$","E","?","?","R","BOSS"],"build_version":"2018-04-19","seed_source_timestamp":2126079310654665,"purchased_purges":3,"victory":false,"master_deck":["Strike_R","Strike_R","Strike_R","Defend_R","Defend_R","Defend_R","Bash","Reckless Charge","Metallicize","Havoc","Hemokinesis","Thunderclap","Pommel Strike","Evolve+1","Feed","Seeing Red","Feel No Pain+1","Dropkick","Carnage","Shrug It Off+1","Offering+1","Thunderclap+1","Shrug It Off+1","Armaments+1","Wild Strike+1","Corruption","Feed","Ghostly Armor+1"],"max_hp_per_floor":[80,80,80,80,80,80,80,80,80,80,80,80,80,80,80,80,80,83,83,86,86,86,89,89,92,92,92,92,92,92,95,95,95,95,99,99,99,99,99,99,99,99,99,99,99,99,99,99,99,99],"relics":["Burning Blood","NeowsBlessing","Gremlin Horn","Shovel","Magic Flower","Ornamental Fan","Mercury Hourglass","Mark of Pain","Toxic Egg 2","Nilry\u0027s Codex","Bag of Marbles","Happy Flower","Toolbox","Ginger","Snecko Eye","Centennial Puzzle","Pen Nib","Lantern"],"card_choices":[{"not_picked":["Iron Wave","Infernal Blade"],"picked":"Reckless Charge","floor":1},{"not_picked":["Havoc","Heavy Blade"],"picked":"Anger","floor":3},{"not_picked":["Armaments","Wild Strike"],"picked":"Metallicize","floor":5},{"not_picked":["Shrug It Off","Pummel"],"picked":"Havoc","floor":6},{"not_picked":["Spot Weakness","Corruption"],"picked":"Hemokinesis","floor":8},{"not_picked":["Wild Strike","Body Slam"],"picked":"Thunderclap","floor":11},{"not_picked":["Searing Blow","Burning Pact"],"picked":"Pommel Strike","floor":12},{"not_picked":["Clothesline","Uppercut"],"picked":"Evolve","floor":14},{"not_picked":["Brutality","Impervious"],"picked":"Feed","floor":16},{"not_picked":["Headbutt","Perfected Strike"],"picked":"Seeing Red","floor":18},{"not_picked":["True Grit","Rupture"],"picked":"Feel No Pain","floor":20},{"not_picked":["Metallicize","Dual Wield"],"picked":"Carnage","floor":23},{"not_picked":["Armaments","Cleave"],"picked":"Shrug It Off","floor":25},{"not_picked":["Exhume","Limit Break"],"picked":"Offering","floor":33},{"not_picked":["Heavy Blade","Shockwave"],"picked":"Thunderclap","floor":37},{"not_picked":["Flame Barrier","Infernal Blade"],"picked":"Shrug It Off","floor":38},{"not_picked":["Shrug It Off","Carnage"],"picked":"Armaments","floor":41},{"not_picked":["Body Slam","Clash"],"picked":"Wild Strike","floor":42},{"not_picked":["Clothesline","Searing Blow"],"picked":"Ghostly Armor","floor":46}],"player_experience":391511,"potions_floor_usage":[50,50,50],"damage_taken":[{"damage":0,"enemies":"Small Slimes","floor":1,"turns":1},{"damage":0,"enemies":"Jaw Worm","floor":3,"turns":1},{"damage":0,"enemies":"Cultist","floor":5,"turns":1},{"damage":35,"enemies":"Lagavulin","floor":6,"turns":7},{"damage":11,"enemies":"Blue Slaver","floor":8,"turns":4},{"damage":6,"enemies":"Lots of Slimes","floor":11,"turns":3},{"damage":7,"enemies":"Gremlin Gang","floor":12,"turns":4},{"damage":3,"enemies":"Large Slime","floor":13,"turns":4},{"damage":16,"enemies":"3 Sentries","floor":14,"turns":6},{"damage":11,"enemies":"Slime Boss","floor":16,"turns":7},{"damage":10,"enemies":"Shell Parasite","floor":18,"turns":5},{"damage":4,"enemies":"3 Byrds","floor":20,"turns":4},{"damage":30,"enemies":"Book of Stabbing","floor":23,"turns":5},{"damage":8,"enemies":"3 Cultists","floor":25,"turns":4},{"damage":9,"enemies":"Cultist and Chosen","floor":27,"turns":5},{"damage":3,"enemies":"Centurion and Healer","floor":31,"turns":3},{"damage":54,"enemies":"Collector","floor":33,"turns":9},{"damage":8,"enemies":"3 Shapes","floor":35,"turns":2},{"damage":11,"enemies":"Orb Walker","floor":37,"turns":3},{"damage":22,"enemies":"3 Darklings","floor":38,"turns":3},{"damage":27,"enemies":"Sphere and 2 Shapes","floor":41,"turns":4},{"damage":26,"enemies":"Maw","floor":42,"turns":6},{"damage":13,"enemies":"Giant Head","floor":46,"turns":8},{"damage":77,"enemies":"Donu and Deca","floor":50,"turns":7}],"event_choices":[{"event_name":"Big Fish","player_choice":"Box","floor":2,"damage_taken":0},{"event_name":"Fountain of Cleansing","player_choice":"Removed Curse","floor":4,"damage_taken":0},{"event_name":"Addict","player_choice":"Obtained Relic","floor":19,"damage_taken":0},{"event_name":"Cursed Tome","player_choice":"Obtained Book","floor":22,"damage_taken":0},{"event_name":"The Mausoleum","player_choice":"No","floor":28,"damage_taken":0},{"event_name":"The Woman in Blue","player_choice":"Bought 0 Potions","floor":30,"damage_taken":0},{"event_name":"Tomb of Lord Red Mask","player_choice":"Ignored","floor":39,"damage_taken":0},{"event_name":"Accursed Blacksmith","player_choice":"Ignore","floor":47,"damage_taken":0},{"event_name":"Mysterious Sphere","player_choice":"Ignore","floor":48,"damage_taken":0}],"boss_relics":[{"not_picked":["Velvet Choker","Eternal Feather"],"picked":"Mark of Pain"},{"not_picked":["Runic Cube","Runic Pyramid"],"picked":"Snecko Eye"}],"potions_floor_spawned":[3,5,11,14,16,18,23,25,38,46],"seed_played":"-8172434030002628120","killed_by":"Donu and Deca","ascension_level":0,"is_trial":false}