{"gold_per_floor":[113,131,131,143,143,176,176,29,29,48,58,58,58,73,73,171,171,187,200,125,125,137,137,155,155,203,278,38,38,49,67,67,168,218,233,233,233,233,50,50,81,81,106,118,146,41,41,55,55,55,55,55,55,55],"floor_reached":54,"playtime":1740,"items_purged":["Strike_G"],"score":667,"play_id":"ac923f7b-045d-484d-8bfd-c7668526344f","local_time":"20181106123642","is_ascension_mode":false,"campfire_choices":[{"data":"Skewer","floor":7,"key":"SMITH"},{"data":"Choke","floor":12,"key":"SMITH"},{"data":"Blade Dance","floor":15,"key":"SMITH"},{"data":"Bouncing Flask","floor":23,"key":"SMITH"},{"data":"Accuracy","floor":29,"key":"SMITH"},{"floor":32,"key":"REST"},{"floor":40,"key":"RECALL"},{"data":"Footwork","floor":42,"key":"SMITH"},{"floor":44,"key":"REST"},{"data":"Leg Sweep","floor":49,"key":"SMITH"},{"floor":52,"key":"REST"}],"neow_cost":"NONE","seed_source_timestamp":596953042139301,"circlet_count":0,"master_deck":["Defend_G+1","Defend_G+1","Defend_G+1","Defend_G+1","Defend_G+1","Strike_G+1","Strike_G+1","Strike_G+1","Survivor+1","Neutralize+1","Skewer+1","Blade Dance+1","Bouncing Flask+1","Cloak And Dagger+1","Choke+1","Quick Slash+1","Accuracy+1","Malaise+1","Cloak And Dagger+1","Predator+1","Blade Dance+1","Leg Sweep+1","After Image+1","Noxious Fumes+1","Eviscerate+1","Footwork+1","Caltrops+1","Infinite Blades","Leg Sweep+1","Noxious Fumes+1"],"relics":["Ring of the Snake","Letter Opener","Boot","Bottled Flame","Snecko Eye","Shuriken","Tiny House","Mark of the Bloom","Oddly Smooth Stone","Art of War","MawBank","Molten Egg 2"],"potions_floor_usage":[6,24,30,31,33,36],"damage_taken":[{"damage":1,"enemies":"Cultist","floor":1,"turns":5},{"damage":4,"enemies":"Small Slimes","floor":2,"turns":4},{"damage":0,"enemies":"2 Louse","floor":4,"turns":3},{"damage":29,"enemies":"3 Sentries","floor":6,"turns":8},{"damage":12,"enemies":"Exordium Thugs","floor":10,"turns":3},{"damage":0,"enemies":"Exordium Wildlife","floor":11,"turns":3},{"damage":7,"enemies":"Looter","floor":14,"turns":2},{"damage":25,"enemies":"The Guardian","floor":16,"turns":13},{"damage":1,"enemies":"3 Byrds","floor":18,"turns":4},{"damage":16,"enemies":"2 Thieves","floor":19,"turns":4},{"damage":15,"enemies":"Shelled Parasite and Fungi","floor":22,"turns":4},{"damage":10,"enemies":"Snecko","floor":24,"turns":4},{"damage":12,"enemies":"Centurion and Healer","floor":30,"turns":4},{"damage":31,"enemies":"Shelled Parasite and Fungi","floor":31,"turns":4},{"damage":38,"enemies":"Champ","floor":33,"turns":9},{"damage":5,"enemies":"3 Shapes","floor":35,"turns":4},{"damage":0,"enemies":"3 Darklings","floor":36,"turns":1},{"damage":0,"enemies":"Giant Head","floor":41,"turns":7},{"damage":0,"enemies":"Sphere and 2 Shapes","floor":45,"turns":4},{"damage":4,"enemies":"Maw","floor":48,"turns":5},{"damage":57,"enemies":"Time Eater","floor":50,"turns":13},{"damage":10,"enemies":"Shield and Spear","floor":54,"turns":1}],"seed_played":"7354165045157055277","potions_obtained":[{"floor":1,"key":"AttackPotion"},{"floor":2,"key":"Swift Potion"},{"floor":4,"key":"SkillPotion"},{"floor":24,"key":"Regen Potion"},{"floor":31,"key":"Regen Potion"},{"floor":33,"key":"Fire Potion"},{"floor":34,"key":"SmokeBomb"},{"floor":41,"key":"PowerPotion"},{"floor":45,"key":"Explosive Potion"},{"floor":48,"key":"GhostInAJar"}],"is_trial":false,"path_per_floor":["M","M","?","M","?","E","R","$","T","M","M","R","?","M","R","B",null,"M","M","$","?","M","R","M","?","T","?","$","R","M","M","R","B",null,"M","M","?","?","$","R","E","R","T","R","M","$","T","M","R","B",null,"R","$","E"],"character_chosen":"THE_SILENT","items_purchased":["Boot","Shuriken","Footwork","Oddly Smooth Stone","Infinite Blades","Leg Sweep"],"campfire_rested":3,"item_purchase_floors":[8,28,39,39,46,46],"current_hp_per_floor":[69,65,58,58,58,29,29,29,29,17,17,17,40,33,33,8,70,69,53,53,53,38,38,28,51,51,44,44,44,41,10,31,8,75,70,70,70,70,70,70,70,70,70,70,70,70,70,66,66,9,9,9,9,0],"gold":55,"neow_bonus":"UPGRADE_CARD","is_prod":false,"is_daily":false,"chose_seed":false,"campfire_upgraded":7,"win_rate":0,"timestamp":1541525802,"path_taken":["M","M","?","M","?","E","R","$","T","M","M","R","?","M","R","BOSS","M","M","$","?","M","R","M","?","T","?","$","R","?","M","R","BOSS","M","M","?","?","?","R","E","R","T","R","M","$","?","M","R","BOSS","R","$","E"],"build_version":"2018-11-05","purchased_purges":1,"victory":false,"max_hp_per_floor":[70,70,70,70,70,70,70,70,70,70,70,70,70,70,70,70,70,70,70,70,70,70,70,70,70,70,70,70,70,70,70,70,70,75,75,75,75,75,75,75,75,75,75,75,75,75,75,75,75,75,75,75,75,75],"card_choices":[{"not_picked":["Distraction","Deflect"],"picked":"Skewer","floor":1},{"not_picked":["PiercingWail","Sucker Punch"],"picked":"Blade Dance","floor":2},{"not_picked":["Dodge and Roll","Acrobatics"],"picked":"Bouncing Flask","floor":4},{"not_picked":["Tactician","Backflip"],"picked":"Cloak And Dagger","floor":6},{"not_picked":["Underhanded Strike","Quick Slash"],"picked":"Choke","floor":10},{"not_picked":["Skewer","Underhanded Strike"],"picked":"Quick Slash","floor":11},{"not_picked":["Dagger Spray","Blade Dance"],"picked":"Accuracy","floor":14},{"not_picked":["Envenom","Doppelganger"],"picked":"Malaise","floor":16},{"not_picked":["Deadly Poison","Footwork","Backflip+1"],"picked":"SKIP","floor":18},{"not_picked":["Backflip","Dodge and Roll"],"picked":"Cloak And Dagger+1","floor":19},{"not_picked":["Flying Knee","Poisoned Stab+1"],"picked":"Predator+1","floor":22},{"not_picked":["Flying Knee","Storm of Steel"],"picked":"Blade Dance+1","floor":24},{"not_picked":["Blade Dance","Dagger Spray+1","Quick Slash"],"picked":"SKIP","floor":30},{"not_picked":["Slice","Deadly Poison"],"picked":"Leg Sweep","floor":31},{"not_picked":["Unload","Burst"],"picked":"After Image","floor":33},{"not_picked":["Flying Knee","Eviscerate"],"picked":"Noxious Fumes+1","floor":34},{"not_picked":["Underhanded Strike","Dodge and Roll+1"],"picked":"Eviscerate+1","floor":35},{"not_picked":["Backstab","Poisoned Stab+1","Quick Slash+1"],"picked":"SKIP","floor":41},{"not_picked":["Dodge and Roll","Flying Knee+1"],"picked":"Caltrops+1","floor":45},{"not_picked":["Endless Agony+1","Underhanded Strike+1"],"picked":"Noxious Fumes+1","floor":48}],"player_experience":964777,"relics_obtained":[{"floor":6,"key":"Letter Opener"},{"floor":9,"key":"Bottled Flame"},{"floor":41,"key":"Art of War"},{"floor":43,"key":"MawBank"},{"floor":47,"key":"Molten Egg 2"}],"event_choices":[{"cards_removed":["Strike_G"],"damage_healed":0,"gold_gain":0,"player_choice":"Card Removal","damage_taken":7,"max_hp_gain":0,"max_hp_loss":0,"event_name":"Golden Wing","floor":3,"gold_loss":0},{"damage_healed":0,"gold_gain":0,"player_choice":"Ignored","damage_taken":0,"max_hp_gain":0,"max_hp_loss":0,"event_name":"Liars Game","floor":5,"gold_loss":0},{"damage_healed":23,"gold_gain":0,"player_choice":"Banana","damage_taken":0,"max_hp_gain":0,"max_hp_loss":0,"event_name":"Big Fish","floor":13,"gold_loss":0},{"damage_healed":0,"gold_gain":0,"player_choice":"Ignored","damage_taken":0,"max_hp_gain":0,"max_hp_loss":0,"event_name":"Ghosts","floor":21,"gold_loss":0},{"damage_healed":23,"gold_gain":0,"player_choice":"Heal","damage_taken":0,"max_hp_gain":0,"max_hp_loss":0,"event_name":"The Library","floor":25,"gold_loss":0},{"damage_healed":0,"gold_gain":75,"player_choice":"Touch","damage_taken":7,"max_hp_gain":0,"max_hp_loss":0,"event_name":"FaceTrader","floor":27,"gold_loss":0},{"damage_healed":0,"gold_gain":0,"player_choice":"Upgrade","damage_taken":0,"relics_obtained":["Mark of the Bloom"],"max_hp_gain":0,"max_hp_loss":0,"event_name":"MindBloom","floor":37,"gold_loss":0,"cards_upgraded":["Defend_G","Defend_G","Defend_G","Defend_G","Defend_G","Strike_G","Strike_G","Strike_G","Cloak And Dagger","Quick Slash","Malaise","Leg Sweep","After Image"]},{"damage_healed":0,"gold_gain":0,"player_choice":"Ignored","damage_taken":0,"max_hp_gain":0,"max_hp_loss":0,"event_name":"Mysterious Sphere","floor":38,"gold_loss":0}],"is_beta":true,"boss_relics":[{"not_picked":["Runic Pyramid","Eternal Feather"],"picked":"Snecko Eye"},{"not_picked":["Pandora\u0027s Box","Calling Bell"],"picked":"Tiny House"}],"items_purged_floors":[20],"is_endless":false,"potions_floor_spawned":[1,2,4,24,31,33,41,45,48],"killed_by":"Shield and Spear","ascension_level":0}