{"gold_per_floor":[111,111,124,124,138,167,167,181,181,181,213,213,244,263,263,338,388,400,400,400,450,462,462,491,491],"floor_reached":25,"playtime":2038,"items_purged":[],"score":528,"play_id":"b9716546-090c-4898-951a-cbbe7475c579","local_time":"20190819234658","is_ascension_mode":true,"campfire_choices":[{"data":"Defragment","floor":7,"key":"SMITH"},{"data":"Zap","floor":10,"key":"SMITH"},{"floor":12,"key":"REST"},{"data":"Dualcast","floor":15,"key":"SMITH"},{"data":"RitualDagger","floor":23,"key":"SMITH"}],"neow_cost":"NONE","seed_source_timestamp":478158038370436,"circlet_count":0,"master_deck":["AscendersBane","Strike_B","Strike_B","Strike_B+1","Defend_B","Defend_B","Defend_B","Defend_B","Zap+1","Dualcast+1","BootSequence","Doom and Gloom","Hello World","Ball Lightning","Defragment+1","Gash","Cold Snap","Stack","Coolheaded","Creative AI","Beam Cell","Chill","RitualDagger+1","Writhe","Sweeping Beam","Lockon"],"relics":["Cracked Core","Orichalcum","Ornamental Fan","Mango","Pear","Tiny House","Art of War","Question Card"],"potions_floor_usage":[6,11,16,24],"damage_taken":[{"damage":0,"enemies":"Jaw Worm","floor":1,"turns":3},{"damage":0,"enemies":"2 Louse","floor":3,"turns":3},{"damage":1,"enemies":"Cultist","floor":5,"turns":3},{"damage":10,"enemies":"Lagavulin","floor":6,"turns":6},{"damage":18,"enemies":"Large Slime","floor":8,"turns":5},{"damage":26,"enemies":"Gremlin Nob","floor":11,"turns":4},{"damage":8,"enemies":"3 Sentries","floor":13,"turns":5},{"damage":0,"enemies":"3 Louse","floor":14,"turns":3},{"damage":18,"enemies":"Hexaghost","floor":16,"turns":8},{"damage":14,"enemies":"Chosen","floor":18,"turns":5},{"damage":15,"enemies":"Spheric Guardian","floor":22,"turns":5},{"damage":34,"enemies":"Gremlin Leader","floor":24,"turns":6},{"damage":27,"enemies":"Snake Plant","floor":25,"turns":3}],"seed_played":"-3031481450624100423","potions_obtained":[{"floor":1,"key":"FocusPotion"},{"floor":8,"key":"Poison Potion"},{"floor":11,"key":"PowerPotion"},{"floor":17,"key":"Strength Potion"},{"floor":24,"key":"SteroidPotion"}],"is_trial":false,"path_per_floor":["M","?","M","?","M","E","R","M","T","R","E","R","E","M","R","B",null,"M","?","?","?","M","R","E","M"],"character_chosen":"DEFECT","items_purchased":[],"campfire_rested":1,"item_purchase_floors":[],"current_hp_per_floor":[71,71,71,71,70,60,60,42,42,42,30,57,59,59,59,41,92,78,72,72,72,57,57,23,0],"gold":491,"neow_bonus":"TEN_PERCENT_HP_BONUS","is_prod":false,"is_daily":false,"chose_seed":false,"campfire_upgraded":4,"win_rate":0,"timestamp":1566283618,"path_taken":["M","?","M","?","M","E","R","M","T","R","E","R","E","?","R","BOSS","M","?","?","?","?","R","E","M"],"build_version":"2019-07-17","purchased_purges":0,"victory":false,"max_hp_per_floor":[78,78,78,78,78,78,78,78,78,78,92,92,102,102,102,102,107,107,107,107,107,107,107,107,107],"card_choices":[{"not_picked":["Beam Cell","Conserve Battery"],"picked":"BootSequence","floor":1},{"not_picked":["Blizzard","BootSequence"],"picked":"Doom and Gloom","floor":3},{"not_picked":["FTL","Fusion"],"picked":"Ball Lightning","floor":5},{"not_picked":["Storm","Scrape"],"picked":"Defragment","floor":6},{"not_picked":["Heatsinks","Barrage"],"picked":"Gash","floor":8},{"not_picked":["Compile Driver","Streamline"],"picked":"Cold Snap","floor":11},{"not_picked":["Self Repair","Leap"],"picked":"Stack","floor":13},{"not_picked":["Scrape","Stack"],"picked":"Coolheaded","floor":14},{"not_picked":["Meteor Strike","Biased Cognition"],"picked":"Creative AI","floor":16},{"not_picked":["Streamline","Stack"],"picked":"Beam Cell","floor":17},{"not_picked":["Streamline","Barrage"],"picked":"Chill","floor":18},{"not_picked":["Go for the Eyes","Streamline"],"picked":"Sweeping Beam","floor":22},{"not_picked":["Stack","Consume"],"picked":"Lockon","floor":24}],"player_experience":697788,"relics_obtained":[{"floor":6,"key":"Orichalcum"},{"floor":9,"key":"Ornamental Fan"},{"floor":11,"key":"Mango"},{"floor":13,"key":"Pear"},{"floor":24,"key":"Question Card"}],"event_choices":[{"damage_healed":0,"gold_gain":0,"player_choice":"Ignored","damage_taken":0,"max_hp_gain":0,"max_hp_loss":0,"event_name":"Liars Game","floor":2,"gold_loss":0},{"damage_healed":0,"gold_gain":0,"cards_transformed":["Strike_B"],"player_choice":"Transformed","damage_taken":0,"max_hp_gain":0,"max_hp_loss":0,"event_name":"Transmorgrifier","floor":4,"gold_loss":0,"cards_obtained":["Hello World"]},{"damage_healed":0,"gold_gain":0,"player_choice":"Joined the Cult","damage_taken":6,"max_hp_gain":0,"max_hp_loss":0,"event_name":"Nest","floor":19,"gold_loss":0,"cards_obtained":["RitualDagger"]},{"damage_healed":0,"gold_gain":0,"player_choice":"Opened","damage_taken":0,"relics_obtained":["Art of War"],"max_hp_gain":0,"max_hp_loss":0,"event_name":"The Mausoleum","floor":20,"gold_loss":0,"cards_obtained":["Writhe"]},{"damage_healed":0,"gold_gain":100,"player_choice":"Bet on Murderer","damage_taken":0,"max_hp_gain":0,"max_hp_loss":0,"event_name":"The Joust","floor":21,"gold_loss":50}],"is_beta":false,"boss_relics":[{"not_picked":["Lizard Tail","Busted Crown"],"picked":"Tiny House"}],"items_purged_floors":[],"is_endless":false,"potions_floor_spawned":[1,8,11,24],"killed_by":"Snake Plant","ascension_level":20}