{"gold_per_floor":[114,114,289,304,47,75,90,90,90,90,100,120,120,131,131,233,233,244,244,144,164,182,182,182,199,226,245,245,28,28,127,127,222,222,236,15,25,25,38,38,138,138,163,163],"floor_reached":44,"playtime":3895,"items_purged":["Doubt","Strike_R","Flex","Strike_R"],"score":433,"play_id":"d21f4962-ce70-45aa-b367-9633757e0f51","local_time":"20190913231124","is_ascension_mode":false,"campfire_choices":[{"floor":8,"key":"REST"},{"data":"Flex","floor":13,"key":"SMITH"},{"data":"Rupture","floor":15,"key":"SMITH"},{"data":"Barricade","floor":23,"key":"SMITH"},{"floor":28,"key":"REST"},{"data":"Body Slam","floor":32,"key":"SMITH"},{"data":"Armaments","floor":40,"key":"SMITH"},{"data":"Infernal Blade","floor":42,"key":"SMITH"}],"neow_cost":"NONE","seed_source_timestamp":266974824389300,"circlet_count":0,"master_deck":["Strike_R","Strike_R+1","Defend_R","Defend_R","Defend_R","Defend_R","Bash+1","Battle Trance","Metallicize+1","Flex+1","Rupture+1","Shrug It Off","Cleave","Barricade+1","Body Slam+1","Necronomicurse","True Grit+1","Flex+1","Body Slam+1","Metallicize","Juggernaut","True Grit+1","Infernal Blade+1","Armaments+1"],"relics":["Burning Blood","Juzu Bracelet","Gambling Chip","Pocketwatch","Eternal Feather","Necronomicon","Whetstone","Mark of Pain","Strawberry"],"potions_floor_usage":[6,12,12,16,16,25,27,35,39],"damage_taken":[{"damage":1,"enemies":"Jaw Worm","floor":1,"turns":3},{"damage":0,"enemies":"Small Slimes","floor":4,"turns":3},{"damage":56,"enemies":"Lagavulin","floor":6,"turns":14},{"damage":3,"enemies":"Cultist","floor":7,"turns":3},{"damage":0,"enemies":"Exordium Wildlife","floor":11,"turns":5},{"damage":4,"enemies":"Lots of Slimes","floor":12,"turns":5},{"damage":1,"enemies":"Blue Slaver","floor":14,"turns":4},{"damage":33,"enemies":"Slime Boss","floor":16,"turns":9},{"damage":19,"enemies":"Shell Parasite","floor":18,"turns":8},{"damage":0,"enemies":"Chosen","floor":21,"turns":4},{"damage":12,"enemies":"Snecko","floor":22,"turns":6},{"damage":32,"enemies":"Sentry and Sphere","floor":25,"turns":10},{"damage":10,"enemies":"Centurion and Healer","floor":27,"turns":10},{"damage":16,"enemies":"Champ","floor":33,"turns":11},{"damage":4,"enemies":"Orb Walker","floor":35,"turns":3},{"damage":25,"enemies":"3 Darklings","floor":37,"turns":6},{"damage":14,"enemies":"Jaw Worm Horde","floor":39,"turns":5},{"damage":116,"enemies":"Transient","floor":44,"turns":5}],"seed_played":"-715522628811252171","potions_obtained":[{"floor":1,"key":"Fire Potion"},{"floor":7,"key":"Strength Potion"},{"floor":11,"key":"Block Potion"},{"floor":12,"key":"Strength Potion"},{"floor":14,"key":"Ancient Potion"},{"floor":18,"key":"Weak Potion"},{"floor":25,"key":"Weak Potion"},{"floor":27,"key":"SneckoOil"},{"floor":33,"key":"Block Potion"},{"floor":39,"key":"Regen Potion"}],"is_trial":false,"path_per_floor":["M","?","?","M","$","E","M","R","T","?","M","M","R","M","R","B",null,"M","?","$","M","M","R","?","M","T","M","R","$","?","?","R","B",null,"M","$","M","?","M","R","?","R","T","M"],"character_chosen":"IRONCLAD","items_purchased":["Juzu Bracelet","Metallicize","Body Slam","Metallicize","Infernal Blade"],"campfire_rested":2,"item_purchase_floors":[5,5,29,29,36],"current_hp_per_floor":[88,93,93,93,93,43,46,73,73,73,79,81,81,86,86,59,93,80,64,64,70,64,73,73,47,47,43,82,82,82,82,93,83,93,93,93,74,74,66,78,78,88,95,0],"gold":163,"neow_bonus":"TEN_PERCENT_HP_BONUS","is_prod":false,"is_daily":false,"chose_seed":false,"campfire_upgraded":6,"win_rate":0.0,"timestamp":1568409084,"path_taken":["M","?","?","M","$","E","M","R","T","?","M","M","R","M","R","BOSS","M","?","$","M","M","R","?","M","T","M","R","$","?","?","R","BOSS","M","$","M","?","M","R","?","R","T","M"],"build_version":"2019-07-17","purchased_purges":4,"victory":false,"max_hp_per_floor":[88,93,93,93,93,93,93,93,93,93,93,93,93,93,93,93,93,93,93,93,93,93,93,93,93,93,93,93,93,93,93,93,93,93,93,93,93,88,88,88,88,88,95,95],"card_choices":[{"not_picked":["Intimidate","True Grit","Clothesline"],"picked":"SKIP","floor":1},{"not_picked":["Flame Barrier","Anger"],"picked":"Battle Trance","floor":4},{"not_picked":["True Grit","Wild Strike","Blood for Blood"],"picked":"SKIP","floor":6},{"not_picked":["Seeing Red","Warcry"],"picked":"Flex","floor":7},{"not_picked":["Second Wind","Clothesline"],"picked":"Shrug It Off","floor":11},{"not_picked":["Uppercut","Blood for Blood"],"picked":"Flex","floor":12},{"not_picked":["Wild Strike","Infernal Blade"],"picked":"Cleave","floor":14},{"not_picked":["Offering","Juggernaut"],"picked":"Barricade","floor":16},{"not_picked":["Clash","True Grit"],"picked":"Body Slam+1","floor":18},{"not_picked":["Clothesline","Sever Soul","Corruption"],"picked":"SKIP","floor":21},{"not_picked":["Dark Embrace","Clothesline"],"picked":"True Grit+1","floor":22},{"not_picked":["Rupture","Feel No Pain","Flex"],"picked":"SKIP","floor":25},{"not_picked":["Dropkick","True Grit"],"picked":"Flex+1","floor":27},{"not_picked":["Fiend Fire","Dark Embrace"],"picked":"Juggernaut","floor":33},{"not_picked":["Dropkick+1","Wild Strike+1"],"picked":"True Grit+1","floor":35},{"not_picked":["Rage","Sword Boomerang"],"picked":"Armaments","floor":37},{"not_picked":["True Grit+1","Flex","Heavy Blade"],"picked":"SKIP","floor":39}],"player_experience":72843,"relics_obtained":[{"floor":6,"key":"Gambling Chip"},{"floor":9,"key":"Pocketwatch"},{"floor":19,"key":"Necronomicon"},{"floor":26,"key":"Whetstone"},{"floor":43,"key":"Strawberry"}],"event_choices":[{"damage_healed":0,"gold_gain":0,"player_choice":"Donut","damage_taken":0,"max_hp_gain":5,"max_hp_loss":0,"event_name":"Big Fish","floor":2,"gold_loss":0},{"damage_healed":0,"gold_gain":175,"player_choice":"AGREE","damage_taken":0,"max_hp_gain":0,"max_hp_loss":0,"event_name":"Liars Game","floor":3,"gold_loss":0,"cards_obtained":["Doubt"]},{"damage_healed":0,"gold_gain":0,"cards_transformed":["Strike_R"],"player_choice":"Transformed","damage_taken":0,"max_hp_gain":0,"max_hp_loss":0,"event_name":"Transmorgrifier","floor":10,"gold_loss":0,"cards_obtained":["Rupture"]},{"damage_healed":0,"gold_gain":0,"player_choice":"Obtained Book","damage_taken":16,"max_hp_gain":0,"max_hp_loss":0,"event_name":"Cursed Tome","floor":19,"gold_loss":0},{"damage_healed":0,"gold_gain":0,"player_choice":"Forge","damage_taken":0,"max_hp_gain":0,"max_hp_loss":0,"event_name":"Accursed Blacksmith","floor":24,"gold_loss":0,"cards_upgraded":["Metallicize"]},{"damage_healed":0,"gold_gain":0,"player_choice":"Ignored","damage_taken":0,"max_hp_gain":0,"max_hp_loss":0,"event_name":"Vampires","floor":30,"gold_loss":0},{"damage_healed":0,"gold_gain":99,"player_choice":"Stole From Cult","damage_taken":0,"max_hp_gain":0,"max_hp_loss":0,"event_name":"Nest","floor":31,"gold_loss":0},{"damage_healed":0,"gold_gain":0,"player_choice":"Max HP","damage_taken":0,"max_hp_gain":0,"max_hp_loss":5,"event_name":"Winding Halls","floor":38,"gold_loss":0},{"damage_healed":0,"gold_gain":100,"player_choice":"Pray","damage_taken":0,"max_hp_gain":0,"max_hp_loss":0,"event_name":"Golden Shrine","floor":41,"gold_loss":0}],"is_beta":false,"boss_relics":[{"not_picked":["Runic Cube","Sozu"],"picked":"Eternal Feather"},{"not_picked":["White Beast Statue","Black Blood"],"picked":"Mark of Pain"}],"items_purged_floors":[5,20,29,36],"is_endless":false,"potions_floor_spawned":[1,7,11,12,14,18,25,27,33,39],"killed_by":"Transient","ascension_level":0}