{"gold_per_floor":[114,114,189,364,364,364,384,384,409,409,424,442,481,500,500,625,625,639,58,58,72,91,91,131,131,131,165,190,190,215,259,259,259],"floor_reached":33,"playtime":3225,"items_purged":["Doubt"],"score":305,"play_id":"5a8e9468-68c8-4771-a55e-53d883161d16","local_time":"20190911214036","is_ascension_mode":false,"campfire_choices":[{"data":"Anger","floor":6,"key":"SMITH"},{"data":"Sword Boomerang","floor":10,"key":"SMITH"},{"floor":15,"key":"REST"},{"floor":23,"key":"REST"},{"data":"Armaments","floor":25,"key":"SMITH"},{"floor":29,"key":"REST"},{"data":"Armaments","floor":32,"key":"SMITH"}],"neow_cost":"NONE","seed_source_timestamp":62515278068200,"circlet_count":0,"master_deck":["Strike_R","Strike_R","Strike_R","Strike_R","Strike_R","Defend_R+1","Defend_R+1","Defend_R","Defend_R","Bash+1","Anger+1","Sword Boomerang+1","Injury","Disarm","Armaments+1","Iron Wave","Offering","Dark Embrace","Thunderclap","Armaments+1","Violence","Battle Trance","Rupture","Bash","Dark Shackles","Clash","Clothesline","Anger","Seeing Red","Reckless Charge","Clash","Flex","Intimidate+1"],"relics":["Burning Blood","Oddly Smooth Stone","Matryoshka","Golden Idol","Regal Pillow","War Paint","Mercury Hourglass","Busted Crown","Pen Nib","Strawberry","Orichalcum","Vajra","Frozen Egg 2","Bag of Marbles"],"potions_floor_usage":[13],"damage_taken":[{"damage":0,"enemies":"Small Slimes","floor":1,"turns":3},{"damage":0,"enemies":"2 Louse","floor":7,"turns":2},{"damage":5,"enemies":"Jaw Worm","floor":11,"turns":3},{"damage":8,"enemies":"Looter","floor":12,"turns":3},{"damage":51,"enemies":"3 Sentries","floor":13,"turns":9},{"damage":4,"enemies":"Gremlin Gang","floor":14,"turns":4},{"damage":34,"enemies":"The Guardian","floor":16,"turns":16},{"damage":28,"enemies":"Chosen","floor":18,"turns":5},{"damage":12,"enemies":"Shell Parasite","floor":21,"turns":2},{"damage":31,"enemies":"Snecko","floor":22,"turns":6},{"damage":19,"enemies":"Slavers","floor":24,"turns":4},{"damage":14,"enemies":"Book of Stabbing","floor":27,"turns":4},{"damage":11,"enemies":"Centurion and Healer","floor":28,"turns":4},{"damage":6,"enemies":"Cultist and Chosen","floor":30,"turns":3},{"damage":3,"enemies":"Gremlin Leader","floor":31,"turns":5},{"damage":99,"enemies":"Collector","floor":33,"turns":6}],"seed_played":"-2583270290073600028","potions_obtained":[{"floor":12,"key":"SkillPotion"},{"floor":14,"key":"FearPotion"},{"floor":16,"key":"Swift Potion"},{"floor":22,"key":"Block Potion"},{"floor":31,"key":"SteroidPotion"}],"is_trial":false,"path_per_floor":["M","?","?","?","T","R","M","?","T","R","M","M","E","M","R","B",null,"M","$","?","M","M","R","E","R","T","E","M","R","M","E","R","B"],"character_chosen":"IRONCLAD","items_purchased":["Armaments","Pen Nib","Violence","Battle Trance","Rupture"],"campfire_rested":3,"item_purchase_floors":[19,19,19,19,19],"current_hp_per_floor":[80,80,69,69,69,69,75,75,75,75,76,74,29,31,70,42,80,58,58,58,52,27,66,60,60,60,52,47,87,87,87,87,0],"gold":259,"neow_bonus":"RANDOM_COMMON_RELIC","is_prod":false,"is_daily":false,"chose_seed":false,"campfire_upgraded":4,"win_rate":0.0,"timestamp":1568230836,"path_taken":["M","?","?","?","?","R","M","?","T","R","?","M","E","M","R","BOSS","M","$","?","M","M","R","E","R","T","E","?","R","M","E","R","BOSS"],"build_version":"2019-07-17","purchased_purges":1,"victory":false,"max_hp_per_floor":[80,80,80,80,80,80,80,80,80,80,80,80,80,80,80,80,80,80,80,80,80,80,80,87,87,87,87,87,87,87,87,87,87],"card_choices":[{"not_picked":["Pommel Strike","Fire Breathing"],"picked":"Anger","floor":1},{"not_picked":["Body Slam","Shockwave"],"picked":"Sword Boomerang","floor":7},{"not_picked":["Flex","Hemokinesis"],"picked":"Disarm","floor":11},{"not_picked":["Corruption","True Grit"],"picked":"Armaments","floor":12},{"not_picked":["Thunderclap","Sever Soul"],"picked":"Iron Wave","floor":13},{"not_picked":["Combust","Body Slam"],"picked":"Offering","floor":14},{"not_picked":["Fiend Fire","Offering"],"picked":"Dark Embrace","floor":16},{"not_picked":[],"picked":"Thunderclap","floor":18},{"not_picked":[],"picked":"Clothesline","floor":21},{"not_picked":[],"picked":"Anger","floor":22},{"not_picked":[],"picked":"Seeing Red","floor":24},{"not_picked":[],"picked":"Reckless Charge","floor":27},{"not_picked":[],"picked":"Clash","floor":28},{"not_picked":[],"picked":"Flex","floor":30},{"not_picked":[],"picked":"Intimidate+1","floor":31}],"player_experience":16696,"relics_obtained":[{"floor":5,"key":"Matryoshka"},{"floor":9,"key":"Regal Pillow"},{"floor":9,"key":"War Paint"},{"floor":13,"key":"Mercury Hourglass"},{"floor":24,"key":"Strawberry"},{"floor":26,"key":"Orichalcum"},{"floor":26,"key":"Vajra"},{"floor":27,"key":"Frozen Egg 2"},{"floor":31,"key":"Bag of Marbles"}],"event_choices":[{"damage_healed":0,"gold_gain":0,"player_choice":"Grow","damage_taken":0,"max_hp_gain":0,"max_hp_loss":0,"event_name":"Living Wall","floor":2,"gold_loss":0,"cards_upgraded":["Bash"]},{"damage_healed":0,"gold_gain":75,"player_choice":"Gather Gold","damage_taken":11,"max_hp_gain":0,"max_hp_loss":0,"event_name":"World of Goop","floor":3,"gold_loss":0},{"damage_healed":0,"gold_gain":175,"player_choice":"AGREE","damage_taken":0,"max_hp_gain":0,"max_hp_loss":0,"event_name":"Liars Game","floor":4,"gold_loss":0,"cards_obtained":["Doubt"]},{"damage_healed":0,"gold_gain":0,"player_choice":"Take Wound","damage_taken":0,"relics_obtained":["Golden Idol"],"max_hp_gain":0,"max_hp_loss":0,"event_name":"Golden Idol","floor":8,"gold_loss":0,"cards_obtained":["Injury"]},{"damage_healed":0,"gold_gain":0,"player_choice":"3 cards matched","damage_taken":0,"max_hp_gain":0,"max_hp_loss":0,"event_name":"Match and Keep!","floor":20,"gold_loss":0,"cards_obtained":["Bash","Dark Shackles","Clash"]}],"is_beta":false,"boss_relics":[{"not_picked":["Sozu","Fusion Hammer"],"picked":"Busted Crown"}],"items_purged_floors":[19],"is_endless":false,"potions_floor_spawned":[12,14,16,22,27,31],"killed_by":"Collector","ascension_level":0}