{"gold_per_floor":[117,117,117,192,192,192,235,235,259,290,290,290,331,331,331,454,454,472,472,472,19,32,65,65,103,130,145,145,145,145,158,158,278,278,296,2,0,0,56,56,89,89,115,128,168,168,168],"floor_reached":47,"playtime":6432,"items_purged":["Strike_P","Strike_P"],"score":659,"play_id":"4c922823-67d5-4fab-8d8d-5cfc1771e453","local_time":"20190910074919","is_ascension_mode":true,"campfire_choices":[{"data":"InnerPeace","floor":6.0,"key":"SMITH"},{"data":"Alpha","floor":8.0,"key":"SMITH"},{"floor":11.0,"key":"REST"},{"data":"SpiritShield","floor":15.0,"key":"SMITH"},{"floor":24.0,"key":"REST"},{"data":"DevaForm","floor":28.0,"key":"SMITH"},{"data":"PathToVictory","floor":30.0,"key":"SMITH"},{"data":"MasterReality","floor":32.0,"key":"SMITH"},{"data":"Wireheading","floor":40.0,"key":"SMITH"},{"data":"SignatureMove","floor":42.0,"key":"SMITH"}],"neow_cost":"NONE","seed_source_timestamp":0,"circlet_count":0,"master_deck":["Strike_P","Strike_P","Defend_P","Defend_P","Eruption","Vigilance","Alpha+1","InnerPeace+1","MentalFortress","MasterReality+1","EmptyBody","SpiritShield+1","DevaForm+1","EmptyBody+1","EmptyFist","CleanseEvil","Wireheading+1","FearNoEvil+1","PathToVictory+1","Brilliance","DeusExMachina","Scrawl","EmptyMind","SignatureMove+1","WindmillStrike","Weave+1","Metamorphosis"],"special_seed":0,"relics":["PureWater","Dream Catcher","Golden Idol","TungstenRod","Juzu Bracelet","Shuriken","Lizard Tail","Happy Flower","Sundial","Sozu","Enchiridion","Frozen Eye","Melange","Pocketwatch","Strawberry","Pen Nib","Busted Crown","Blood Vial","Red Mask","Mango","Letter Opener","Lantern"],"potions_floor_usage":[],"damage_taken":[{"damage":7.0,"enemies":"Small Slimes","floor":1.0,"turns":4.0},{"damage":21.0,"enemies":"Lagavulin","floor":7.0,"turns":7.0},{"damage":21.0,"enemies":"3 Sentries","floor":10.0,"turns":4.0},{"damage":30.0,"enemies":"Gremlin Nob","floor":13.0,"turns":5.0},{"damage":7.0,"enemies":"The Guardian","floor":16.0,"turns":8.0},{"damage":0.0,"enemies":"Shell Parasite","floor":18.0,"turns":6.0},{"damage":1.0,"enemies":"Chosen","floor":22.0,"turns":5.0},{"damage":33.0,"enemies":"Gremlin Leader","floor":23.0,"turns":7.0},{"damage":11.0,"enemies":"Book of Stabbing","floor":25.0,"turns":6.0},{"damage":0.0,"enemies":"Shelled Parasite and Fungi","floor":27.0,"turns":5.0},{"damage":6.0,"enemies":"Snake Plant","floor":31.0,"turns":5.0},{"damage":0.0,"enemies":"Automaton","floor":33.0,"turns":9.0},{"damage":16.0,"enemies":"3 Shapes","floor":35.0,"turns":6.0},{"damage":16.0,"enemies":"2 Orb Walkers","floor":39.0,"turns":7.0},{"damage":7.0,"enemies":"Giant Head","floor":41.0,"turns":8.0},{"damage":5.0,"enemies":"3 Darklings","floor":44.0,"turns":4.0},{"damage":47,"enemies":"Reptomancer","floor":45,"turns":7},{"damage":6,"enemies":"Writhing Mass","floor":47,"turns":1}],"seed_played":"-5775539707274834876","potions_obtained":[{"floor":1.0,"key":"Weak Potion"},{"floor":10.0,"key":"Weak Potion"},{"floor":13.0,"key":"Poison Potion"}],"is_trial":false,"path_per_floor":["M","?","T","?","?","R","E","R","T","E","R","T","E","?","R","B",null,"M","?","?","$","M","E","R","E","T","M","R","?","R","M","R","B",null,"M","$","?","?","?","R","E","R","T","M","E","?","M"],"character_chosen":"WATCHER","items_purchased":["Frozen Eye","Melange","Wireheading","Blood Vial","EmptyMind"],"campfire_rested":2,"item_purchase_floors":[21,21,21,36,36],"current_hp_per_floor":[58,63,63,52,52,52,31,31,31,10,29,29,32,14,14,7,65,65,65,49,49,48,15,34,30,30,30,30,54,54,48,48,48,72,56,56,56,56,56,56,51,51,51,48,3,3,0],"gold":168,"neow_bonus":"ONE_RANDOM_RARE_CARD","is_prod":false,"is_daily":false,"chose_seed":false,"campfire_upgraded":8,"win_rate":0,"timestamp":1568126959,"path_taken":["M","?","?","?","?","R","E","R","T","E","R","?","E","?","R","BOSS","M","?","?","$","M","E","R","E","T","M","R","?","R","M","R","BOSS","M","$","?","?","?","R","E","R","T","M","E","?","M"],"build_version":"2019-09-09v2","purchased_purges":2,"victory":false,"max_hp_per_floor":[65,70,70,70,65,65,65,65,65,65,65,65,65,65,65,65,65,65,65,65,65,65,65,65,72,72,72,72,72,72,72,72,72,72,72,72,72,72,86,86,86,86,86,86,86,86,86],"card_choices":[{"not_picked":["Crescendo","Vengeance"],"picked":"InnerPeace","floor":1.0},{"not_picked":["Adaptation","Scrawl"],"picked":"MentalFortress","floor":7.0},{"not_picked":["EmptyFist","MentalFortress"],"picked":"MasterReality","floor":10.0},{"not_picked":["BowlingBash","CleanseEvil"],"picked":"EmptyBody","floor":11.0},{"not_picked":["BowlingBash","FlurryOfBlows"],"picked":"SpiritShield","floor":13.0},{"not_picked":["Judgement","Nirvana"],"picked":"DevaForm","floor":16.0},{"not_picked":["Consecrate","ClearTheMind"],"picked":"EmptyBody+1","floor":18.0},{"not_picked":["Prostrate","BowlingBash","FlyingSleeves"],"picked":"SKIP","floor":22.0},{"not_picked":["FollowUp","JustLucky","Vengeance"],"picked":"SKIP","floor":23.0},{"not_picked":["WaveOfTheHand","EmptyBody"],"picked":"FearNoEvil+1","floor":24.0},{"not_picked":["BowlingBash","Swivel"],"picked":"PathToVictory","floor":25.0},{"not_picked":["FlurryOfBlows","Conclude","EmptyFist"],"picked":"SKIP","floor":27.0},{"not_picked":["BowlingBash","Evaluate"],"picked":"Brilliance","floor":31.0},{"not_picked":["Wallop","Pray"],"picked":"DeusExMachina","floor":33.0},{"not_picked":[],"picked":"Scrawl","floor":35.0},{"not_picked":[],"picked":"Weave+1","floor":39.0},{"not_picked":["ThirdEye"],"picked":"SKIP","floor":41.0},{"not_picked":["Protect"],"picked":"SKIP","floor":44.0},{"not_picked":["Protect"],"picked":"SKIP","floor":45},{"not_picked":[],"picked":"Metamorphosis","floor":46}],"player_experience":40535,"relics_obtained":[{"floor":3.0,"key":"Dream Catcher"},{"floor":7.0,"key":"TungstenRod"},{"floor":9.0,"key":"Juzu Bracelet"},{"floor":10.0,"key":"Shuriken"},{"floor":12.0,"key":"Lizard Tail"},{"floor":13.0,"key":"Happy Flower"},{"floor":20.0,"key":"Enchiridion"},{"floor":23.0,"key":"Pocketwatch"},{"floor":25.0,"key":"Strawberry"},{"floor":26.0,"key":"Pen Nib"},{"floor":39.0,"key":"Mango"},{"floor":41.0,"key":"Letter Opener"},{"floor":45,"key":"Lantern"}],"event_choices":[{"damage_healed":0.0,"max_hp_gain":5.0,"max_hp_loss":0.0,"gold_gain":0.0,"event_name":"Big Fish","player_choice":"Donut","floor":2.0,"gold_loss":0.0,"damage_taken":0.0},{"damage_healed":0.0,"max_hp_gain":0.0,"max_hp_loss":0.0,"gold_gain":75.0,"event_name":"World of Goop","player_choice":"Gather Gold","floor":4.0,"gold_loss":0.0,"damage_taken":11.0},{"damage_healed":0.0,"max_hp_gain":0.0,"max_hp_loss":5.0,"gold_gain":0.0,"event_name":"Golden Idol","player_choice":"Lose Max HP","floor":5.0,"gold_loss":0.0,"damage_taken":0.0,"relics_obtained":["Golden Idol"]},{"damage_healed":0.0,"max_hp_gain":0.0,"max_hp_loss":0.0,"gold_gain":0.0,"event_name":"Scrap Ooze","player_choice":"Success","floor":14.0,"gold_loss":0.0,"damage_taken":18.0,"relics_obtained":["Sundial"]},{"damage_healed":0.0,"max_hp_gain":0.0,"max_hp_loss":0.0,"gold_gain":0.0,"cards_transformed":["Defend_P","Defend_P"],"event_name":"Drug Dealer","player_choice":"Became Test Subject","floor":19.0,"gold_loss":0.0,"damage_taken":0.0,"cards_obtained":["EmptyFist","CleanseEvil"]},{"damage_healed":0.0,"max_hp_gain":0.0,"max_hp_loss":0.0,"gold_gain":0.0,"event_name":"Cursed Tome","player_choice":"Obtained Book","floor":20.0,"gold_loss":0.0,"damage_taken":16.0},{"damage_healed":24.0,"max_hp_gain":0.0,"max_hp_loss":0.0,"gold_gain":0.0,"event_name":"The Library","player_choice":"Heal","floor":29.0,"gold_loss":0.0,"damage_taken":0.0},{"damage_healed":0.0,"max_hp_gain":0.0,"max_hp_loss":0.0,"gold_gain":0.0,"event_name":"Tomb of Lord Red Mask","player_choice":"Paid","floor":37.0,"gold_loss":2.0,"damage_taken":0.0,"relics_obtained":["Red Mask"]},{"damage_healed":0.0,"max_hp_gain":0.0,"max_hp_loss":0.0,"gold_gain":0.0,"event_name":"Match and Keep!","player_choice":"2 cards matched","floor":38.0,"gold_loss":0.0,"damage_taken":0.0,"cards_obtained":["SignatureMove","WindmillStrike"]},{"damage_healed":0.0,"max_hp_gain":0.0,"max_hp_loss":0.0,"gold_gain":0.0,"event_name":"Mysterious Sphere","player_choice":"Fight","floor":39.0,"gold_loss":0.0,"damage_taken":0.0},{"damage_healed":0,"gold_gain":0,"player_choice":"Memory 1","damage_taken":0,"max_hp_gain":0,"max_hp_loss":0,"event_name":"SensoryStone","floor":46,"gold_loss":0}],"is_beta":true,"boss_relics":[{"not_picked":["Black Star","Ectoplasm"],"picked":"Sozu"},{"not_picked":["Astrolabe","Empty Cage"],"picked":"Busted Crown"}],"items_purged_floors":[21,36],"is_endless":false,"potions_floor_spawned":[1,10,13,23,25,31,33,39,44],"killed_by":"Writhing Mass","ascension_level":1}