{"gold_per_floor":[118,118,136,150,150,150,184,196,196,196,214,233,245,210,210,312,312,332,332,332,210,228,239,255,255,255,255,280,280,295,309,309,407,407,419,382,382,382,402,402,427,427,427,427,151,151,151,171,171,171],"floor_reached":51,"playtime":1244,"items_purged":[],"score":922,"play_id":"2ef40a95-bdea-4250-a878-525874373a05","local_time":"20180709200618","is_ascension_mode":false,"campfire_choices":[{"data":"Zap","floor":6,"key":"SMITH"},{"data":"Static Discharge","floor":15,"key":"SMITH"},{"data":"Static Discharge","floor":27,"key":"SMITH"},{"data":"Self Repair","floor":29,"key":"SMITH"},{"data":"Static Discharge","floor":32,"key":"SMITH"},{"data":"Defragment","floor":40,"key":"SMITH"},{"data":"Tempest","floor":44,"key":"SMITH"},{"data":"Defragment","floor":46,"key":"SMITH"},{"floor":49,"key":"REST"}],"neow_cost":"NONE","seed_source_timestamp":114827993761447,"circlet_count":0,"master_deck":["Defend_B+1","Defend_B+1","Defend_B","Defend_B","Zap+1","Dualcast","Biased Cognition","Gash","Gash","Machine Learning","Skim","Static Discharge+1","Hyperbeam","Defragment+1","Seek+1","Self Repair+1","Gash","Static Discharge+1","Tempest+1","Static Discharge+1","Defragment+1","Madness","Madness","Defragment+1","Mayhem"],"relics":["Cracked Core","Toolbox","Meat on the Bone","Astrolabe","Lantern","Kunai","Busted Crown","Mango","Pen Nib","Pear"],"potions_floor_usage":[33,50,50,50],"damage_taken":[{"damage":0,"enemies":"2 Louse","floor":1,"turns":1},{"damage":10,"enemies":"Small Slimes","floor":3,"turns":2},{"damage":1,"enemies":"Jaw Worm","floor":4,"turns":3},{"damage":21,"enemies":"Lagavulin","floor":7,"turns":7},{"damage":6,"enemies":"Exordium Thugs","floor":8,"turns":4},{"damage":10,"enemies":"Lots of Slimes","floor":11,"turns":3},{"damage":16,"enemies":"2 Fungi Beasts","floor":12,"turns":3},{"damage":6,"enemies":"Blue Slaver","floor":13,"turns":3},{"damage":36,"enemies":"Hexaghost","floor":16,"turns":5},{"damage":17,"enemies":"2 Thieves","floor":18,"turns":3},{"damage":32,"enemies":"3 Byrds","floor":22,"turns":4},{"damage":25,"enemies":"Snecko","floor":23,"turns":4},{"damage":9,"enemies":"Snake Plant","floor":24,"turns":3},{"damage":16,"enemies":"Book of Stabbing","floor":28,"turns":2},{"damage":26,"enemies":"Centurion and Healer","floor":30,"turns":3},{"damage":10,"enemies":"Chosen and Byrds","floor":31,"turns":3},{"damage":36,"enemies":"Collector","floor":33,"turns":4},{"damage":18,"enemies":"Flame Bruiser 1 Orb","floor":35,"turns":4},{"damage":21,"floor":38,"turns":4},{"damage":17,"enemies":"3 Shapes","floor":39,"turns":3},{"damage":36,"enemies":"Giant Head","floor":41,"turns":7},{"damage":37,"enemies":"Spire Growth","floor":48,"turns":3},{"damage":64,"enemies":"Donu and Deca","floor":50,"turns":5}],"seed_played":"325107421378718557","potions_obtained":[{"floor":8,"key":"Ancient Potion"},{"floor":11,"key":"Swift Potion"},{"floor":13,"key":"PowerPotion"},{"floor":33,"key":"SkillPotion"}],"is_trial":false,"path_per_floor":["M","?","M","M","?","R","E","M","T","?","M","M","M","?","R","B",null,"M","?","?","$","M","M","M","?","T","R","E","R","M","M","R","B",null,"M","$","?","?","M","R","E","?","T","R","$","R","?","M","R","B"],"character_chosen":"DEFECT","items_purchased":["Self Repair","Gash","Defragment","Defragment","Mayhem"],"campfire_rested":1,"item_purchase_floors":[21,21,36,45,45],"current_hp_per_floor":[75,75,65,64,69,69,48,42,42,26,28,24,30,50,50,30,80,63,63,48,48,35,29,43,43,43,43,46,46,42,54,54,30,85,77,77,66,69,52,52,38,87,97,97,97,97,97,60,89,47],"gold":171,"neow_bonus":"ONE_RANDOM_RARE_CARD","is_prod":false,"is_daily":false,"chose_seed":false,"campfire_upgraded":8,"win_rate":0,"timestamp":1531181178,"path_taken":["M","?","M","M","?","R","E","?","T","?","M","M","M","?","R","BOSS","M","?","?","$","M","M","M","?","T","R","E","R","M","M","R","BOSS","M","$","?","?","?","R","E","?","T","R","$","R","?","M","R","BOSS"],"build_version":"2018-07-05","purchased_purges":0,"victory":true,"max_hp_per_floor":[75,75,75,75,80,80,80,80,80,80,80,80,80,80,80,80,80,80,80,85,85,85,85,85,85,85,85,85,85,85,85,85,85,85,85,85,85,99,99,99,99,87,97,97,97,97,97,97,97,97],"card_choices":[{"not_picked":["Conserve Battery","Self Repair"],"picked":"Gash","floor":1},{"not_picked":["Sweeping Beam","Compile Driver","Rebound"],"picked":"SKIP","floor":3},{"not_picked":["Lockon","Steam"],"picked":"Gash","floor":4},{"not_picked":["Static Discharge","Rebound"],"picked":"Machine Learning","floor":7},{"not_picked":["Consume","Barrage"],"picked":"Skim","floor":8},{"not_picked":["Steam Power","Barrage"],"picked":"Static Discharge","floor":11},{"not_picked":["Hologram","Redo","Reinforced Body"],"picked":"SKIP","floor":12},{"not_picked":["Compile Driver","Force Field","Stack"],"picked":"SKIP","floor":13},{"not_picked":["Seek","Fission"],"picked":"Hyperbeam","floor":16},{"not_picked":["Rebound","Auto Shields","Aggregate"],"picked":"SKIP","floor":18},{"not_picked":["Sweeping Beam","Compile Driver","Chill"],"picked":"SKIP","floor":22},{"not_picked":["Redo","Hologram"],"picked":"Static Discharge","floor":23},{"not_picked":["Double Energy","Hologram","Redo"],"picked":"SKIP","floor":24},{"not_picked":["Leap","Rainbow"],"picked":"Tempest","floor":28},{"not_picked":["Steam","Streamline+1","Go for the Eyes"],"picked":"SKIP","floor":30},{"not_picked":["Conserve Battery","Undo"],"picked":"Static Discharge","floor":31},{"not_picked":["Rebound"],"picked":"SKIP","floor":35},{"not_picked":["Sweeping Beam"],"picked":"SKIP","floor":39},{"not_picked":["Fusion+1"],"picked":"SKIP","floor":41},{"not_picked":["Ball Lightning+1"],"picked":"SKIP","floor":48}],"player_experience":737910,"relics_obtained":[{"floor":7,"key":"Toolbox"},{"floor":9,"key":"Meat on the Bone"},{"floor":26,"key":"Lantern"},{"floor":28,"key":"Kunai"},{"floor":38,"key":"Mango"},{"floor":41,"key":"Pen Nib"},{"floor":43,"key":"Pear"}],"event_choices":[{"event_name":"Liars Game","player_choice":"disagreed","floor":2,"damage_taken":0},{"event_name":"Big Fish","player_choice":"Donut","floor":5,"damage_taken":0},{"event_name":"Shining Light","player_choice":"Entered Light","floor":10,"damage_taken":0},{"event_name":"The Cleric","player_choice":"Healed","floor":14,"damage_taken":0},{"event_name":"Back to Basics","player_choice":"Elegance","floor":19,"damage_taken":0},{"event_name":"Forgotten Altar","player_choice":"Shed Blood","floor":20,"damage_taken":0},{"event_name":"Drug Dealer","player_choice":"Ignored","floor":25,"damage_taken":0},{"event_name":"Winding Halls","player_choice":"Embrace Madness","floor":37,"damage_taken":0},{"event_name":"MindBloom","player_choice":"Fight","floor":38,"damage_taken":0},{"event_name":"The Moai Head","player_choice":"Heal","floor":42,"damage_taken":0},{"event_name":"Falling","player_choice":"Removed Attack","floor":47,"damage_taken":0}],"boss_relics":[{"not_picked":["Ectoplasm","Fusion Hammer"],"picked":"Astrolabe"},{"not_picked":["Velvet Choker","White Beast Statue"],"picked":"Busted Crown"}],"items_purged_floors":[],"is_endless":false,"potions_floor_spawned":[8,11,13,16,22,23,33,35,38,41],"ascension_level":0}