{"gold_per_floor":[110,126,301,301,266,298,187,187,214,228,240,200,233,243,243,340,340,359,274,287,386,403,414,414,434,513,513,532,546,546,261,261,356,356,370,222,233,253,265,265,295,295,295,38,338,362,40,40,40,40],"floor_reached":51,"playtime":1595,"items_purged":["Doubt","Shame","Strike_G"],"score":787,"play_id":"4654edf5-6767-49d4-8bc1-1e870f2c24e6","local_time":"20180707203341","is_ascension_mode":false,"campfire_choices":[{"data":"Noxious Fumes","floor":8,"key":"SMITH"},{"data":"A Thousand Cuts","floor":15,"key":"SMITH"},{"data":"Envenom","floor":24,"key":"SMITH"},{"data":"Bouncing Flask","floor":27,"key":"SMITH"},{"data":"Cloak And Dagger","floor":30,"key":"SMITH"},{"data":"Blade Dance","floor":32,"key":"SMITH"},{"data":"Accuracy","floor":40,"key":"SMITH"},{"data":"After Image","floor":49,"key":"SMITH"}],"neow_cost":"NONE","seed_source_timestamp":585097572052417,"circlet_count":0,"master_deck":["Defend_G+1","Defend_G","Defend_G","Defend_G","Defend_G","Strike_G","Strike_G","Strike_G","Strike_G","Survivor+1","Neutralize","Noxious Fumes+1","Cloak And Dagger","Footwork","Bouncing Flask+1","A Thousand Cuts+1","Deadly Poison","Backstab","Flying Knee","Cloak And Dagger+1","After Image+1","Sucker Punch","Blade Dance+1","Malaise+1","Envenom+1","Crippling Poison","Cloak And Dagger","Endless Agony","Panache","Dagger Spray","Blade Dance+1","Corpse Explosion","Riddle With Holes","Accuracy+1","Endless Agony+1","Leg Sweep","Dramatic Entrance","Accuracy","Bouncing Flask"],"relics":["Ring of the Snake","Dodecahedron","Oddly Smooth Stone","War Paint","Snake Skull","Sozu","Ninja Scroll","Darkstone Periapt","Cursed Key","Vajra","Bottled Flame","Matryoshka","Omamori","Old Coin","Bronze Scales","Strawberry","TwistedFunnel"],"potions_floor_usage":[50],"damage_taken":[{"damage":0,"enemies":"Cultist","floor":1,"turns":3},{"damage":5,"enemies":"Jaw Worm","floor":2,"turns":5},{"damage":6,"enemies":"3 Sentries","floor":6,"turns":8},{"damage":0,"enemies":"Small Slimes","floor":10,"turns":3},{"damage":1,"enemies":"Exordium Wildlife","floor":11,"turns":4},{"damage":7,"enemies":"Lagavulin","floor":13,"turns":8},{"damage":0,"enemies":"3 Louse","floor":14,"turns":3},{"damage":9,"enemies":"Slime Boss","floor":16,"turns":8},{"damage":2,"enemies":"Spheric Guardian","floor":18,"turns":4},{"damage":0,"enemies":"Chosen","floor":20,"turns":4},{"damage":0,"enemies":"Centurion and Healer","floor":22,"turns":5},{"damage":0,"enemies":"3 Cultists","floor":23,"turns":3},{"damage":0,"enemies":"Snake Plant","floor":25,"turns":4},{"damage":0,"enemies":"Snecko","floor":28,"turns":3},{"damage":13,"enemies":"Centurion and Healer","floor":29,"turns":6},{"damage":49,"enemies":"Collector","floor":33,"turns":7},{"damage":0,"enemies":"Orb Walker","floor":35,"turns":2},{"damage":4,"enemies":"Flame Bruiser 1 Orb","floor":37,"turns":5},{"damage":0,"enemies":"3 Darklings","floor":38,"turns":1},{"damage":8,"enemies":"Transient","floor":39,"turns":5},{"damage":27,"enemies":"2 Orb Walkers","floor":41,"turns":3},{"damage":0,"floor":45,"turns":3},{"damage":16,"enemies":"Donu and Deca","floor":50,"turns":5}],"seed_played":"8239656474432311846","potions_obtained":[{"floor":2,"key":"Dexterity Potion"},{"floor":10,"key":"SpeedPotion"},{"floor":11,"key":"FearPotion"}],"is_trial":false,"path_per_floor":["M","M","?","T","?","E","$","R","T","M","M","$","E","M","R","B",null,"M","?","M","?","M","M","R","M","T","R","M","M","R","$","R","B",null,"M","$","M","M","M","R","E","?","T","$","?","T","$","?","R","B"],"character_chosen":"THE_SILENT","items_purchased":["Bouncing Flask","Backstab","Panache","Dagger Spray","Blade Dance","Vajra","Omamori","TwistedFunnel"],"campfire_rested":0,"item_purchase_floors":[7,12,31,31,31,36,44,47],"current_hp_per_floor":[77,72,72,72,77,71,71,71,71,71,70,70,63,63,63,54,77,75,75,75,75,75,75,75,75,75,75,75,62,62,62,62,13,77,77,77,73,73,65,65,38,38,44,44,44,51,51,51,51,35],"gold":40,"neow_bonus":"TEN_PERCENT_HP_BONUS","is_prod":false,"is_daily":false,"chose_seed":false,"campfire_upgraded":8,"win_rate":0,"timestamp":1531010021,"path_taken":["M","?","?","?","?","E","$","R","T","?","M","$","E","M","R","BOSS","M","?","M","?","?","M","R","M","T","R","M","M","R","$","R","BOSS","M","$","M","M","M","R","E","?","T","$","?","?","$","?","R","BOSS"],"build_version":"2018-07-05","purchased_purges":3,"victory":true,"max_hp_per_floor":[77,77,77,77,77,77,77,77,77,77,77,77,77,77,77,77,77,77,77,77,77,77,77,77,77,77,77,77,77,77,77,77,77,77,77,77,77,77,77,77,77,77,83,83,83,90,90,90,90,90],"card_choices":[{"not_picked":["Cloak And Dagger","Deflect"],"picked":"Noxious Fumes","floor":1},{"not_picked":["Accuracy","Dodge and Roll"],"picked":"Cloak And Dagger","floor":2},{"not_picked":["Backstab","Flechettes"],"picked":"Footwork","floor":6},{"not_picked":["Backflip","Quick Slash"],"picked":"A Thousand Cuts","floor":10},{"not_picked":["Skewer","Leg Sweep"],"picked":"Deadly Poison","floor":11},{"not_picked":["Masterful Stab","Dodge and Roll"],"picked":"Flying Knee","floor":13},{"not_picked":["Concentrate","Leg Sweep"],"picked":"Cloak And Dagger","floor":14},{"not_picked":["Wraith Form v2","Storm of Steel"],"picked":"After Image","floor":16},{"not_picked":["Prepared+1","Cloak And Dagger"],"picked":"Sucker Punch","floor":18},{"not_picked":["Acrobatics","Prepared"],"picked":"Blade Dance+1","floor":20},{"not_picked":["Cloak And Dagger","Flying Knee"],"picked":"Malaise+1","floor":22},{"not_picked":["Deadly Poison","Prepared"],"picked":"Envenom","floor":23},{"not_picked":["Prepared+1","Cloak And Dagger"],"picked":"Crippling Poison","floor":25},{"not_picked":["Deflect","Noxious Fumes"],"picked":"Cloak And Dagger","floor":28},{"not_picked":["Deflect","Underhanded Strike"],"picked":"Endless Agony","floor":29},{"not_picked":["Bullet Time","Doppelganger"],"picked":"Corpse Explosion","floor":33},{"not_picked":["Cloak And Dagger+1","Dash+1"],"picked":"Riddle With Holes","floor":35},{"not_picked":["Caltrops+1","Dagger Spray"],"picked":"Accuracy","floor":37},{"not_picked":["Underhanded Strike","Noxious Fumes","Flying Knee"],"picked":"SKIP","floor":38},{"not_picked":["Sucker Punch+1","Underhanded Strike"],"picked":"Endless Agony+1","floor":39},{"not_picked":["Prepared+1","Acrobatics+1","Leg Sweep"],"picked":"SKIP","floor":41},{"not_picked":["Prepared+1","Acrobatics+1"],"picked":"Leg Sweep","floor":41},{"not_picked":["Trip","HandOfGreed"],"picked":"Dramatic Entrance","floor":42},{"not_picked":["PiercingWail","All Out Attack+1"],"picked":"Accuracy","floor":45}],"player_experience":724165,"relics_obtained":[{"floor":4,"key":"Dodecahedron"},{"floor":6,"key":"Oddly Smooth Stone"},{"floor":9,"key":"War Paint"},{"floor":13,"key":"Snake Skull"},{"floor":26,"key":"Darkstone Periapt"},{"floor":41,"key":"Bottled Flame"},{"floor":43,"key":"Matryoshka"},{"floor":45,"key":"Old Coin"},{"floor":46,"key":"Bronze Scales"},{"floor":46,"key":"Strawberry"}],"event_choices":[{"event_name":"Liars Game","player_choice":"agreed","floor":3,"damage_taken":0},{"event_name":"The Cleric","player_choice":"Healed","floor":5,"damage_taken":0},{"event_name":"Addict","player_choice":"Obtained Relic","floor":19,"damage_taken":0},{"event_name":"Nest","player_choice":"Stole From Cult","floor":21,"damage_taken":0},{"event_name":"SensoryStone","player_choice":"Memory 1","floor":42,"damage_taken":0},{"event_name":"MindBloom","player_choice":"Fight","floor":45,"damage_taken":0},{"event_name":"Match and Keep!","player_choice":"1 cards matched","floor":48,"damage_taken":0}],"boss_relics":[{"not_picked":["Runic Dome","Fusion Hammer"],"picked":"Sozu"},{"not_picked":["Runic Pyramid","Eternal Feather"],"picked":"Cursed Key"}],"items_purged_floors":[7,44,47],"is_endless":false,"potions_floor_spawned":[2,10,11,14,20,22,25,28,29,37,39,45],"ascension_level":0}