{"gold_per_floor":[367,384,459,23,23,55,55,55,55,83,35,53,53,68,68,147,147,159,434,36,47,63,63,121,121,174,174,174,203,227,250,262,350,362,394,424,436,22,41,41,70,18,73,73],"floor_reached":44,"playtime":3333,"items_purged":["Strike_R","Regret","Pain"],"score":975,"play_id":"0ace6203-5db6-4a85-9c61-0fc1457f5526","local_time":"20190904070216","is_ascension_mode":true,"campfire_choices":[{"data":"Iron Wave","floor":7,"key":"SMITH"},{"data":"True Grit","floor":13,"key":"SMITH"},{"data":"Battle Trance","floor":15,"key":"SMITH"},{"data":"Demon Form","floor":23,"key":"SMITH"},{"data":"Disarm","floor":28,"key":"SMITH"},{"data":"Flame Barrier","floor":32,"key":"SMITH"},{"data":"Feel No Pain","floor":40,"key":"SMITH"}],"neow_cost":"TEN_PERCENT_HP_LOSS","seed_source_timestamp":1206929228678996,"circlet_count":0,"master_deck":["AscendersBane","Strike_R+1","Strike_R+1","Strike_R+1","Strike_R+1","Defend_R+1","Defend_R+1","Defend_R+1","Defend_R+1","Bash","Pommel Strike","Pommel Strike","Battle Trance+1","Sword Boomerang","Shockwave","Iron Wave+1","Disarm+1","True Grit+1","Iron Wave","Shrug It Off","Demon Form+1","Anger","Madness","Clothesline+1","Headbutt+1","Feel No Pain+1","Disarm","Flame Barrier+1","Heavy Blade","Fiend Fire","Pummel","Second Wind+1","Shrug It Off+1","Cleave"],"relics":["Burning Blood","Lantern","Red Skull","FossilizedHelix","Oddly Smooth Stone","Black Star","Sling","Letter Opener","Tiny Chest","Blood Vial","Sundial","MawBank","Coffee Dripper","WarpedTongs","Bag of Marbles","Vajra","Regal Pillow","Blue Candle","Anchor"],"potions_floor_usage":[16,24,24,30,33,33],"damage_taken":[{"damage":3,"enemies":"2 Louse","floor":1,"turns":4},{"damage":6,"enemies":"Jaw Worm","floor":2,"turns":4},{"damage":22,"enemies":"3 Sentries","floor":6,"turns":10},{"damage":0,"enemies":"Gremlin Nob","floor":10,"turns":3},{"damage":0,"enemies":"Small Slimes","floor":12,"turns":2},{"damage":0,"enemies":"Gremlin Gang","floor":14,"turns":6},{"damage":12,"enemies":"Slime Boss","floor":16,"turns":12},{"damage":2,"enemies":"3 Byrds","floor":18,"turns":9},{"damage":0,"enemies":"Shell Parasite","floor":21,"turns":5},{"damage":21,"enemies":"Snecko","floor":22,"turns":6},{"damage":30,"enemies":"Book of Stabbing","floor":24,"turns":7},{"damage":21,"enemies":"Gremlin Leader","floor":29,"turns":6},{"damage":10,"enemies":"Shelled Parasite and Fungi","floor":30,"turns":4},{"damage":1,"enemies":"3 Cultists","floor":31,"turns":6},{"damage":0,"enemies":"Champ","floor":33,"turns":10},{"damage":0,"enemies":"Orb Walker","floor":35,"turns":4},{"damage":29,"enemies":"3 Darklings","floor":36,"turns":9},{"damage":6,"enemies":"Jaw Worm Horde","floor":39,"turns":6},{"damage":12,"enemies":"Reptomancer","floor":41,"turns":6},{"damage":46,"enemies":"2 Orb Walkers","floor":44,"turns":4}],"seed_played":"-7002583480631622688","potions_obtained":[{"floor":6,"key":"SteroidPotion"},{"floor":10,"key":"Regen Potion"},{"floor":22,"key":"Explosive Potion"},{"floor":24,"key":"Fire Potion"},{"floor":27,"key":"Weak Potion"},{"floor":27,"key":"SteroidPotion"},{"floor":30,"key":"Dexterity Potion"},{"floor":41,"key":"Energy Potion"}],"is_trial":false,"path_per_floor":["M","M","?","$","?","E","R","?","T","E","$","M","R","M","R","B",null,"M","?","$","M","M","R","E","?","T","?","R","E","M","M","R","B",null,"M","M","?","$","M","R","E","$","T","?"],"character_chosen":"IRONCLAD","items_purchased":["Lantern","Battle Trance","Sword Boomerang","Shockwave","True Grit","Sling","Madness","Bag of Marbles","Vajra","Cleave"],"campfire_rested":0,"item_purchase_floors":[4,4,4,4,11,20,20,38,38,42],"current_hp_per_floor":[68,68,57,57,43,27,27,27,27,33,33,39,39,45,45,39,61,65,65,65,68,53,53,44,44,44,44,44,31,29,36,36,44,62,68,45,45,45,47,47,43,43,43,0],"gold":73,"neow_bonus":"TWO_FIFTY_GOLD","is_prod":false,"is_daily":false,"chose_seed":false,"campfire_upgraded":7,"win_rate":0,"timestamp":1567594936,"path_taken":["M","M","?","$","?","E","R","?","T","E","$","M","R","M","R","BOSS","M","?","$","?","M","R","E","?","T","?","R","E","M","?","R","BOSS","M","M","?","$","M","R","E","?","T","?"],"build_version":"2019-07-17","purchased_purges":3,"victory":false,"max_hp_per_floor":[68,68,68,68,68,68,68,68,68,68,68,68,68,68,68,68,68,68,68,68,68,68,68,68,68,68,68,68,68,68,68,68,68,68,68,68,68,68,68,68,68,68,68,68],"card_choices":[{"not_picked":["Thunderclap","Feel No Pain"],"picked":"Pommel Strike","floor":1},{"not_picked":["Infernal Blade","Clash"],"picked":"Pommel Strike","floor":2},{"not_picked":["Flex","Twin Strike"],"picked":"Iron Wave","floor":6},{"not_picked":["Body Slam","Entrench"],"picked":"Disarm","floor":10},{"not_picked":["Rage","Wild Strike"],"picked":"Iron Wave","floor":12},{"not_picked":["Headbutt","Power Through"],"picked":"Shrug It Off","floor":14},{"not_picked":["Reaper","Juggernaut"],"picked":"Demon Form","floor":16},{"not_picked":["Warcry","Fire Breathing"],"picked":"Anger","floor":18},{"not_picked":["Pummel","Uppercut"],"picked":"Clothesline+1","floor":21},{"not_picked":["Clash","Rampage"],"picked":"Headbutt+1","floor":22},{"not_picked":["Havoc","Anger"],"picked":"Feel No Pain","floor":24},{"not_picked":["Evolve","Uppercut"],"picked":"Disarm","floor":29},{"not_picked":["Anger","Cleave"],"picked":"Flame Barrier","floor":30},{"not_picked":["Corruption","Blood for Blood"],"picked":"Heavy Blade","floor":31},{"not_picked":["Dark Embrace","Demon Form"],"picked":"Fiend Fire","floor":33},{"not_picked":["Combust+1","Iron Wave"],"picked":"Pummel","floor":35},{"not_picked":["Wild Strike+1","Feel No Pain"],"picked":"Second Wind+1","floor":36},{"not_picked":["Shockwave","Disarm","Clash"],"picked":"SKIP","floor":39},{"not_picked":["Clothesline+1","Perfected Strike+1"],"picked":"Shrug It Off+1","floor":41}],"player_experience":548367,"relics_obtained":[{"floor":6,"key":"Red Skull"},{"floor":9,"key":"FossilizedHelix"},{"floor":10,"key":"Oddly Smooth Stone"},{"floor":24,"key":"Letter Opener"},{"floor":24,"key":"Tiny Chest"},{"floor":26,"key":"Blood Vial"},{"floor":29,"key":"Sundial"},{"floor":29,"key":"MawBank"},{"floor":41,"key":"Regal Pillow"},{"floor":41,"key":"Blue Candle"},{"floor":43,"key":"Anchor"}],"event_choices":[{"damage_healed":0,"gold_gain":75,"player_choice":"Gather Gold","damage_taken":11,"max_hp_gain":0,"max_hp_loss":0,"event_name":"World of Goop","floor":3,"gold_loss":0},{"damage_healed":0,"gold_gain":0,"player_choice":"Entered Light","damage_taken":14,"max_hp_gain":0,"max_hp_loss":0,"event_name":"Shining Light","floor":5,"gold_loss":0,"cards_upgraded":["Defend_R","Strike_R"]},{"damage_healed":0,"gold_gain":0,"player_choice":"Ignored","damage_taken":0,"max_hp_gain":0,"max_hp_loss":0,"event_name":"Golden Wing","floor":8,"gold_loss":0},{"damage_healed":0,"gold_gain":275,"player_choice":"Desecrate","damage_taken":0,"max_hp_gain":0,"max_hp_loss":0,"event_name":"Golden Shrine","floor":19,"gold_loss":0,"cards_obtained":["Regret"]},{"damage_healed":0,"gold_gain":0,"player_choice":"Simplicity","damage_taken":0,"max_hp_gain":0,"max_hp_loss":0,"event_name":"Back to Basics","floor":25,"gold_loss":0,"cards_upgraded":["Strike_R","Strike_R","Strike_R","Defend_R","Defend_R","Defend_R"]},{"damage_healed":0,"gold_gain":0,"player_choice":"Got Potions","damage_taken":0,"max_hp_gain":0,"max_hp_loss":0,"event_name":"Lab","floor":27,"gold_loss":0},{"damage_healed":0,"gold_gain":0,"player_choice":"Rummage","damage_taken":0,"relics_obtained":["WarpedTongs"],"max_hp_gain":0,"max_hp_loss":0,"event_name":"Accursed Blacksmith","floor":37,"gold_loss":0,"cards_obtained":["Pain"]},{"damage_healed":0,"gold_gain":0,"player_choice":"Fight","damage_taken":0,"max_hp_gain":0,"max_hp_loss":0,"event_name":"Mysterious Sphere","floor":44,"gold_loss":0}],"is_beta":false,"boss_relics":[{"not_picked":["Tiny House","Runic Cube"],"picked":"Black Star"},{"not_picked":["Sozu","Velvet Choker"],"picked":"Coffee Dripper"}],"items_purged_floors":[4,20,38],"is_endless":false,"potions_floor_spawned":[6,10,12,22,24,30,31,41],"killed_by":"2 Orb Walkers","ascension_level":14}