{"gold_per_floor":[113,113,113,130,180,206,206,231,231,231,247,6,6,24,24,102,102,121,131,131,131,146,146,181,181,181,181,181],"floor_reached":28,"playtime":739,"items_purged":[],"score":525,"play_id":"93aa6c13-41c0-4bd6-b742-2160c309b181","local_time":"20190917221811","is_ascension_mode":true,"campfire_choices":[{"floor":7.0,"key":"REST"},{"data":"Cloak And Dagger","floor":10.0,"key":"SMITH"},{"data":"Envenom","floor":15.0,"key":"SMITH"},{"floor":23.0,"key":"REST"},{"floor":27,"key":"REST"}],"neow_cost":"NONE","seed_source_timestamp":289723032564700,"circlet_count":0,"master_deck":["AscendersBane","Strike_G+1","Strike_G+1","Strike_G+1","Strike_G+1","Strike_G+1","Defend_G+1","Defend_G+1","Defend_G+1","Defend_G+1","Defend_G+1","Survivor+1","Neutralize+1","Blade Dance","Choke","Backflip","Cloak And Dagger+1","Leg Sweep","Noxious Fumes","Escape Plan","Envenom+1","Infinite Blades+1","Caltrops","Cloak And Dagger","Adrenaline","Dagger Spray","Blur","Dodge and Roll","Backflip","Adrenaline"],"special_seed":0,"relics":["Ring of the Snake","NeowsBlessing","Letter Opener","Whetstone","Shuriken","Orrery","SacredBark","Du-Vu Doll","Blood Vial"],"potions_floor_usage":[24],"damage_taken":[{"damage":0.0,"enemies":"Cultist","floor":1.0,"turns":1.0},{"damage":0.0,"enemies":"2 Louse","floor":4.0,"turns":1.0},{"damage":0.0,"enemies":"Gremlin Nob","floor":6.0,"turns":1.0},{"damage":15.0,"enemies":"3 Sentries","floor":8.0,"turns":9.0},{"damage":0.0,"enemies":"Small Slimes","floor":11.0,"turns":2.0},{"damage":12.0,"enemies":"Gremlin Gang","floor":14.0,"turns":4.0},{"damage":22.0,"enemies":"The Guardian","floor":16.0,"turns":9.0},{"damage":4.0,"enemies":"Chosen","floor":18.0,"turns":5.0},{"damage":16.0,"enemies":"Spheric Guardian","floor":19.0,"turns":7.0},{"damage":18.0,"enemies":"3 Cultists","floor":22.0,"turns":6.0},{"damage":32,"enemies":"Slavers","floor":24,"turns":6},{"damage":38,"enemies":"Cultist and Chosen","floor":28,"turns":4}],"seed_played":"1320618562276686935","potions_obtained":[{"floor":6.0,"key":"DuplicationPotion"},{"floor":11.0,"key":"Fire Potion"},{"floor":14.0,"key":"Dexterity Potion"},{"floor":18.0,"key":"EssenceOfSteel"},{"floor":22.0,"key":"SpeedPotion"}],"is_trial":false,"path_per_floor":["M","?","?","M","?","E","R","E","T","R","M","$","$","M","R","B",null,"M","M","?","?","M","R","E","?","T","R","M"],"character_chosen":"THE_SILENT","items_purchased":["Noxious Fumes","Orrery"],"campfire_rested":3,"item_purchase_floors":[12,12],"current_hp_per_floor":[59,39,39,39,39,39,58,43,43,43,43,43,43,31,31,9,52,48,32,32,32,14,33,1,1,1,20,0],"gold":181,"neow_bonus":"THREE_ENEMY_KILL","is_prod":false,"is_daily":false,"chose_seed":false,"campfire_upgraded":2,"win_rate":0,"timestamp":1568776691,"path_taken":["M","?","?","?","?","E","R","E","T","R","?","?","$","M","R","BOSS","M","M","?","?","?","R","E","?","T","R","M"],"build_version":"2019-09-17","purchased_purges":0,"victory":false,"max_hp_per_floor":[66,66,66,66,66,66,66,66,66,66,66,66,66,66,66,66,66,66,66,66,66,66,66,66,66,66,66,66],"card_choices":[{"not_picked":["Acrobatics","Poisoned Stab"],"picked":"Blade Dance","floor":1.0},{"not_picked":["Quick Slash","Slice"],"picked":"Choke","floor":4.0},{"not_picked":["Reflex","Prepared"],"picked":"Backflip","floor":6.0},{"not_picked":["Flying Knee","PiercingWail"],"picked":"Cloak And Dagger","floor":8.0},{"not_picked":["Calculated Gamble","Sucker Punch"],"picked":"Leg Sweep","floor":11.0},{"not_picked":["Deadly Poison","Backflip"],"picked":"Escape Plan","floor":12.0},{"not_picked":["Masterful Stab","Deflect"],"picked":"Envenom","floor":12.0},{"not_picked":["Well Laid Plans","Backstab"],"picked":"Infinite Blades","floor":12.0},{"not_picked":["Prepared","Bane"],"picked":"Caltrops","floor":12.0},{"not_picked":["Leg Sweep","Outmaneuver"],"picked":"Cloak And Dagger","floor":14.0},{"not_picked":["Unload","Die Die Die"],"picked":"Adrenaline","floor":16.0},{"not_picked":["Calculated Gamble","Bouncing Flask"],"picked":"Dagger Spray","floor":18.0},{"not_picked":["Caltrops","Choke"],"picked":"Blur","floor":19.0},{"not_picked":["Prepared","Deadly Poison"],"picked":"Dodge and Roll","floor":22.0},{"not_picked":["PiercingWail","Noxious Fumes"],"picked":"Backflip","floor":24}],"player_experience":1377483,"relics_obtained":[{"floor":6.0,"key":"Letter Opener"},{"floor":8.0,"key":"Whetstone"},{"floor":9.0,"key":"Shuriken"},{"floor":24,"key":"Du-Vu Doll"},{"floor":26,"key":"Blood Vial"}],"event_choices":[{"damage_healed":0.0,"max_hp_gain":0.0,"max_hp_loss":0.0,"gold_gain":0.0,"event_name":"Shining Light","player_choice":"Entered Light","floor":2.0,"gold_loss":0.0,"damage_taken":20.0,"cards_upgraded":["Survivor","Strike_G"]},{"damage_healed":0.0,"max_hp_gain":0.0,"max_hp_loss":0.0,"gold_gain":0.0,"event_name":"Upgrade Shrine","player_choice":"Upgraded","floor":3.0,"gold_loss":0.0,"damage_taken":0.0,"cards_upgraded":["Neutralize"]},{"damage_healed":0.0,"max_hp_gain":0.0,"max_hp_loss":0.0,"gold_gain":50.0,"event_name":"Golden Shrine","player_choice":"Pray","floor":5.0,"gold_loss":0.0,"damage_taken":0.0},{"damage_healed":0.0,"max_hp_gain":0.0,"max_hp_loss":0.0,"gold_gain":0.0,"event_name":"Back to Basics","player_choice":"Simplicity","floor":20.0,"gold_loss":0.0,"damage_taken":0.0,"cards_upgraded":["Strike_G","Strike_G","Defend_G","Defend_G","Defend_G","Defend_G","Defend_G"]},{"damage_healed":0.0,"max_hp_gain":0.0,"max_hp_loss":0.0,"gold_gain":0.0,"event_name":"Upgrade Shrine","player_choice":"Upgraded","floor":21.0,"gold_loss":0.0,"damage_taken":0.0,"cards_upgraded":["Infinite Blades"]},{"damage_healed":0,"gold_gain":0,"player_choice":"Copied","damage_taken":0,"max_hp_gain":0,"max_hp_loss":0,"event_name":"Duplicator","floor":25,"gold_loss":0,"cards_obtained":["Adrenaline"]}],"is_beta":true,"boss_relics":[{"not_picked":["Fusion Hammer","Tiny House"],"picked":"SacredBark"}],"items_purged_floors":[],"is_endless":false,"potions_floor_spawned":[6,11,14,18,22],"killed_by":"Cultist and Chosen","ascension_level":19}