{"gold_per_floor":[112,131,56,56,56,67,77,90,90,100,100,115,135,135,135,238,238,255,255,274,288,288,288,300,300,300,300,312,312,330,342,342,440,440,456,57,57,75,91,91,106,122,122,122,122,122,136,153,153,153],"floor_reached":50,"playtime":1290,"items_purged":["Strike_B","Strike_B"],"score":444,"play_id":"59667011-bfb2-4d17-bf45-4a51bf666762","local_time":"20181214012620","is_ascension_mode":false,"campfire_choices":[{"data":"Thunder Strike","floor":11,"key":"SMITH"},{"data":"Redo","floor":15,"key":"SMITH"},{"data":"Tempest","floor":23,"key":"SMITH"},{"data":"Redo","floor":25,"key":"SMITH"},{"data":"Biased Cognition","floor":29,"key":"SMITH"},{"data":"Dualcast","floor":32,"key":"SMITH"},{"floor":40,"key":"RECALL"},{"data":"Thunder Strike","floor":46,"key":"SMITH"},{"data":"FTL","floor":49,"key":"SMITH"}],"neow_cost":"NONE","seed_source_timestamp":1430302961390955,"circlet_count":0,"master_deck":["Defend_B","Defend_B","Defend_B","Defend_B","Zap+1","Dualcast+1","Thunder Strike+1","Sweeping Beam","Leap","FTL+1","Ball Lightning","All For One","Biased Cognition+1","Ball Lightning","Tempest+1","Ball Lightning+1","Redo+1","Thunder Strike+1","Self Repair","Reboot"],"relics":["Cracked Core","Dodecahedron","Ornamental Fan","Bottled Lightning","Nloth\u0027s Gift","Gremlin Horn","Coffee Dripper","Symbiotic Virus","Meat on the Bone"],"potions_floor_usage":[33,33,42,50,50,50],"damage_taken":[{"damage":6,"enemies":"2 Louse","floor":1,"turns":2},{"damage":5,"enemies":"Cultist","floor":2,"turns":4},{"damage":2,"enemies":"Small Slimes","floor":6,"turns":2},{"damage":0,"enemies":"Red Slaver","floor":7,"turns":3},{"damage":3,"enemies":"3 Louse","floor":8,"turns":3},{"damage":8,"enemies":"Exordium Thugs","floor":10,"turns":4},{"damage":0,"enemies":"2 Fungi Beasts","floor":12,"turns":2},{"damage":1,"enemies":"Lots of Slimes","floor":13,"turns":2},{"damage":28,"enemies":"Hexaghost","floor":16,"turns":9},{"damage":0,"enemies":"Chosen","floor":18,"turns":3},{"damage":0,"enemies":"Spheric Guardian","floor":20,"turns":2},{"damage":6,"enemies":"Cultist and Chosen","floor":21,"turns":3},{"damage":7,"enemies":"Snake Plant","floor":24,"turns":3},{"damage":8,"enemies":"Snecko","floor":28,"turns":3},{"damage":1,"enemies":"Cultist and Chosen","floor":30,"turns":4},{"damage":9,"enemies":"Centurion and Healer","floor":31,"turns":3},{"damage":39,"enemies":"Champ","floor":33,"turns":9},{"damage":0,"enemies":"Orb Walker","floor":35,"turns":2},{"damage":0,"enemies":"3 Shapes","floor":38,"turns":2},{"damage":26,"enemies":"3 Darklings","floor":39,"turns":3},{"damage":13,"enemies":"Spire Growth","floor":41,"turns":3},{"damage":7,"enemies":"Transient","floor":42,"turns":5},{"damage":4,"enemies":"Jaw Worm Horde","floor":47,"turns":3},{"damage":27,"enemies":"Writhing Mass","floor":48,"turns":3},{"damage":51,"enemies":"Time Eater","floor":50,"turns":4}],"seed_played":"-6112662402517323093","potions_obtained":[{"floor":2,"key":"FearPotion"},{"floor":8,"key":"FearPotion"},{"floor":10,"key":"Block Potion"},{"floor":12,"key":"PowerPotion"},{"floor":20,"key":"EssenceOfSteel"},{"floor":28,"key":"Fire Potion"},{"floor":35,"key":"PowerPotion"},{"floor":39,"key":"PowerPotion"},{"floor":47,"key":"Dexterity Potion"}],"is_trial":false,"path_per_floor":["M","M","$","?","?","M","M","M","T","M","R","M","M","T","R","B",null,"M","?","M","M","?","R","M","R","T","?","M","R","M","M","R","B",null,"M","$","?","M","M","R","M","M","T","$","?","R","M","M","R","B"],"character_chosen":"DEFECT","items_purchased":["Self Repair","Symbiotic Virus"],"campfire_rested":0,"item_purchase_floors":[36,36],"current_hp_per_floor":[69,64,64,64,64,62,62,59,59,51,51,51,50,50,50,22,75,75,75,75,69,55,55,48,48,48,74,66,66,65,56,56,17,80,80,80,80,80,61,61,55,55,55,55,55,55,58,50,50,0],"gold":153,"neow_bonus":"ONE_RANDOM_RARE_CARD","is_prod":false,"is_daily":false,"chose_seed":false,"campfire_upgraded":8,"win_rate":0,"timestamp":1544768780,"path_taken":["M","M","$","?","?","M","M","?","T","M","R","M","M","?","R","BOSS","M","?","M","?","?","R","M","R","T","?","M","R","M","M","R","BOSS","M","$","?","M","M","R","M","M","T","$","?","R","?","M","R","BOSS"],"build_version":"2018-12-13","purchased_purges":2,"victory":false,"max_hp_per_floor":[75,75,75,75,75,75,75,75,75,75,75,75,75,75,75,75,75,75,75,75,75,80,80,80,80,80,80,80,80,80,80,80,80,80,80,80,80,80,80,80,80,80,80,80,80,80,80,80,80,80],"card_choices":[{"not_picked":["Coolheaded","Turbo"],"picked":"Barrage","floor":1},{"not_picked":["Undo","Go for the Eyes"],"picked":"Sweeping Beam","floor":2},{"not_picked":["Sweeping Beam","Leap","Cold Snap"],"picked":"SKIP","floor":6},{"not_picked":["Sweeping Beam","Cold Snap"],"picked":"Leap","floor":6},{"not_picked":["Streamline","Heatsinks"],"picked":"FTL","floor":7},{"not_picked":["Undo","Capacitor"],"picked":"Redo","floor":8},{"not_picked":["Steam","Barrage"],"picked":"Ball Lightning","floor":10},{"not_picked":["Hello World","Coolheaded","Auto Shields"],"picked":"SKIP","floor":12},{"not_picked":["Gash","Fusion"],"picked":"All For One","floor":13},{"not_picked":["Meteor Strike","Amplify"],"picked":"Biased Cognition","floor":16},{"not_picked":["Leap","Glacier"],"picked":"Ball Lightning","floor":18},{"not_picked":["Heatsinks","Conserve Battery"],"picked":"Tempest","floor":20},{"not_picked":["Coolheaded","Stack"],"picked":"Ball Lightning+1","floor":21},{"not_picked":["Machine Learning","Hologram"],"picked":"Redo","floor":24},{"not_picked":["Biased Cognition","Reboot","Stack+1"],"picked":"SKIP","floor":28},{"not_picked":["FTL","Hologram","Go for the Eyes"],"picked":"SKIP","floor":30},{"not_picked":["Sweeping Beam","Cold Snap+1","Genetic Algorithm+1"],"picked":"SKIP","floor":31},{"not_picked":["Rainbow","Core Surge"],"picked":"Thunder Strike","floor":33},{"not_picked":["Reinforced Body","Recycle+1","Hello World+1"],"picked":"SKIP","floor":35},{"not_picked":["Gash+1","Beam Cell+1","Scrape+1"],"picked":"SKIP","floor":38},{"not_picked":["Turbo+1","Meteor Strike"],"picked":"Reboot","floor":39},{"not_picked":["Hologram+1","Multi-Cast","Gash+1"],"picked":"SKIP","floor":41},{"not_picked":["Coolheaded","Rebound+1","Sweeping Beam"],"picked":"SKIP","floor":42},{"not_picked":["Go for the Eyes+1","Compile Driver","Rip and Tear+1"],"picked":"SKIP","floor":47},{"not_picked":["Double Energy","Redo","Electrodynamics"],"picked":"SKIP","floor":48}],"player_experience":972346,"relics_obtained":[{"floor":9,"key":"Ornamental Fan"},{"floor":14,"key":"Bottled Lightning"},{"floor":26,"key":"Gremlin Horn"},{"floor":43,"key":"Meat on the Bone"}],"event_choices":[{"damage_healed":0,"gold_gain":0,"player_choice":"Grow","damage_taken":0,"max_hp_gain":0,"max_hp_loss":0,"event_name":"Living Wall","floor":4,"gold_loss":0,"cards_upgraded":["Zap"]},{"cards_removed":["Barrage"],"damage_healed":0,"gold_gain":0,"player_choice":"Gave Card","damage_taken":0,"relics_obtained":["Dodecahedron"],"max_hp_gain":0,"max_hp_loss":0,"event_name":"WeMeetAgain","floor":5,"gold_loss":0},{"damage_healed":0,"gold_gain":0,"player_choice":"Traded Relic","damage_taken":0,"relics_obtained":["Nloth\u0027s Gift"],"max_hp_gain":0,"max_hp_loss":0,"event_name":"N\u0027loth","floor":19,"relics_lost":["Empty Cage"],"gold_loss":0},{"damage_healed":0,"gold_gain":0,"player_choice":"Shed Blood","damage_taken":19,"max_hp_gain":5,"max_hp_loss":0,"event_name":"Forgotten Altar","floor":22,"gold_loss":0},{"damage_healed":26,"gold_gain":0,"player_choice":"Heal","damage_taken":0,"max_hp_gain":0,"max_hp_loss":0,"event_name":"The Library","floor":27,"gold_loss":0},{"cards_removed":["Redo"],"damage_healed":0,"gold_gain":0,"player_choice":"Removed Skill","damage_taken":0,"max_hp_gain":0,"max_hp_loss":0,"event_name":"Falling","floor":37,"gold_loss":0},{"damage_healed":0,"gold_gain":0,"player_choice":"Bought 0 Potions","damage_taken":0,"max_hp_gain":0,"max_hp_loss":0,"event_name":"The Woman in Blue","floor":45,"gold_loss":0}],"is_beta":true,"boss_relics":[{"not_picked":["Velvet Choker","Philosopher\u0027s Stone"],"picked":"Empty Cage"},{"not_picked":["Cursed Key","White Beast Statue"],"picked":"Coffee Dripper"}],"items_purged_floors":[3,36],"is_endless":false,"potions_floor_spawned":[2,8,10,12,13,20,28,30,35,39,47],"killed_by":"Time Eater","ascension_level":0}