{"gold_per_floor":[110,121,121,121,167,167,181,181,252,290,290,305,86,125,125,245,245,260,310,331,33,33,33,68,68,68,104,104,118,131,149,149,274,274,289,289,305,305,323,323,356,356,356,356,396,417,12,37,37,37,37,37,1,32,32],"floor_reached":55,"playtime":5310,"items_purged":["Strike_R","Strike_R","Strike_R"],"score":1121,"play_id":"54bb5b39-854a-4226-93ec-c5ad011f8d7f","local_time":"20190205190001","is_ascension_mode":true,"campfire_choices":[{"data":"Armaments","floor":6.0,"key":"SMITH"},{"data":"Body Slam","floor":8.0,"key":"SMITH"},{"data":"Whirlwind","floor":11.0,"key":"SMITH"},{"data":"True Grit","floor":15.0,"key":"SMITH"},{"data":"Metallicize","floor":23.0,"key":"SMITH"},{"data":"Bludgeon","floor":25.0,"key":"SMITH"},{"floor":28.0,"key":"REST"},{"data":"Corruption","floor":32.0,"key":"SMITH"},{"floor":40.0,"key":"REST"},{"data":"Armaments","floor":42.0,"key":"SMITH"},{"data":"Panacea","floor":44.0,"key":"SMITH"},{"floor":49.0,"key":"RECALL"},{"data":"Inflame","floor":52.0,"key":"SMITH"}],"neow_cost":"NONE","seed_source_timestamp":336053664023733,"circlet_count":0,"master_deck":["AscendersBane","Strike_R","Defend_R","Defend_R","Defend_R","Defend_R","Bash","Panacea+1","Armaments+1","Body Slam+1","Whirlwind+1","Clothesline","Havoc","Metallicize+1","True Grit+1","Shockwave","Bludgeon+1","Flex+1","Corruption+1","Thunderclap","Metallicize","Inflame","Inflame+1","Limit Break+1","Corruption+1","Armaments+1","Battle Trance+1","Pummel","Juggernaut","Bloodletting+1","Parasite","Spot Weakness+1","Feel No Pain","Sentinel+1"],"special_seed":0,"relics":["Burning Blood","Letter Opener","Golden Idol","Blood Vial","Sundial","Ice Cream","Oddly Smooth Stone","Runic Pyramid","ClockworkSouvenir","Bottled Tornado","Unceasing Top","Boot","Sozu","Toxic Egg 2","Mummified Hand","Lee\u0027s Waffle","Strawberry"],"potions_floor_usage":[],"damage_taken":[{"damage":6.0,"enemies":"Cultist","floor":1.0,"turns":4.0},{"damage":0.0,"enemies":"Small Slimes","floor":2.0,"turns":3.0},{"damage":9.0,"enemies":"2 Louse","floor":7.0,"turns":3.0},{"damage":23.0,"enemies":"Gremlin Nob","floor":10.0,"turns":4.0},{"damage":8.0,"enemies":"Blue Slaver","floor":12.0,"turns":4.0},{"damage":10.0,"enemies":"Lagavulin","floor":14.0,"turns":7.0},{"damage":3.0,"enemies":"The Guardian","floor":16.0,"turns":12.0},{"damage":0.0,"enemies":"3 Byrds","floor":18.0,"turns":5.0},{"damage":20.0,"enemies":"Spheric Guardian","floor":20.0,"turns":4.0},{"damage":28.0,"enemies":"Slavers","floor":24.0,"turns":4.0},{"damage":23.0,"enemies":"Book of Stabbing","floor":27.0,"turns":5.0},{"damage":8.0,"enemies":"Cultist and Chosen","floor":29.0,"turns":5.0},{"damage":18.0,"enemies":"Snake Plant","floor":30.0,"turns":4.0},{"damage":0.0,"enemies":"Snecko","floor":31.0,"turns":4.0},{"damage":40.0,"enemies":"Automaton","floor":33.0,"turns":8.0},{"damage":2.0,"enemies":"Orb Walker","floor":35.0,"turns":4.0},{"damage":30.0,"enemies":"3 Darklings","floor":37.0,"turns":5.0},{"damage":35.0,"enemies":"Transient","floor":39.0,"turns":5.0},{"damage":4.0,"enemies":"Giant Head","floor":41.0,"turns":6.0},{"damage":37.0,"enemies":"Reptomancer","floor":45.0,"turns":3.0},{"damage":2.0,"enemies":"Jaw Worm Horde","floor":46.0,"turns":2.0},{"damage":5.0,"enemies":"Writhing Mass","floor":48.0,"turns":3.0},{"damage":57.0,"enemies":"Awakened One","floor":50.0,"turns":6.0},{"damage":42,"enemies":"Shield and Spear","floor":54,"turns":6},{"damage":43,"enemies":"The Heart","floor":55,"turns":5}],"seed_played":"-7701321589509115565","potions_obtained":[{"floor":1.0,"key":"AttackPotion"},{"floor":2.0,"key":"Energy Potion"},{"floor":14.0,"key":"Strength Potion"},{"floor":20.0,"key":"Poison Potion"},{"floor":24.0,"key":"Energy Potion"},{"floor":30.0,"key":"SkillPotion"}],"is_trial":false,"path_per_floor":["M","M","?","?","T","R","M","R","T","E","R","M","$","E","R","B",null,"M","?","M","$","?","R","E","R","T","E","R","M","M","M","R","B",null,"M","?","M","?","M","R","E","R","T","R","E","M","$","M","R","B",null,"R","$","E","B"],"character_chosen":"IRONCLAD","items_purchased":["Havoc","Metallicize","True Grit","ClockworkSouvenir","Lee\u0027s Waffle","Bloodletting+1","Feel No Pain"],"campfire_rested":2,"item_purchase_floors":[13,13,13,21,47,47,53],"current_hp_per_floor":[72,78,66,66,66,66,65,65,65,50,50,50,50,48,48,53,69,74,74,60,60,60,60,40,40,40,25,47,47,37,45,45,13,59,65,65,43,43,16,38,42,42,42,42,13,19,81,81,81,30,68,68,68,41,0],"gold":32,"neow_bonus":"RANDOM_COLORLESS","is_prod":false,"is_daily":false,"chose_seed":false,"campfire_upgraded":10,"win_rate":0,"timestamp":1549422001,"path_taken":["M","?","?","?","?","R","M","R","T","E","R","?","$","E","R","BOSS","M","?","M","?","?","R","E","R","T","E","R","M","?","M","R","BOSS","M","?","?","?","M","R","E","R","T","R","E","?","$","M","R","BOSS","R","$","E","BOSS"],"build_version":"2019-01-23","purchased_purges":3,"victory":false,"max_hp_per_floor":[80,80,80,74,74,74,74,74,74,74,74,74,74,74,74,74,74,74,74,74,74,74,74,74,74,74,74,74,74,74,74,74,74,74,74,74,74,74,74,74,74,74,74,74,74,74,81,81,81,81,81,81,81,88,88],"card_choices":[{"not_picked":["Power Through","Searing Blow"],"picked":"Armaments","floor":1.0},{"not_picked":["Cleave","Armaments"],"picked":"Body Slam","floor":2.0},{"not_picked":["Anger","Rupture"],"picked":"Whirlwind","floor":7.0},{"not_picked":["Hemokinesis","Blood for Blood","Headbutt"],"picked":"SKIP","floor":10.0},{"not_picked":["Anger","Sever Soul"],"picked":"Clothesline","floor":12.0},{"not_picked":["Dropkick","Rupture"],"picked":"Shockwave","floor":14.0},{"not_picked":["Double Tap","Reaper"],"picked":"Bludgeon","floor":16.0},{"not_picked":["Dual Wield","Warcry"],"picked":"Flex+1","floor":18.0},{"not_picked":["Twin Strike","Body Slam+1"],"picked":"Corruption","floor":20.0},{"not_picked":["Rage","Bludgeon"],"picked":"Thunderclap","floor":24.0},{"not_picked":["Havoc+1","Warcry"],"picked":"Metallicize","floor":27.0},{"not_picked":["Clothesline","True Grit"],"picked":"Inflame","floor":29.0},{"not_picked":["Thunderclap","Iron Wave","Headbutt"],"picked":"SKIP","floor":30.0},{"not_picked":["Metallicize","Pommel Strike+1"],"picked":"Inflame","floor":31.0},{"not_picked":["Feed","Dark Embrace"],"picked":"Limit Break","floor":33.0},{"not_picked":["Fire Breathing+1","Corruption+1","Clothesline"],"picked":"SKIP","floor":35.0},{"not_picked":["Fire Breathing+1","Clothesline"],"picked":"Corruption+1","floor":35.0},{"not_picked":["Pommel Strike+1","Body Slam+1","Sever Soul"],"picked":"SKIP","floor":37.0},{"not_picked":["Intimidate","Flex"],"picked":"Armaments","floor":39.0},{"not_picked":["Clash+1","Power Through"],"picked":"Battle Trance+1","floor":41.0},{"not_picked":["Clash+1","Shockwave+1"],"picked":"Pummel","floor":45.0},{"not_picked":["Iron Wave","Corruption"],"picked":"Juggernaut","floor":46.0},{"not_picked":["Cleave+1","True Grit+1"],"picked":"Spot Weakness+1","floor":48.0},{"not_picked":["Second Wind+1","Cleave"],"picked":"Sentinel+1","floor":54}],"player_experience":472429,"relics_obtained":[{"floor":5.0,"key":"Blood Vial"},{"floor":9.0,"key":"Sundial"},{"floor":10.0,"key":"Ice Cream"},{"floor":14.0,"key":"Oddly Smooth Stone"},{"floor":24.0,"key":"Bottled Tornado"},{"floor":26.0,"key":"Unceasing Top"},{"floor":27.0,"key":"Boot"},{"floor":41.0,"key":"Toxic Egg 2"},{"floor":45.0,"key":"Mummified Hand"},{"floor":54,"key":"Strawberry"}],"event_choices":[{"damage_healed":0.0,"max_hp_gain":0.0,"max_hp_loss":0.0,"gold_gain":0.0,"event_name":"Scrap Ooze","player_choice":"Success","floor":3.0,"gold_loss":0.0,"damage_taken":12.0,"relics_obtained":["Letter Opener"]},{"damage_healed":0.0,"max_hp_gain":0.0,"max_hp_loss":6.0,"gold_gain":0.0,"event_name":"Golden Idol","player_choice":"Lose Max HP","floor":4.0,"gold_loss":0.0,"damage_taken":0.0,"relics_obtained":["Golden Idol"]},{"damage_healed":0.0,"max_hp_gain":0.0,"max_hp_loss":0.0,"gold_gain":100.0,"event_name":"The Joust","player_choice":"Bet on Murderer","floor":19.0,"gold_loss":50.0,"damage_taken":0.0},{"cards_removed":["Strike_R"],"damage_healed":0.0,"max_hp_gain":0.0,"max_hp_loss":0.0,"gold_gain":0.0,"event_name":"Purifier","player_choice":"Purged","floor":22.0,"gold_loss":0.0,"damage_taken":0.0},{"damage_healed":0.0,"max_hp_gain":0.0,"max_hp_loss":0.0,"gold_gain":0.0,"event_name":"Accursed Blacksmith","player_choice":"Forge","floor":36.0,"gold_loss":0.0,"damage_taken":0.0,"cards_upgraded":["Limit Break"]},{"damage_healed":0.0,"max_hp_gain":0.0,"max_hp_loss":0.0,"gold_gain":0.0,"event_name":"The Woman in Blue","player_choice":"Bought 0 Potions","floor":38.0,"gold_loss":0.0,"damage_taken":0.0}],"is_beta":false,"boss_relics":[{"not_picked":["Orrery","Coffee Dripper"],"picked":"Runic Pyramid"},{"not_picked":["Pandora\u0027s Box","Calling Bell"],"picked":"Sozu"}],"items_purged_floors":[13,21,47],"is_endless":false,"potions_floor_spawned":[1,2,14,20,24,30,39,41,45,46],"killed_by":"The Heart","ascension_level":11}