{"gold_per_floor":[118,118,133,133,144,144,17,17,17,50,50,50,67,81,81,176,176,191,191,191,191,202,237,237,257,257,270,290,301,317,349,349,452,452,495,74,91,116,116,116,135,176,321,355,392,444,0,100,100,100,100,100,100,133,133],"floor_reached":56,"playtime":2289,"items_purged":["Defend_R","Strike_R"],"score":1599,"play_id":"4a7c020c-70d3-4522-8d5f-52388ab203a1","local_time":"20190513195819","is_ascension_mode":false,"campfire_choices":[{"data":"Bash","floor":6,"key":"SMITH"},{"floor":11,"key":"RECALL"},{"data":"Strike_R","floor":15,"key":"SMITH"},{"data":"RitualDagger","floor":24,"key":"SMITH"},{"floor":32,"key":"REST"},{"data":"Inflame","floor":40,"key":"SMITH"},{"data":"Strike_R","floor":49,"key":"SMITH"},{"data":"Defend_R","floor":52,"key":"SMITH"}],"neow_cost":"NONE","seed_source_timestamp":352198066897119,"circlet_count":0,"master_deck":["Strike_R","Strike_R","Strike_R+1","Strike_R+1","Defend_R+1","Defend_R+1","Defend_R+1","Bash+1","Body Slam+1","Fire Breathing+1","Replay:Undeath\u0027s Touch+1","Replay:Undeath\u0027s Touch+1","Replay:Undeath\u0027s Touch+1","RitualDagger+1","Impervious+1","Replay:Undeath\u0027s Touch+1","Clash+1","Inflame+1","conspire:ExplosiveBarrier+1","hubris:ReadiedAction+1","Anger+1","Offering+1","Metamorphosis+1","BarbarianYell+1","Bandage Up+1","BarbarianYell+1"],"relics":["Burning Blood","aspiration:Nostalgia","infinitespire:DarkRift","RetroEgg","infinitespire:ShieldingShard","Toxic Egg 2","GremlinMask","aspiration:DefectSkillbook","Pantograph","Centennial Puzzle","aspiration:HummingbirdHeart","infinitespire:EvilPickle","aspiration:RitualDagger","RollingBoulder","aspiration:ChemicalBlood","infinitespire:Lucky Rock","aspiration:FaultyCoupler","Boot","Red Mask","Nunchaku","War Paint"],"potions_floor_usage":[22,23,45,50,50,50,50,50,50,50,50,50,55,55,55,55,55],"damage_taken":[{"damage":6,"enemies":"conspire:RoseBush","floor":1,"turns":3},{"damage":7,"enemies":"Jaw Worm","floor":3,"turns":4},{"damage":1,"enemies":"Cultist","floor":5,"turns":4},{"damage":16,"enemies":"Erikyupuro","floor":10,"turns":7},{"damage":2,"enemies":"Looter","floor":13,"turns":3},{"damage":9,"enemies":"Blue Slaver","floor":14,"turns":2},{"damage":70,"enemies":"Hexaghost","floor":16,"turns":11},{"damage":4,"enemies":"3 Byrds","floor":18,"turns":4},{"damage":23,"enemies":"Shell Parasite","floor":22,"turns":4},{"damage":38,"enemies":"Slavers","floor":23,"turns":5},{"damage":12,"enemies":"Snake Plant","floor":25,"turns":4},{"damage":7,"enemies":"Chosen and Byrds","floor":27,"turns":4},{"damage":4,"enemies":"Sentry and Sphere","floor":28,"turns":4},{"damage":4,"enemies":"3 Cultists","floor":29,"turns":3},{"damage":16,"enemies":"Shelled Parasite and Fungi","floor":30,"turns":3},{"damage":0,"enemies":"conspire:Head Lice","floor":31,"turns":4},{"damage":23,"enemies":"Pondfish","floor":33,"turns":10},{"damage":0,"enemies":"3 Shapes","floor":35,"turns":3},{"damage":10,"enemies":"3 Darklings","floor":37,"turns":3},{"damage":33,"enemies":"4 Shapes","floor":41,"turns":5},{"damage":0,"enemies":"R_Hoarder","floor":42,"turns":6},{"damage":6,"enemies":"Jaw Worm Horde","floor":44,"turns":3},{"damage":11,"enemies":"3 Darklings","floor":45,"turns":3},{"damage":34,"enemies":"Reptomancer","floor":46,"turns":5},{"damage":10,"enemies":"Mind Bloom Boss Battle","floor":48,"turns":5},{"damage":179,"enemies":"infinitespire:MassOfShapes","floor":50,"turns":14},{"damage":19,"enemies":"Shield and Spear","floor":54,"turns":3},{"damage":78,"enemies":"The Heart","floor":55,"turns":6}],"seed_played":"812701162382424960","potions_obtained":[{"floor":3,"key":"Elixir"},{"floor":10,"key":"FearPotion"},{"floor":18,"key":"Block Potion"},{"floor":28,"key":"Dexterity Potion"},{"floor":29,"key":"Swift Potion"},{"floor":41,"key":"Explosive Potion"},{"floor":45,"key":"LifebloodPotion"},{"floor":50,"key":"Block Potion"}],"is_trial":false,"path_per_floor":["M","?","M","?","M","R","$","?","T","E","R","?","M","M","R","B",null,"M","?","?","T","M","E","R","M","T","M","M","M","M","E","R","B",null,"M","$","M","T","?","R","M","E","T","M","M","E","?","?","R","B",null,"R","$","E","B",null],"character_chosen":"IRONCLAD","items_purchased":["Fire Breathing+1","Metamorphosis+1","RollingBoulder"],"campfire_rested":1,"item_purchase_floors":[7,36,36],"current_hp_per_floor":[80,80,79,79,80,80,80,80,80,70,70,70,74,71,71,7,80,80,74,74,74,57,25,25,19,19,18,22,24,14,20,44,72,80,80,80,77,77,77,77,56,68,68,74,75,58,58,80,80,54,80,80,80,80,71],"gold":133,"neow_bonus":"NOSTALGIA","is_prod":false,"is_daily":false,"chose_seed":false,"campfire_upgraded":6,"win_rate":0,"timestamp":1557791899,"path_taken":["M","?","M","?","M","R","$","?","T","E","R","?","M","M","R","BOSS","M","?","?","?","M","E","R","M","T","M","M","M","M","E","R","BOSS","M","$","M","?","?","R","M","E","T","M","M","E","?","?","R","BOSS","R","$","E","BOSS"],"build_version":"2019-01-23","purchased_purges":2,"victory":true,"max_hp_per_floor":[80,80,80,80,80,80,80,80,80,80,80,80,80,80,80,80,80,80,80,80,80,80,80,80,80,80,80,80,80,80,80,80,80,80,80,80,80,80,80,80,80,80,80,80,80,80,80,80,80,80,80,80,80,80,80],"card_choices":[{"not_picked":["conspire:Charge","Cleave"],"picked":"Body Slam","floor":1},{"not_picked":["Evolve","strawberrySpire:GettingOverIt","Massacre"],"picked":"SKIP","floor":3},{"not_picked":["strawberrySpire:ZonePlayer","Heavy Blade","Warcry"],"picked":"SKIP","floor":5},{"not_picked":["Sword Boomerang","Wild Strike","hubris:ReadiedAction"],"picked":"SKIP","floor":10},{"not_picked":["Twin Strike","Iron Wave"],"picked":"Replay:Undeath\u0027s Touch","floor":13},{"not_picked":["Eclipse+1","Searing Blow"],"picked":"Replay:Undeath\u0027s Touch","floor":14},{"not_picked":["Carnage","Feel No Pain"],"picked":"Replay:Undeath\u0027s Touch","floor":18},{"not_picked":["Wild Strike","Pommel Strike"],"picked":"Impervious+1","floor":22},{"not_picked":["Sentinel+1","Eclipse+1","strawberrySpire:JustAWound"],"picked":"SKIP","floor":23},{"not_picked":["strawberrySpire:FireDrill","strawberrySpire:Incursion"],"picked":"Replay:Undeath\u0027s Touch","floor":25},{"not_picked":["Havoc+1","Cleave+1"],"picked":"Clash","floor":27},{"not_picked":["Armaments+1","Wild Strike"],"picked":"Inflame","floor":28},{"not_picked":["Inflame+1","Headbutt"],"picked":"conspire:ExplosiveBarrier+1","floor":29},{"not_picked":["Pommel Strike","Headbutt"],"picked":"hubris:ReadiedAction+1","floor":30},{"not_picked":["Pommel Strike","Run Through+1"],"picked":"Anger+1","floor":31},{"not_picked":["Bludgeon","conspire:Purge+1"],"picked":"Offering+1","floor":33},{"not_picked":["Perfected Strike+1","True Grit+1","ReplayTheSpireMod:Strike From Hell"],"picked":"SKIP","floor":35},{"not_picked":["True Grit+1","strawberrySpire:JustAWound"],"picked":"BarbarianYell+1","floor":37},{"not_picked":["Mind Blast","ReplayTheSpireMod:Trickstab"],"picked":"Bandage Up+1","floor":39},{"not_picked":["True Grit+1","Armaments+1","Pummel"],"picked":"SKIP","floor":41},{"not_picked":["Double Tap+1","strawberrySpire:ZonePlayer"],"picked":"BarbarianYell+1","floor":42},{"not_picked":["Ghostly Armor+1","strawberrySpire:ZonePlayer","Demon Form"],"picked":"SKIP","floor":44},{"not_picked":["Pommel Strike","strawberrySpire:ZonePlayer+1","ReplayTheSpireMod:Strike From Hell+1"],"picked":"SKIP","floor":45},{"not_picked":["Armaments+1","hubris:ReadiedAction+1","Barricade"],"picked":"SKIP","floor":46},{"not_picked":["hubris:CleavingFinish","Combust","True Grit+1"],"picked":"SKIP","floor":54}],"player_experience":751204,"relics_obtained":[{"floor":4,"key":"RetroEgg"},{"floor":9,"key":"infinitespire:ShieldingShard"},{"floor":10,"key":"Toxic Egg 2"},{"floor":21,"key":"Pantograph"},{"floor":23,"key":"Centennial Puzzle"},{"floor":31,"key":"aspiration:HummingbirdHeart"},{"floor":38,"key":"aspiration:ChemicalBlood"},{"floor":42,"key":"infinitespire:Lucky Rock"},{"floor":43,"key":"aspiration:FaultyCoupler"},{"floor":46,"key":"Boot"},{"floor":48,"key":"Nunchaku"},{"floor":54,"key":"War Paint"}],"event_choices":[{"damage_healed":0,"gold_gain":0,"player_choice":"Grow","damage_taken":0,"max_hp_gain":0,"max_hp_loss":0,"event_name":"Living Wall","floor":2,"gold_loss":0,"cards_upgraded":["Body Slam"]},{"damage_healed":0,"gold_gain":0,"player_choice":"Ignored","damage_taken":0,"max_hp_gain":0,"max_hp_loss":0,"event_name":"Liars Game","floor":8,"gold_loss":0},{"damage_healed":0,"gold_gain":0,"player_choice":"Trade","damage_taken":0,"relics_obtained":["GremlinMask"],"max_hp_gain":0,"max_hp_loss":0,"event_name":"FaceTrader","floor":12,"gold_loss":0},{"damage_healed":0,"gold_gain":0,"player_choice":"Joined the Cult","damage_taken":6,"max_hp_gain":0,"max_hp_loss":0,"event_name":"Nest","floor":19,"gold_loss":0,"cards_obtained":["RitualDagger"]},{"damage_healed":0,"gold_gain":0,"player_choice":"Ignored","damage_taken":0,"max_hp_gain":0,"max_hp_loss":0,"event_name":"Ghosts","floor":20,"gold_loss":0},{"damage_healed":0,"gold_gain":0,"player_choice":"Memory 1","damage_taken":0,"max_hp_gain":0,"max_hp_loss":0,"event_name":"SensoryStone","floor":39,"gold_loss":0},{"damage_healed":0,"gold_gain":0,"player_choice":"Paid","damage_taken":0,"relics_obtained":["Red Mask"],"max_hp_gain":0,"max_hp_loss":0,"event_name":"Tomb of Lord Red Mask","floor":47,"gold_loss":444},{"damage_healed":0,"gold_gain":0,"player_choice":"Fight","damage_taken":0,"max_hp_gain":0,"max_hp_loss":0,"event_name":"MindBloom","floor":48,"gold_loss":0}],"is_beta":false,"boss_relics":[{"not_picked":["ReplayTheSpireMod:Onyx Gauntlets","Runic Cube"],"picked":"aspiration:DefectSkillbook"},{"not_picked":["Black Blood","Fusion Hammer"],"picked":"aspiration:RitualDagger"}],"items_purged_floors":[7,36],"is_endless":false,"potions_floor_spawned":[3,10,18,28,29,30,35,37,44,48],"ascension_level":0}