{"path_per_floor":["M","M","?","?","?","E","R","E","T","E","R","M","M","$","R","B",null,"M","M","?","?","$","E","R","M","T","R","T","?","M","E","R","B",null,"M","M","$","M","M","R","M","R","T","R","M","?","M","M","R","B"],"character_chosen":"THE_SILENT","items_purchased":["Night Terror","Dexterity Potion","Strength Potion","Omamori"],"gold_per_floor":[110,126,126,76,151,184,184,217,217,245,245,259,275,18,18,123,123,137,155,155,155,55,85,85,102,102,102,102,102,122,155,155,260,260,273,289,9,25,40,40,54,54,54,54,67,67,83,103,103,103],"floor_reached":51,"campfire_rested":0,"playtime":7064,"current_hp_per_floor":[62,61,66,66,55,45,45,35,35,34,34,34,31,31,31,26,63,63,51,51,51,51,50,50,45,45,45,45,31,31,38,38,38,75,75,75,75,75,75,75,75,75,75,75,75,75,75,75,75,75],"items_purged":["Strike_G","Dagger Throw","Terror"],"gold":103,"score":1155,"play_id":"8c7ae7c4-4aff-40c4-9a33-3872d2a2fe7a","local_time":"20180420014009","is_prod":false,"is_daily":false,"chose_seed":false,"is_ascension_mode":true,"campfire_upgraded":7,"timestamp":1524213609,"path_taken":["M","M","?","?","?","E","R","E","T","E","R","M","M","$","R","BOSS","M","M","?","?","$","E","R","M","T","R","?","?","M","E","R","BOSS","M","M","$","M","M","R","M","R","T","R","M","?","M","M","R","BOSS"],"build_version":"2018-04-19","seed_source_timestamp":0,"purchased_purges":3,"victory":true,"master_deck":["Neutralize+1","Deflect","Noxious Fumes+1","Dodge and Roll+1","Blur","Night Terror","Adrenaline","Noxious Fumes+1","Sucker Punch","Flying Knee","Expertise+1","Burst+1","Adrenaline+1","Setup+1","Deflect+1","Backflip+1","Backstab+1","Madness+1","Expertise+1"],"max_hp_per_floor":[70,70,75,75,75,75,75,75,75,75,75,75,75,75,75,75,75,75,75,75,75,75,75,75,75,75,75,75,80,80,87,87,87,87,87,87,87,87,87,87,87,87,87,87,87,87,87,87,87,87],"relics":["Ring of the Snake","Shovel","Peace Pipe","Paper Crane","Ninja Scroll","Pandora\u0027s Box","Ginger","Thread and Needle","Darkstone Periapt","Strawberry","Astrolabe","Omamori","Molten Egg 2"],"card_choices":[{"not_picked":["Underhanded Strike","Slice"],"picked":"Terror","floor":1.0},{"not_picked":["Masterful Stab","Bane"],"picked":"Deflect","floor":2.0},{"not_picked":["Backflip","Distraction"],"picked":"Noxious Fumes","floor":6.0},{"not_picked":["Setup","Wraith Form v2"],"picked":"Dodge and Roll","floor":8.0},{"not_picked":["Dagger Spray","PiercingWail"],"picked":"Blade Dance","floor":10.0},{"not_picked":["Sucker Punch","Eviscerate"],"picked":"Blur","floor":12.0},{"not_picked":["Doppelganger","Storm of Steel"],"picked":"Adrenaline","floor":16.0},{"not_picked":["Bane","Slice"],"picked":"Expertise","floor":18.0},{"not_picked":["Unload","Bullet Time"],"picked":"Burst","floor":33.0},{"not_picked":["Finisher","Masterful Stab"],"picked":"Backflip","floor":38.0},{"not_picked":["Dagger Spray","Sucker Punch"],"picked":"Backstab","floor":41.0},{"not_picked":["Swift Strike","Panache"],"picked":"Madness","floor":46.0},{"not_picked":["Blade Dance","Deadly Poison"],"picked":"Expertise","floor":48.0}],"player_experience":386727,"potions_floor_usage":[50,50,50],"damage_taken":[{"damage":1.0,"enemies":"2 Louse","floor":1.0,"turns":4.0},{"damage":1.0,"enemies":"Jaw Worm","floor":2.0,"turns":5.0},{"damage":10.0,"enemies":"3 Sentries","floor":6.0,"turns":11.0},{"damage":10.0,"enemies":"Lagavulin","floor":8.0,"turns":10.0},{"damage":1.0,"enemies":"3 Sentries","floor":10.0,"turns":8.0},{"damage":0.0,"enemies":"Small Slimes","floor":12.0,"turns":3.0},{"damage":3.0,"enemies":"Exordium Wildlife","floor":13.0,"turns":4.0},{"damage":5.0,"enemies":"Hexaghost","floor":16.0,"turns":10.0},{"damage":0.0,"enemies":"Shell Parasite","floor":18.0,"turns":4.0},{"damage":12.0,"enemies":"Chosen","floor":19.0,"turns":4.0},{"damage":16.0,"enemies":"Gremlin Leader","floor":23.0,"turns":6.0},{"damage":5.0,"enemies":"Snake Plant","floor":25.0,"turns":4.0},{"damage":0.0,"enemies":"Cultist and Chosen","floor":30.0,"turns":6.0},{"damage":0.0,"enemies":"Book of Stabbing","floor":31.0,"turns":6.0},{"damage":0.0,"enemies":"Collector","floor":33.0,"turns":9.0},{"damage":0.0,"enemies":"3 Shapes","floor":35.0,"turns":6.0},{"damage":0.0,"enemies":"3 Darklings","floor":36.0,"turns":4.0},{"damage":0.0,"enemies":"4 Shapes","floor":38.0,"turns":5.0},{"damage":0.0,"enemies":"Maw","floor":39.0,"turns":9.0},{"damage":0.0,"enemies":"Sphere and 2 Shapes","floor":41.0,"turns":6.0},{"damage":0.0,"enemies":"3 Darklings","floor":45.0,"turns":4.0},{"damage":0.0,"enemies":"Maw","floor":47.0,"turns":8.0},{"damage":0.0,"enemies":"Sphere and 2 Shapes","floor":48.0,"turns":4.0},{"damage":0,"enemies":"Time Eater","floor":50,"turns":16}],"event_choices":[{"event_name":"Big Fish","player_choice":"Donut","floor":3.0,"damage_taken":0.0},{"event_name":"The Cleric","player_choice":"Card Removal","floor":4.0,"damage_taken":0.0},{"event_name":"World of Goop","player_choice":"Gather Gold","floor":5.0,"damage_taken":0.0},{"event_name":"Drug Dealer","player_choice":"Ignored","floor":20.0,"damage_taken":0.0},{"event_name":"Vampires","player_choice":"Ignored","floor":21.0,"damage_taken":0.0},{"event_name":"Forgotten Altar","player_choice":"Shed Blood","floor":29.0,"damage_taken":0.0},{"event_name":"SensoryStone","player_choice":"Memory 1","floor":46.0,"damage_taken":0.0}],"boss_relics":[],"potions_floor_spawned":[1,8,16,18,30,31,39,41,47],"seed_played":"-3724485933878775360","ascension_level":8,"is_trial":false}