{"gold_per_floor":[110,129,129,150,150,183,206,226,250,250,250],"floor_reached":11,"playtime":716,"items_purged":[],"score":150,"play_id":"34a61eed-cc0e-4c0f-8743-9ada6d988993","local_time":"20190820112438","is_ascension_mode":true,"campfire_choices":[{"floor":10,"key":"REST"}],"neow_cost":"NONE","seed_source_timestamp":521207409042702,"circlet_count":0,"master_deck":["AscendersBane","Strike_B","Strike_B","Strike_B","Strike_B","Defend_B","Defend_B","Defend_B","Defend_B","Zap","Dualcast","Cold Snap","Conserve Battery","Capacitor","Chill","Undo","Go for the Eyes","Cold Snap"],"special_seed":0,"relics":["Cracked Core","Dream Catcher","Golden Idol","Ornamental Fan","Happy Flower","Smiling Mask"],"potions_floor_usage":[7],"damage_taken":[{"damage":12.0,"enemies":"Small Slimes","floor":1.0,"turns":5.0},{"damage":0.0,"enemies":"2 Louse","floor":2.0,"turns":3.0},{"damage":0.0,"enemies":"Cultist","floor":4.0,"turns":3.0},{"damage":26,"enemies":"3 Sentries","floor":6,"turns":10},{"damage":4,"enemies":"Looter","floor":7,"turns":3},{"damage":0,"enemies":"Red Slaver","floor":8,"turns":4},{"damage":45,"enemies":"Gremlin Nob","floor":11,"turns":4}],"seed_played":"4530195872967651076","potions_obtained":[{"floor":1.0,"key":"SneckoOil"},{"floor":6,"key":"PowerPotion"},{"floor":7,"key":"FairyPotion"}],"is_trial":false,"path_per_floor":["M","M","?","M","?","E","M","M","T","R","E"],"character_chosen":"DEFECT","items_purchased":[],"campfire_rested":1,"item_purchase_floors":[],"current_hp_per_floor":[52,52,52,52,34,8,4,4,4,23,0],"gold":250,"neow_bonus":"RANDOM_COMMON_RELIC","is_prod":false,"is_daily":false,"chose_seed":false,"campfire_upgraded":0,"win_rate":0,"timestamp":1566325478,"path_taken":["M","M","?","M","?","E","M","M","T","R","E"],"build_version":"2019-07-17","purchased_purges":0,"victory":false,"max_hp_per_floor":[71,71,64,64,64,64,64,64,64,64,64],"card_choices":[{"not_picked":["Compile Driver","Chaos"],"picked":"Cold Snap","floor":1.0},{"not_picked":["Redo","Hologram"],"picked":"Conserve Battery","floor":2.0},{"not_picked":["Darkness","Streamline"],"picked":"Capacitor","floor":4.0},{"not_picked":["Tempest","Steam Power"],"picked":"Chill","floor":6},{"not_picked":["White Noise","Redo"],"picked":"Undo","floor":7},{"not_picked":["Coolheaded","Compile Driver"],"picked":"Go for the Eyes","floor":8},{"not_picked":["Beam Cell","Stack"],"picked":"Cold Snap","floor":10}],"player_experience":704733,"relics_obtained":[{"floor":6,"key":"Happy Flower"},{"floor":9,"key":"Smiling Mask"}],"event_choices":[{"damage_healed":0.0,"max_hp_gain":0.0,"max_hp_loss":7.0,"gold_gain":0.0,"event_name":"Golden Idol","player_choice":"Lose Max HP","floor":3.0,"gold_loss":0.0,"damage_taken":0.0,"relics_obtained":["Golden Idol"]},{"damage_healed":0.0,"max_hp_gain":0.0,"max_hp_loss":0.0,"gold_gain":0.0,"event_name":"Scrap Ooze","player_choice":"Success","floor":5.0,"gold_loss":0.0,"damage_taken":18.0,"relics_obtained":["Ornamental Fan"]}],"is_beta":false,"boss_relics":[],"items_purged_floors":[],"is_endless":false,"potions_floor_spawned":[1,6,7],"killed_by":"Gremlin Nob","ascension_level":20}