{"path_per_floor":["M","?","M","$","?","R","E","R","T","R","?","M","M","M","R","B",null,"M","M","$","M","?","R","?","M","T","?","E","M","R","M","R","B",null,"M","$","?","$","?","R","M","R","T","M","?","?","M","M","R","B"],"character_chosen":"DEFECT","items_purchased":["Unceasing Top","Beam Cell","DataDisk","Blizzard"],"gold_per_floor":[119,194,210,135,135,135,168,168,168,168,168,178,194,214,214,319,319,334,347,9,23,23,23,23,36,36,36,71,85,85,96,96,191,191,206,19,19,19,19,19,32,32,32,45,45,45,63,78,78,78],"floor_reached":51,"campfire_rested":0,"playtime":5814,"item_purchase_floors":[20,20,36,36],"current_hp_per_floor":[82,71,61,61,61,61,29,29,29,29,55,55,55,55,55,18,79,79,72,72,71,71,71,71,75,75,75,77,74,74,69,69,29,93,93,93,93,93,93,93,93,93,93,93,93,81,91,77,77,69],"items_purged":["Parasite"],"gold":78,"score":667,"play_id":"34e9b7b5-71f8-4de7-82c1-63099341da26","local_time":"20180529230941","is_prod":false,"is_daily":false,"chose_seed":false,"is_ascension_mode":false,"campfire_upgraded":10,"win_rate":0,"timestamp":1527649781,"campfire_choices":[{"data":"Scrape","floor":6,"key":"SMITH"},{"data":"Stack","floor":8,"key":"SMITH"},{"data":"BootSequence","floor":10,"key":"SMITH"},{"data":"Glacier","floor":15,"key":"SMITH"},{"data":"Self Repair","floor":23,"key":"SMITH"},{"data":"Coolheaded","floor":30,"key":"SMITH"},{"data":"Redo","floor":32,"key":"SMITH"},{"data":"Blizzard","floor":40,"key":"SMITH"},{"data":"Gash","floor":42,"key":"SMITH"},{"data":"Machine Learning","floor":49,"key":"SMITH"}],"path_taken":["M","?","M","$","?","R","E","R","T","R","?","M","M","?","R","BOSS","M","M","$","M","?","R","?","?","T","?","E","M","R","M","R","BOSS","M","$","?","$","?","R","?","R","T","M","?","?","M","M","R","BOSS"],"build_version":"2018-05-28","seed_source_timestamp":593454663402506,"purchased_purges":1,"victory":true,"master_deck":["Strike_B","Strike_B","Strike_B","Defend_B","Defend_B","Defend_B","Defend_B","Zap+1","Dualcast","Clumsy","Clumsy","Scrape+1","BootSequence+1","Stack+1","Glacier+1","Ball Lightning","Self Repair+1","Core Surge","Coolheaded+1","Go for the Eyes+1","Beam Cell","FTL+1","All For One","Seek","Rebound","Redo+1","Machine Learning+1","Stack+1","Blizzard+1","Finesse","Gash+1","Coolheaded","Rip and Tear","Madness","Madness","Scrape"],"max_hp_per_floor":[82,82,82,79,79,79,79,79,79,79,79,79,79,79,79,79,79,79,79,79,79,79,79,79,79,79,79,93,93,93,93,93,93,93,93,93,93,93,93,93,93,93,93,93,93,93,93,93,93,93],"relics":["Calling Bell","Strawberry","Shuriken","Turnip","Pen Nib","Calipers","Cursed Key","Unceasing Top","Mango","Nuclear Battery","DataDisk"],"card_choices":[{"not_picked":["Recycle","Hologram"],"picked":"Scrape","floor":1},{"not_picked":["Turbo","Force Field"],"picked":"BootSequence","floor":3},{"not_picked":["BootSequence","Turbo"],"picked":"Stack","floor":7},{"not_picked":["Turbo","Beam Cell"],"picked":"Glacier","floor":12},{"not_picked":["Storm","Turbo"],"picked":"Ball Lightning","floor":13},{"not_picked":["BootSequence","Electrodynamics"],"picked":"Self Repair","floor":14},{"not_picked":["Buffer","Reboot"],"picked":"Core Surge","floor":16},{"not_picked":["Static Discharge","Ball Lightning"],"picked":"Coolheaded","floor":18},{"not_picked":["Static Discharge+1","Lockon"],"picked":"Go for the Eyes+1","floor":19},{"not_picked":["Go for the Eyes","Lockon"],"picked":"FTL+1","floor":21},{"not_picked":["Undo","Barrage","Streamline"],"picked":"SKIP","floor":25},{"not_picked":["Melter","Hologram"],"picked":"Seek","floor":28},{"not_picked":["Force Field","Chill"],"picked":"Rebound","floor":29},{"not_picked":["Leap","Conserve Battery"],"picked":"Redo","floor":31},{"not_picked":["Core Surge","Thunder Strike"],"picked":"Machine Learning","floor":33},{"not_picked":["Sweeping Beam","Undo+1"],"picked":"Stack+1","floor":35},{"not_picked":["Sadistic Nature","Enlightenment"],"picked":"Finesse","floor":37},{"not_picked":["Sweeping Beam","Streamline+1"],"picked":"Gash","floor":41},{"not_picked":["Darkness","Hologram"],"picked":"Coolheaded","floor":44},{"not_picked":["Undo","Streamline","Stack"],"picked":"SKIP","floor":47},{"not_picked":["Leap+1","Redo"],"picked":"Scrape","floor":48}],"player_experience":520945,"potions_floor_usage":[7,16,28,29,33,50,50,50],"damage_taken":[{"damage":0,"enemies":"2 Louse","floor":1,"turns":5},{"damage":10,"enemies":"Jaw Worm","floor":3,"turns":4},{"damage":32,"enemies":"3 Sentries","floor":7,"turns":9},{"damage":0,"enemies":"Small Slimes","floor":12,"turns":4},{"damage":0,"enemies":"3 Louse","floor":13,"turns":6},{"damage":0,"enemies":"Large Slime","floor":14,"turns":6},{"damage":44,"enemies":"Hexaghost","floor":16,"turns":13},{"damage":3,"enemies":"Spheric Guardian","floor":18,"turns":5},{"damage":14,"enemies":"3 Byrds","floor":19,"turns":7},{"damage":8,"enemies":"Sentry and Sphere","floor":21,"turns":9},{"damage":6,"enemies":"Chosen and Byrds","floor":25,"turns":6},{"damage":22,"enemies":"Slavers","floor":28,"turns":7},{"damage":3,"enemies":"Slaver and Parasite","floor":29,"turns":5},{"damage":5,"enemies":"3 Cultists","floor":31,"turns":4},{"damage":50,"enemies":"Champ","floor":33,"turns":9},{"damage":0,"enemies":"3 Shapes","floor":35,"turns":8},{"damage":0,"enemies":"Orb Walker","floor":41,"turns":2},{"damage":0,"enemies":"Maw","floor":44,"turns":6},{"damage":0,"enemies":"Transient","floor":47,"turns":5},{"damage":24,"enemies":"Sphere and 2 Shapes","floor":48,"turns":4},{"damage":18,"enemies":"Time Eater","floor":50,"turns":15}],"relics_obtained":[{"floor":0,"key":"Strawberry"},{"floor":0,"key":"Shuriken"},{"floor":0,"key":"Turnip"},{"floor":7,"key":"Pen Nib"},{"floor":9,"key":"Calipers"},{"floor":28,"key":"Mango"}],"event_choices":[{"event_name":"World of Goop","player_choice":"Gather Gold","floor":2,"damage_taken":0},{"event_name":"Living Wall","player_choice":"Grow","floor":5,"damage_taken":0},{"event_name":"Big Fish","player_choice":"Banana","floor":11,"damage_taken":0},{"event_name":"Addict","player_choice":"Ignored","floor":22,"damage_taken":0},{"event_name":"The Library","player_choice":"Read","floor":24,"damage_taken":0},{"event_name":"The Mausoleum","player_choice":"No","floor":27,"damage_taken":0},{"event_name":"SensoryStone","player_choice":"Memory 1","floor":37,"damage_taken":0},{"event_name":"The Lab","player_choice":"Got Potions","floor":39,"damage_taken":0},{"event_name":"Transmorgrifier","player_choice":"Transform","floor":45,"damage_taken":0},{"event_name":"Winding Halls","player_choice":"Embrace Madness","floor":46,"damage_taken":0}],"boss_relics":[{"not_picked":["Astrolabe","Snecko Eye"],"picked":"Cursed Key"},{"not_picked":["Sozu","Pandora\u0027s Box"],"picked":"Nuclear Battery"}],"items_purged_floors":[4],"potions_floor_spawned":[3,7,13,14,18,21,28,29,47,48],"seed_played":"-1525345975166122235","ascension_level":0,"potions_obtained":[{"floor":3,"key":"Swift Potion"},{"floor":7,"key":"Ancient Potion"},{"floor":13,"key":"Strength Potion"},{"floor":14,"key":"SpeedPotion"},{"floor":18,"key":"SpeedPotion"},{"floor":21,"key":"PowerPotion"},{"floor":28,"key":"AttackPotion"},{"floor":29,"key":"SpeedPotion"},{"floor":39,"key":"Fire Potion"},{"floor":39,"key":"FocusPotion"}],"is_trial":false}