{"gold_per_floor":[110,41,41,60,75,75,106,123,123,138,138],"floor_reached":11,"playtime":234,"items_purged":[],"score":75,"play_id":"8028c2a4-2751-45a5-8eb4-f0f6f0ca0739","local_time":"20190912174151","is_ascension_mode":false,"campfire_choices":[{"data":"Searing Blow","floor":6,"key":"SMITH"}],"neow_cost":"NONE","seed_source_timestamp":2295028237173600,"circlet_count":0,"master_deck":["Strike_R","Strike_R","Strike_R","Strike_R","Strike_R","Defend_R","Defend_R","Defend_R","Bash","Flex","Searing Blow+1","Searing Blow"],"relics":["Burning Blood","NeowsBlessing","Calipers","Paper Frog"],"potions_floor_usage":[7,10],"damage_taken":[{"damage":0,"enemies":"Jaw Worm","floor":1,"turns":1},{"damage":0,"enemies":"Cultist","floor":4,"turns":1},{"damage":0,"enemies":"2 Louse","floor":5,"turns":1},{"damage":31,"enemies":"3 Sentries","floor":7,"turns":6},{"damage":23,"enemies":"Exordium Thugs","floor":8,"turns":4},{"damage":19,"enemies":"Blue Slaver","floor":10,"turns":3},{"damage":54,"enemies":"Lagavulin","floor":11,"turns":5}],"seed_played":"-121163794987774533","potions_obtained":[{"floor":4,"key":"Explosive Potion"},{"floor":8,"key":"BloodPotion"}],"is_trial":false,"path_per_floor":["M","$","?","M","M","R","E","M","T","M","E"],"character_chosen":"IRONCLAD","items_purchased":["Searing Blow"],"campfire_rested":0,"item_purchase_floors":[2],"current_hp_per_floor":[80,80,80,80,80,80,55,38,38,45,0],"gold":138,"neow_bonus":"THREE_ENEMY_KILL","is_prod":false,"is_daily":false,"chose_seed":false,"campfire_upgraded":1,"win_rate":0,"timestamp":1568324511,"path_taken":["M","$","?","?","M","R","E","M","T","?","E"],"build_version":"2019-07-17","purchased_purges":0,"victory":false,"max_hp_per_floor":[80,80,80,80,80,80,80,80,80,80,80],"card_choices":[{"not_picked":["Perfected Strike","Warcry"],"picked":"Flex","floor":1},{"not_picked":["Warcry","Havoc","Cleave"],"picked":"SKIP","floor":4},{"not_picked":["Warcry","Cleave","True Grit"],"picked":"SKIP","floor":5},{"not_picked":["Evolve","Brutality","Infernal Blade"],"picked":"SKIP","floor":7},{"not_picked":["Disarm","Clothesline","True Grit"],"picked":"SKIP","floor":8},{"not_picked":["Sword Boomerang","Clash"],"picked":"Searing Blow","floor":10}],"player_experience":396441,"relics_obtained":[{"floor":7,"key":"Calipers"},{"floor":9,"key":"Paper Frog"}],"event_choices":[{"cards_removed":["Defend_R"],"damage_healed":0,"gold_gain":0,"player_choice":"Purged","damage_taken":0,"max_hp_gain":0,"max_hp_loss":0,"event_name":"Purifier","floor":3,"gold_loss":0}],"is_beta":false,"boss_relics":[],"items_purged_floors":[],"is_endless":false,"potions_floor_spawned":[4,8],"killed_by":"Lagavulin","ascension_level":0}