{"gold_per_floor":[109,59,74,90,109,109,3,21,21,36,36,54,71,71,71,71],"floor_reached":16,"playtime":657,"items_purged":[],"score":134,"play_id":"5a5e875c-1bee-41f3-a30e-a97e8c8af868","local_time":"20181231022235","is_ascension_mode":true,"campfire_choices":[{"data":"Hologram","floor":6,"key":"SMITH"},{"data":"Defragment","floor":11,"key":"SMITH"},{"data":"Blizzard","floor":15,"key":"SMITH"}],"neow_cost":"TEN_PERCENT_HP_LOSS","seed_source_timestamp":894804610753199,"circlet_count":0,"master_deck":["Strike_B","Strike_B","Strike_B","Defend_B","Defend_B","Defend_B","Defend_B","Zap","Dualcast","Cold Snap","Conserve Battery","Leap","Hologram+1","Defragment+1","Blizzard+1","Chill","Loop","Parasite"],"relics":["Cracked Core","Calipers","Gremlin Horn"],"potions_floor_usage":[5,13],"damage_taken":[{"damage":9,"enemies":"Small Slimes","floor":1,"turns":4},{"damage":5,"enemies":"Jaw Worm","floor":3,"turns":3},{"damage":5,"enemies":"2 Louse","floor":4,"turns":2},{"damage":0,"enemies":"Gremlin Gang","floor":5,"turns":6},{"damage":8,"enemies":"2 Fungi Beasts","floor":8,"turns":5},{"damage":10,"enemies":"Exordium Wildlife","floor":10,"turns":4},{"damage":1,"enemies":"Blue Slaver","floor":12,"turns":4},{"damage":12,"enemies":"Exordium Thugs","floor":13,"turns":5},{"damage":35,"enemies":"Hexaghost","floor":16,"turns":14}],"seed_played":"48843617867959760","potions_obtained":[{"floor":4,"key":"SkillPotion"},{"floor":12,"key":"SneckoOil"},{"floor":13,"key":"Ancient Potion"}],"is_trial":false,"path_per_floor":["M","?","M","M","M","R","$","M","T","M","R","M","M","?","R","B"],"character_chosen":"DEFECT","items_purchased":["Defragment","Blizzard"],"campfire_rested":0,"item_purchase_floors":[7,7],"current_hp_per_floor":[59,59,54,49,49,49,49,41,41,31,31,30,18,35,35,0],"gold":71,"neow_bonus":"ONE_RARE_RELIC","is_prod":false,"is_daily":false,"chose_seed":false,"campfire_upgraded":3,"win_rate":0,"timestamp":1546219355,"path_taken":["M","?","M","M","M","R","$","M","T","M","R","M","M","?","R","BOSS"],"build_version":"2018-12-20","purchased_purges":0,"victory":false,"max_hp_per_floor":[68,68,68,68,68,68,68,68,68,68,68,68,68,68,68,68],"card_choices":[{"not_picked":["Fusion","Reprogram"],"picked":"Cold Snap","floor":1},{"not_picked":["Heatsinks","Barrage"],"picked":"Conserve Battery","floor":3},{"not_picked":["Redo","Go for the Eyes"],"picked":"Leap","floor":4},{"not_picked":["Recycle","Beam Cell"],"picked":"Hologram","floor":5},{"not_picked":["Rebound","Conserve Battery","Hologram"],"picked":"SKIP","floor":8},{"not_picked":["Aggregate","Sweeping Beam","Beam Cell"],"picked":"SKIP","floor":10},{"not_picked":["Steam","Rebound"],"picked":"Chill","floor":12},{"not_picked":["Chaos","Redo"],"picked":"Loop","floor":13}],"player_experience":358670,"relics_obtained":[{"floor":9,"key":"Gremlin Horn"}],"event_choices":[{"cards_removed":["Strike_B"],"damage_healed":0,"gold_gain":0,"player_choice":"Card Removal","damage_taken":0,"max_hp_gain":0,"max_hp_loss":0,"event_name":"The Cleric","floor":2,"gold_loss":50},{"damage_healed":17,"gold_gain":0,"player_choice":"Healed and dodged fight","damage_taken":0,"max_hp_gain":0,"max_hp_loss":0,"event_name":"Mushrooms","floor":14,"gold_loss":0,"cards_obtained":["Parasite"]}],"is_beta":false,"boss_relics":[],"items_purged_floors":[],"is_endless":false,"potions_floor_spawned":[4,12,13],"killed_by":"Hexaghost","ascension_level":8}