{"path_per_floor":["M","$","?","M","?","R","$","R","T","M","E","M","M","M","R","B",null,"M","?","$","M","M","R","?","R","T","M","R","$","M","M","R","B",null,"M","$"],"character_chosen":"IRONCLAD","items_purchased":["Pantograph"],"gold_per_floor":[112,37,37,53,53,53,53,53,53,67,95,109,120,130,130,227,227,246,246,246,260,276,276,276,276,322,337,337,82,100,112,112,214,214,233,133,133],"floor_reached":37,"campfire_rested":2,"playtime":1293,"current_hp_per_floor":[72,72,72,54,47,47,47,68,68,70,56,49,55,55,55,21,59,58,75,75,69,65,65,65,65,65,39,39,39,38,21,44,10,61,43,43,0],"items_purged":["Strike_R","Strike_R"],"gold":133,"score":535,"play_id":"6acf3e96-40b3-4369-95f9-c2b228380564","local_time":"20180406011708","is_prod":false,"is_daily":false,"is_ascension_mode":true,"campfire_upgraded":2,"timestamp":1522991828,"path_taken":["M","$","?","?","?","R","?","R","T","?","E","M","M","M","R","BOSS","M","?","$","M","M","R","?","R","T","M","R","$","M","M","R","BOSS","M","$","M"],"build_version":"2018-04-05","purchased_purges":2,"victory":false,"master_deck":["Strike_R","Strike_R","Defend_R","Defend_R","Defend_R","Bash","Shrug It Off","Battle Trance","Limit Break+1","True Grit+1","Seeing Red","Feed","Flex","Headbutt+1"],"max_hp_per_floor":[72,72,72,72,72,72,72,72,72,72,72,72,72,72,72,72,72,75,75,75,75,75,75,75,75,75,75,75,75,78,78,78,78,78,78,78,78],"relics":["Black Blood","Girya","Ice Cream","Letter Opener","Velvet Choker","Orichalcum","Pantograph"],"card_choices":[{"not_picked":["Body Slam","Headbutt"],"picked":"Shrug It Off","floor":1},{"not_picked":["Pommel Strike","Clothesline"],"picked":"Battle Trance","floor":4},{"not_picked":["Heavy Blade","Shrug It Off"],"picked":"Limit Break","floor":10},{"not_picked":["Burning Pact","Spot Weakness"],"picked":"True Grit","floor":11},{"not_picked":["Hemokinesis","Berserk"],"picked":"Seeing Red","floor":13},{"not_picked":["Bludgeon","Limit Break"],"picked":"Feed","floor":16},{"not_picked":["Sword Boomerang","Sentinel"],"picked":"Flex","floor":18},{"not_picked":["Shrug It Off","Twin Strike"],"picked":"Headbutt","floor":21}],"player_experience":314225,"potions_floor_usage":[16,18,21,21,33,37],"damage_taken":[{"damage":5,"enemies":"Small Slimes","floor":1,"turns":3},{"damage":24,"enemies":"Cultist","floor":4,"turns":6},{"damage":4,"enemies":"Jaw Worm","floor":10,"turns":3},{"damage":20,"enemies":"3 Sentries","floor":11,"turns":11},{"damage":13,"enemies":"Exordium Wildlife","floor":12,"turns":6},{"damage":0,"enemies":"Large Slime","floor":13,"turns":5},{"damage":6,"enemies":"Lots of Slimes","floor":14,"turns":3},{"damage":40,"enemies":"Hexaghost","floor":16,"turns":12},{"damage":10,"enemies":"2 Thieves","floor":18,"turns":4},{"damage":12,"enemies":"3 Byrds","floor":21,"turns":4},{"damage":10,"enemies":"Snecko","floor":22,"turns":4},{"damage":32,"enemies":"Slaver and Parasite","floor":27,"turns":5},{"damage":10,"enemies":"Snake Plant","floor":30,"turns":2},{"damage":23,"enemies":"Chosen and Byrds","floor":31,"turns":5},{"damage":65,"enemies":"Collector","floor":33,"turns":7},{"damage":28,"enemies":"3 Shapes","floor":35,"turns":4},{"damage":47,"enemies":"3 Darklings","floor":37,"turns":6}],"event_choices":[{"event_name":"The Cleric","player_choice":"Leave","floor":3,"damage_taken":0},{"event_name":"Golden Wing","player_choice":"Card Removal","floor":5,"damage_taken":0},{"event_name":"The Library","player_choice":"Heal","floor":19,"damage_taken":0},{"event_name":"Back to Basics","player_choice":"Elegance","floor":24,"damage_taken":0}],"boss_relics":[{"not_picked":["Snecko Eye","Orrery"],"picked":"Velvet Choker"},{"not_picked":["Philosopher\u0027s Stone","Astrolabe"],"picked":"Black Blood"}],"potions_floor_spawned":[10,11,12,13,16,27,31],"seed_played":"-5718348948813951226","killed_by":"3 Darklings","ascension_level":7,"is_trial":false}