{"path_per_floor":["M","M","?","$","M","R","M","M","T","$","M","?","?","$","R","B",null,"M","M","?","M","M","R","E","M","T","T","M","T","M","M","R"],"character_chosen":"IRONCLAD","items_purchased":["Mind Blast","Uppercut"],"gold_per_floor":[119,136,136,136,152,152,170,184,210,109,129,179,179,142,142,243,243,253,271,171,190,200,200,232,242,325,374,392,392,406,421,421],"floor_reached":33,"campfire_rested":3,"playtime":1307,"current_hp_per_floor":[80,80,55,55,61,61,59,52,52,52,57,57,57,57,80,56,80,63,63,63,67,58,83,67,52,52,52,45,45,28,13,40],"items_purged":[],"gold":421,"score":263,"play_id":"b33db054-baf1-4a6a-b93f-0a12eab648b2","is_prod":false,"is_daily":false,"is_ascension_mode":false,"campfire_upgraded":1,"path_taken":["M","M","?","?","?","R","M","M","T","?","M","?","?","?","R","BOSS","M","M","?","M","M","R","E","M","T","?","M","?","M","M","R","BOSS"],"build_version":"2018-02-15-PROD1","purchased_purges":0,"victory":false,"master_deck":["Strike_R","Strike_R","Strike_R","Defend_R","Defend_R","Defend_R","Bash","Clash","Flex","Cleave+1","Flex","Armaments+1","Mind Blast","Clothesline","Uppercut","Feed","Heavy Blade+1","Brutality+1","Havoc+1","Bloodletting","Dual Wield","J.A.X.","Spot Weakness","Thunderclap+1","Sword Boomerang+1","Flame Barrier","Feel No Pain+1","Reaper","Rupture+1"],"max_hp_per_floor":[80,80,80,80,80,80,80,80,80,80,80,80,80,80,80,80,80,80,80,80,83,86,86,90,90,90,90,93,93,93,93,93],"relics":["Burning Blood","Bag of Preparation","Orichalcum","Astrolabe","Charon\u0027s Ashes","Tiny Chest","Ancient Tea Set","Frozen Egg 2"],"card_choices":[{"not_picked":["Burning Pact","Iron Wave"],"picked":"Clash"},{"not_picked":["Twin Strike","Body Slam"],"picked":"Flex"},{"not_picked":["Wild Strike","Sever Soul"],"picked":"Cleave"},{"not_picked":["Blood for Blood","Armaments"],"picked":"Flex"},{"not_picked":["Flex","Uppercut"],"picked":"Armaments"},{"not_picked":["Combust","True Grit"],"picked":"Clothesline"},{"not_picked":["Barricade","Dark Embrace"],"picked":"Feed"},{"not_picked":["Perfected Strike","True Grit"],"picked":"Bloodletting"},{"not_picked":["Flex","Evolve"],"picked":"Dual Wield"},{"not_picked":["Metallicize","Sword Boomerang"],"picked":"Spot Weakness"},{"not_picked":["Feel No Pain","Dual Wield"],"picked":"Thunderclap"},{"not_picked":["Body Slam","Second Wind"],"picked":"Sword Boomerang"},{"not_picked":["Flex","Wild Strike"],"picked":"Flame Barrier"},{"not_picked":["Corruption","Pommel Strike"],"picked":"Feel No Pain"},{"not_picked":["Sword Boomerang","Anger"],"picked":"Reaper"},{"not_picked":["Body Slam","Dual Wield"],"picked":"Rupture"}],"player_experience":77531,"potions_floor_usage":[],"damage_taken":[{"damage":0,"enemies":"Small Slimes","floor":1,"turns":3},{"damage":1,"enemies":"2 Louse","floor":2,"turns":3},{"damage":0,"enemies":"Cultist","floor":5,"turns":3},{"damage":8,"enemies":"Gremlin Gang","floor":7,"turns":3},{"damage":13,"enemies":"Red Slaver","floor":8,"turns":2},{"damage":1,"enemies":"3 Louse","floor":11,"turns":2},{"damage":30,"enemies":"Slime Boss","floor":16,"turns":9},{"damage":23,"enemies":"Shell Parasite","floor":18,"turns":4},{"damage":6,"enemies":"Spheric Guardian","floor":19,"turns":3},{"damage":5,"enemies":"3 Cultists","floor":21,"turns":3},{"damage":18,"enemies":"Snecko","floor":22,"turns":4},{"damage":26,"enemies":"Book of Stabbing","floor":24,"turns":4},{"damage":21,"enemies":"Snake Plant","floor":25,"turns":3},{"damage":16,"enemies":"Centurion and Healer","floor":28,"turns":4},{"damage":23,"enemies":"Cultist and Chosen","floor":30,"turns":6},{"damage":29,"enemies":"Slaver and Parasite","floor":31,"turns":4},{"damage":40,"enemies":"Collector","floor":33,"turns":5}],"event_choices":[{"event_name":"Scrap Ooze","player_choice":"success","floor":3,"damage_taken":25},{"event_name":"Golden Wing","player_choice":"Gained Gold","floor":12,"damage_taken":0},{"event_name":"Living Wall","player_choice":"Grow","floor":13,"damage_taken":0},{"event_name":"Drug Dealer","player_choice":"Got JAXXED","floor":20,"damage_taken":0}],"boss_relics":[{"not_picked":["Philosopher\u0027s Stone","Orrery"],"picked":"Astrolabe"}],"potions_floor_spawned":[1,8,16,19,25,28,30],"seed_played":"6683595785653952065","killed_by":"Collector","ascension_level":0,"is_trial":false}