{"path_per_floor":["M","M","M","?","?","R","M","M","T","?","R","M","R","M","R","B",null,"M","$","M","$","M","R","M","?","T","R","?","R","M","M","R","B",null,"M","?","M","M","M","R","$","R","T","$","?","M","R","M","R","B"],"character_chosen":"DEFECT","items_purchased":["Skim","Capacitor","Leap","Blaster","Panacea","Apotheosis"],"gold_per_floor":[212,222,232,232,182,182,201,213,213,213,213,224,224,241,241,340,340,355,151,168,0,18,18,33,33,33,33,33,33,43,56,56,153,153,163,163,182,200,210,210,23,23,47,47,0,10,10,28,28,28],"floor_reached":51,"campfire_rested":0,"playtime":6294,"current_hp_per_floor":[66,66,66,66,66,66,66,66,66,71,71,78,78,80,80,45,71,72,72,76,76,72,72,54,54,54,54,54,54,54,59,59,71,78,30,30,42,65,60,60,60,60,60,60,60,50,50,66,66,22],"items_purged":["Defend_B"],"gold":28,"score":836,"play_id":"d186e901-64a2-4085-9444-3e17cdf253a6","local_time":"20180502013430","is_prod":false,"is_daily":false,"chose_seed":false,"is_ascension_mode":true,"campfire_upgraded":12,"timestamp":1525250070,"path_taken":["M","M","M","?","?","R","M","?","T","?","R","M","R","M","R","BOSS","M","$","?","?","?","R","M","?","T","R","?","R","M","M","R","BOSS","M","?","?","M","M","R","$","R","T","$","?","M","R","M","R","BOSS"],"build_version":"2018-05-01","seed_source_timestamp":46778996189585,"purchased_purges":1,"victory":true,"master_deck":["Zap+1","Dualcast+1","Auto Shields+1","Chill","Trip","Rainbow+1","Conserve Battery+1","Self Repair","Meteor Strike","FTL","Prime","Skim","Skim","Capacitor+1","Leap","Leap+1","Blaster","Panacea+1","Doom and Gloom","Double Energy+1","Reprieve+1","Echo Form","Barrage","Gash","Turbo","Turbo","Hologram+1","Darkness+1","Self Repair","Conserve Battery","Sunder+1","Apotheosis+1","Skim+1"],"max_hp_per_floor":[75,75,75,75,75,75,75,75,75,80,80,80,80,80,80,80,80,80,80,80,80,80,80,80,80,80,80,80,80,80,80,80,80,80,80,80,80,80,80,80,80,80,80,80,80,80,80,80,80,80],"relics":["Cracked Core","Toolbox","Nuclear Battery","Blood Vial","Pandora\u0027s Box","Happy Flower","Red Mask"],"card_choices":[{"not_picked":["Chill","Hello World"],"picked":"Auto Shields","floor":2},{"not_picked":["Genetic Algorithm","Go for the Eyes"],"picked":"Chill","floor":3},{"not_picked":["Skim","Capacitor"],"picked":"Conserve Battery","floor":7},{"not_picked":["Capacitor","Stack"],"picked":"Self Repair","floor":8},{"not_picked":["Coolheaded","Rebound"],"picked":"Meteor Strike","floor":12},{"not_picked":["Go for the Eyes","Cold Snap"],"picked":"FTL","floor":14},{"not_picked":["Biased Cognition","Rainbow"],"picked":"Prime","floor":16},{"not_picked":["Cold Snap","Beam Cell"],"picked":"Skim","floor":18},{"not_picked":["Ball Lightning","Skim"],"picked":"Leap","floor":20},{"not_picked":["Coolheaded","Stack"],"picked":"Doom and Gloom","floor":24},{"not_picked":["Hologram","Capacitor"],"picked":"Reprieve","floor":30},{"not_picked":["Amplify","Nova"],"picked":"Echo Form","floor":33},{"not_picked":["FTL","Reprogram"],"picked":"Self Repair","floor":35},{"not_picked":["Static Discharge","Double Energy"],"picked":"Conserve Battery","floor":37},{"not_picked":["Axe Kick","Turbo"],"picked":"Sunder","floor":38},{"not_picked":["Darkness","Glacier"],"picked":"Skim","floor":46}],"player_experience":517840,"potions_floor_usage":[31,35,48,50,50],"damage_taken":[{"damage":2,"enemies":"Small Slimes","floor":1,"turns":3},{"damage":0,"enemies":"Cultist","floor":2,"turns":4},{"damage":0,"enemies":"2 Louse","floor":3,"turns":3},{"damage":0,"enemies":"Looter","floor":7,"turns":3},{"damage":0,"enemies":"2 Fungi Beasts","floor":8,"turns":4},{"damage":0,"enemies":"Gremlin Gang","floor":12,"turns":7},{"damage":0,"enemies":"Blue Slaver","floor":14,"turns":3},{"damage":42,"enemies":"The Guardian","floor":16,"turns":12},{"damage":6,"enemies":"Shell Parasite","floor":18,"turns":4},{"damage":3,"enemies":"3 Byrds","floor":20,"turns":6},{"damage":11,"enemies":"Snake Plant","floor":22,"turns":3},{"damage":25,"enemies":"Sentry and Sphere","floor":24,"turns":13},{"damage":9,"enemies":"Slaver and Parasite","floor":30,"turns":5},{"damage":4,"enemies":"Snake Plant","floor":31,"turns":5},{"damage":0,"enemies":"Collector","floor":33,"turns":6},{"damage":57,"enemies":"3 Darklings","floor":35,"turns":5},{"damage":4,"enemies":"3 Shapes","floor":37,"turns":5},{"damage":0,"enemies":"Sphere and 2 Shapes","floor":38,"turns":3},{"damage":35,"enemies":"3 Darklings","floor":39,"turns":11},{"damage":32,"enemies":"4 Shapes","floor":46,"turns":4},{"damage":16,"enemies":"Spire Growth","floor":48,"turns":5},{"damage":66,"enemies":"Time Eater","floor":50,"turns":9}],"event_choices":[{"event_name":"Match and Keep!","player_choice":"2 cards matched","floor":4,"damage_taken":0},{"event_name":"The Cleric","player_choice":"Card Removal","floor":5,"damage_taken":0},{"event_name":"Big Fish","player_choice":"Donut","floor":10,"damage_taken":0},{"event_name":"Addict","player_choice":"Ignored","floor":25,"damage_taken":0},{"event_name":"The Library","player_choice":"Read","floor":28,"damage_taken":0},{"event_name":"Mysterious Sphere","player_choice":"Ignore","floor":36,"damage_taken":0},{"event_name":"Tomb of Lord Red Mask","player_choice":"Paid","floor":45,"damage_taken":0}],"boss_relics":[{"not_picked":["Philosopher\u0027s Stone","White Beast Statue"],"picked":"Nuclear Battery"},{"not_picked":["Lizard Tail","Velvet Choker"],"picked":"Pandora\u0027s Box"}],"potions_floor_spawned":[2,3,12,14,16,18,22,24,31,38,39,46],"seed_played":"-2564568421871844673","ascension_level":6,"is_trial":false}