{"path_per_floor":["M","M","?","?","M","?","R","M","T","?","R","M","M","M","R"],"character_chosen":"IRONCLAD","items_purchased":[],"gold_per_floor":[118,129,94,157,172,172,172,186,186,186,186,210,224,243,243],"floor_reached":16,"campfire_rested":3,"playtime":420,"current_hp_per_floor":[36,36,56,56,55,35,59,45,45,27,51,57,50,46,70],"items_purged":[],"gold":243,"score":94,"play_id":"1f580d5c-cbe9-4e52-bc91-f7fdd3c904a0","is_prod":false,"is_daily":false,"is_ascension_mode":false,"campfire_upgraded":0,"path_taken":["M","?","?","?","M","?","R","M","T","?","R","?","M","M","R","BOSS"],"build_version":"2018-02-15-PROD1","purchased_purges":0,"victory":false,"master_deck":["Strike_R","Strike_R","Strike_R","Strike_R","Strike_R","Defend_R","Defend_R","Defend_R","Defend_R","Bash","Searing Blow","Juggernaut","Sword Boomerang","Heavy Blade","Searing Blow","Flex","True Grit"],"max_hp_per_floor":[80,80,80,80,80,80,80,80,80,80,80,80,80,80,80],"relics":["Burning Blood","Sundial","Golden Idol","Anchor","Du-Vu Doll"],"card_choices":[{"not_picked":["Sever Soul","Uppercut"],"picked":"Searing Blow"},{"not_picked":["Clothesline","Rage"],"picked":"Juggernaut"},{"not_picked":["Body Slam","Sever Soul"],"picked":"Sword Boomerang"},{"not_picked":["Metallicize","Feel No Pain"],"picked":"Heavy Blade"},{"not_picked":["Disarm","Battle Trance"],"picked":"Searing Blow"},{"not_picked":["True Grit","Burning Pact"],"picked":"Flex"},{"not_picked":["Perfected Strike","Twin Strike"],"picked":"True Grit"}],"player_experience":74393,"potions_floor_usage":[],"damage_taken":[{"damage":10,"enemies":"Cultist","floor":1,"turns":4},{"damage":6,"enemies":"Jaw Worm","floor":2,"turns":3},{"damage":7,"enemies":"2 Louse","floor":5,"turns":3},{"damage":20,"enemies":"Looter","floor":8,"turns":3},{"damage":0,"enemies":"3 Louse","floor":12,"turns":3},{"damage":13,"enemies":"Large Slime","floor":13,"turns":7},{"damage":10,"enemies":"Exordium Wildlife","floor":14,"turns":4},{"damage":74,"enemies":"Slime Boss","floor":16,"turns":8}],"event_choices":[{"event_name":"The Cleric","player_choice":"Healed","floor":3,"damage_taken":0},{"event_name":"Golden Wing","player_choice":"Gained Gold","floor":4,"damage_taken":0},{"event_name":"Golden Idol","player_choice":"Take Damage","floor":6,"damage_taken":0},{"event_name":"Scrap Ooze","player_choice":"success","floor":10,"damage_taken":18}],"boss_relics":[],"potions_floor_spawned":[1,2,5,12,13],"seed_played":"1897211074074905210","killed_by":"Slime Boss","ascension_level":0,"is_trial":false}