{"gold_per_floor":[112,126,139,139,139,139,139,155,178,191,204,224,224,239,239,239],"floor_reached":16,"playtime":290,"items_purged":[],"score":149,"play_id":"ff7fbdc7-3556-4891-b82e-b0d13e380cb9","local_time":"20190910150533","is_ascension_mode":true,"campfire_choices":[{"data":"Dualcast","floor":7.0,"key":"SMITH"},{"floor":13.0,"key":"REST"},{"floor":15.0,"key":"REST"}],"neow_cost":"NONE","seed_source_timestamp":650141369813400,"circlet_count":0,"master_deck":["AscendersBane","Strike_B","Strike_B","Strike_B","Strike_B","Defend_B","Defend_B","Defend_B","Defend_B","Zap+1","Dualcast+1","Glacier","Doom and Gloom","All For One","Loop","Storm"],"special_seed":0,"relics":["Cracked Core","Strawberry","Ancient Tea Set"],"potions_floor_usage":[],"damage_taken":[{"damage":0.0,"enemies":"Cultist","floor":1.0,"turns":3.0},{"damage":14.0,"enemies":"2 Louse","floor":2.0,"turns":2.0},{"damage":2.0,"enemies":"Jaw Worm","floor":3.0,"turns":3.0},{"damage":12.0,"enemies":"Gremlin Gang","floor":8.0,"turns":6.0},{"damage":14.0,"enemies":"Lots of Slimes","floor":10.0,"turns":2.0},{"damage":11.0,"enemies":"Blue Slaver","floor":11.0,"turns":3.0},{"damage":6.0,"enemies":"Looter","floor":12.0,"turns":2.0},{"damage":2.0,"enemies":"3 Louse","floor":14.0,"turns":2.0},{"damage":0,"enemies":"Slime Boss","floor":16,"turns":1}],"seed_played":"709297941054824180","potions_obtained":[{"floor":3.0,"key":"Strength Potion"},{"floor":8.0,"key":"LiquidBronze"}],"is_trial":false,"path_per_floor":["M","M","M","?","?","?","R","M","T","M","M","M","R","M","R","B"],"character_chosen":"DEFECT","items_purchased":[],"campfire_rested":2,"item_purchase_floors":[],"current_hp_per_floor":[68,54,52,56,56,56,56,44,44,30,19,13,37,35,59,59],"gold":239,"neow_bonus":"UPGRADE_CARD","is_prod":false,"is_daily":false,"chose_seed":false,"campfire_upgraded":1,"win_rate":0,"timestamp":1568145933,"path_taken":["M","M","?","?","?","?","R","?","T","?","M","M","R","M","R","BOSS"],"build_version":"2019-09-09","purchased_purges":0,"victory":false,"max_hp_per_floor":[75,75,75,82,82,82,82,82,82,82,82,82,82,82,82,82],"card_choices":[{"not_picked":["Stack","Cold Snap"],"picked":"Glacier","floor":1.0},{"not_picked":["Hologram","Coolheaded","Double Energy"],"picked":"SKIP","floor":2.0},{"not_picked":["Steam","Undo","Leap"],"picked":"SKIP","floor":3.0},{"not_picked":["Coolheaded","FTL"],"picked":"Doom and Gloom","floor":8.0},{"not_picked":["Streamline","BootSequence"],"picked":"All For One","floor":10.0},{"not_picked":["Compile Driver","Beam Cell"],"picked":"Loop","floor":11.0},{"not_picked":["Compile Driver","Rebound","Sunder"],"picked":"SKIP","floor":12.0},{"not_picked":["Coolheaded","Hologram"],"picked":"Storm","floor":14.0}],"player_experience":1274846,"relics_obtained":[{"floor":9.0,"key":"Ancient Tea Set"}],"event_choices":[{"damage_healed":0.0,"max_hp_gain":0.0,"max_hp_loss":0.0,"gold_gain":0.0,"event_name":"Scrap Ooze","player_choice":"Success","floor":4.0,"gold_loss":0.0,"damage_taken":3.0,"relics_obtained":["Strawberry"]},{"damage_healed":0.0,"max_hp_gain":0.0,"max_hp_loss":0.0,"gold_gain":0.0,"event_name":"Golden Wing","player_choice":"Ignored","floor":5.0,"gold_loss":0.0,"damage_taken":0.0},{"damage_healed":0.0,"max_hp_gain":0.0,"max_hp_loss":0.0,"gold_gain":0.0,"event_name":"The Cleric","player_choice":"Leave","floor":6.0,"gold_loss":0.0,"damage_taken":0.0}],"is_beta":true,"boss_relics":[],"items_purged_floors":[],"is_endless":false,"potions_floor_spawned":[3,8,10],"killed_by":"Slime Boss","ascension_level":11}