{"gold_per_floor":[111,126,126,126,126,169,169,208,262,227,227,240,240,263,263,391,391,409,428,428,95,110,153,153],"floor_reached":24,"playtime":1312,"items_purged":["Defend_R"],"score":235,"play_id":"88924b08-0b4e-4826-9371-c1e147cddce5","local_time":"20190916094830","is_ascension_mode":true,"campfire_choices":[{"floor":7,"key":"REST"},{"floor":15,"key":"REST"}],"neow_cost":"NONE","seed_source_timestamp":19143481817200,"circlet_count":0,"master_deck":["Strike_R+1","Strike_R","Strike_R","Strike_R","Strike_R+1","Defend_R","Defend_R","Defend_R","Bash","Perfected Strike","Body Slam+1","Shrug It Off+1"],"relics":["Sozu","Golden Idol","Omamori","Letter Opener","Dream Catcher","Toxic Egg 2","Whetstone","Pantograph","Busted Crown","Shuriken","Ornamental Fan"],"potions_floor_usage":[],"damage_taken":[{"damage":0,"enemies":"2 Louse","floor":1,"turns":3},{"damage":1,"enemies":"Jaw Worm","floor":2,"turns":3},{"damage":19,"enemies":"Gremlin Nob","floor":6,"turns":4},{"damage":36,"enemies":"Lagavulin","floor":8,"turns":5},{"damage":1,"enemies":"Small Slimes","floor":12,"turns":2},{"damage":5,"enemies":"Looter","floor":14,"turns":2},{"damage":41,"enemies":"Slime Boss","floor":16,"turns":10},{"damage":5,"enemies":"3 Byrds","floor":18,"turns":5},{"damage":10,"enemies":"Spheric Guardian","floor":19,"turns":3},{"damage":4,"enemies":"Shelled Parasite and Fungi","floor":22,"turns":3},{"damage":55,"enemies":"Gremlin Leader","floor":23,"turns":6},{"damage":11,"enemies":"Centurion and Healer","floor":24,"turns":1}],"seed_played":"2608442431642752847","potions_obtained":[],"is_trial":false,"path_per_floor":["M","M","?","?","?","E","R","E","T","?","?","M","?","M","R","B",null,"M","M","?","$","M","E","M"],"character_chosen":"IRONCLAD","items_purchased":["Shuriken"],"campfire_rested":2,"item_purchase_floors":[21],"current_hp_per_floor":[80,79,59,41,41,22,46,10,10,30,30,29,29,24,48,32,80,75,65,65,65,61,6,0],"gold":153,"neow_bonus":"BOSS_RELIC","is_prod":false,"is_daily":false,"chose_seed":false,"campfire_upgraded":0,"win_rate":0,"timestamp":1568641710,"path_taken":["M","M","?","?","?","E","R","E","T","?","?","?","?","M","R","BOSS","M","M","?","$","M","E","M"],"build_version":"2019-07-17","purchased_purges":1,"victory":false,"max_hp_per_floor":[80,80,80,80,80,80,80,80,80,80,80,80,80,80,80,80,80,80,80,80,80,80,80,80],"card_choices":[{"not_picked":["Sword Boomerang","True Grit","Clothesline"],"picked":"SKIP","floor":1},{"not_picked":["Clash","Thunderclap","Searing Blow"],"picked":"SKIP","floor":2},{"not_picked":["Inflame","Sword Boomerang","Havoc"],"picked":"SKIP","floor":6},{"not_picked":["Corruption","Inflame"],"picked":"Perfected Strike","floor":7},{"not_picked":["Havoc","Blood for Blood","Disarm"],"picked":"SKIP","floor":8},{"not_picked":["Clothesline","Cleave","Flame Barrier+1"],"picked":"SKIP","floor":12},{"not_picked":["Uppercut","Flex+1","Feel No Pain"],"picked":"SKIP","floor":14},{"not_picked":["Clash"],"picked":"SKIP","floor":18},{"not_picked":[],"picked":"Body Slam+1","floor":19},{"not_picked":["Flex+1"],"picked":"SKIP","floor":22},{"not_picked":["Evolve+1"],"picked":"SKIP","floor":23}],"player_experience":518609,"relics_obtained":[{"floor":6,"key":"Dream Catcher"},{"floor":8,"key":"Toxic Egg 2"},{"floor":9,"key":"Whetstone"},{"floor":23,"key":"Ornamental Fan"}],"event_choices":[{"damage_healed":0,"gold_gain":0,"player_choice":"Take Damage","damage_taken":20,"relics_obtained":["Golden Idol"],"max_hp_gain":0,"max_hp_loss":0,"event_name":"Golden Idol","floor":3,"gold_loss":0},{"damage_healed":0,"gold_gain":0,"player_choice":"Success","damage_taken":18,"relics_obtained":["Omamori"],"max_hp_gain":0,"max_hp_loss":0,"event_name":"Scrap Ooze","floor":4,"gold_loss":0},{"damage_healed":0,"gold_gain":0,"player_choice":"Box","damage_taken":0,"relics_obtained":["Letter Opener"],"max_hp_gain":0,"max_hp_loss":0,"event_name":"Big Fish","floor":5,"gold_loss":0,"cards_obtained":["Regret"]},{"damage_healed":20,"gold_gain":0,"player_choice":"Healed","damage_taken":0,"max_hp_gain":0,"max_hp_loss":0,"event_name":"The Cleric","floor":10,"gold_loss":35},{"damage_healed":0,"gold_gain":0,"player_choice":"Ignored","damage_taken":0,"max_hp_gain":0,"max_hp_loss":0,"event_name":"Golden Wing","floor":11,"gold_loss":0},{"damage_healed":0,"gold_gain":0,"player_choice":"Searched \u00271\u0027 times","damage_taken":0,"relics_obtained":["Pantograph"],"max_hp_gain":0,"max_hp_loss":0,"event_name":"Dead Adventurer","floor":13,"gold_loss":0},{"damage_healed":0,"gold_gain":0,"player_choice":"Read","damage_taken":0,"max_hp_gain":0,"max_hp_loss":0,"event_name":"The Library","floor":20,"gold_loss":0,"cards_obtained":["Shrug It Off"]}],"is_beta":false,"boss_relics":[{"not_picked":["Lizard Tail","Runic Pyramid"],"picked":"Busted Crown"}],"items_purged_floors":[21],"is_endless":false,"potions_floor_spawned":[8,12,14,19],"killed_by":"Centurion and Healer","ascension_level":1}