{"path_per_floor":["M","M","?","M","M","E","M","E","T","R","M","E","R","?","R","B",null,"M","M","?","M","$"],"character_chosen":"IRONCLAD","items_purchased":["Singing Bowl","Feed"],"gold_per_floor":[13,24,24,39,58,86,105,139,139,139,159,184,184,184,184,279,279,296,316,316,328,17,17],"floor_reached":23,"campfire_rested":0,"playtime":1841,"current_hp_per_floor":[94,96,96,95,96,37,65,53,53,53,48,49,49,49,49,14,76,80,92,49,31,31,0],"items_purged":[],"gold":17,"score":302,"play_id":"c6ebda02-49f6-4f5a-950f-e3588efc374e","local_time":"20180414130553","is_prod":false,"is_daily":false,"chose_seed":false,"is_ascension_mode":true,"campfire_upgraded":3,"timestamp":1523736353,"path_taken":["M","M","?","?","?","E","M","E","T","R","M","E","R","?","R","BOSS","M","M","?","?","$","E"],"build_version":"2018-04-12","seed_source_timestamp":935026625718725,"purchased_purges":0,"victory":false,"master_deck":["Strike_R","Strike_R","Strike_R","Strike_R","Strike_R","Defend_R","Defend_R","Defend_R","Defend_R","Bash","Thunderclap","Cleave","Rampage+1","Blood for Blood","Reaper","Flex+1","Havoc+1","Rage+1","Barricade","Feed","Armaments","Inflame","Ghostly","Ghostly","Ghostly","Ghostly","Ghostly","Armaments","Feed"],"max_hp_per_floor":[96,96,96,96,96,96,96,96,96,96,96,96,96,96,96,96,96,96,99,49,49,49,49],"relics":["Burning Blood","Red Skull","Ginger","Blue Candle","Matryoshka","Gremlin Horn","Sozu","Singing Bowl"],"card_choices":[{"not_picked":["Ghostly Armor","Burning Pact"],"picked":"Thunderclap","floor":1},{"not_picked":["Headbutt","Bloodletting"],"picked":"Cleave","floor":2},{"not_picked":["Twin Strike","Reckless Charge"],"picked":"Rampage","floor":4},{"not_picked":["Clash","Burning Pact"],"picked":"Blood for Blood","floor":5},{"not_picked":["Demon Form","Clash"],"picked":"Reaper","floor":6},{"not_picked":["Sentinel","True Grit"],"picked":"Flex","floor":7},{"not_picked":["Fire Breathing","Pommel Strike"],"picked":"Havoc","floor":8},{"not_picked":["Clothesline","Thunderclap"],"picked":"Rage","floor":11},{"not_picked":["Pommel Strike","Entrench"],"picked":"Barricade","floor":12},{"not_picked":["Dark Embrace","Juggernaut"],"picked":"Feed","floor":16},{"not_picked":["Iron Wave","Dual Wield"],"picked":"Armaments","floor":18},{"not_picked":["Pommel Strike","Warcry"],"picked":"Inflame","floor":19},{"not_picked":["Perfected Strike","Sentinel"],"picked":"Armaments","floor":21}],"player_experience":278260,"potions_floor_usage":[7,12,16,18],"damage_taken":[{"damage":0,"enemies":"Small Slimes","floor":1,"turns":3},{"damage":0,"enemies":"Cultist","floor":2,"turns":4},{"damage":7,"enemies":"Jaw Worm","floor":4,"turns":3},{"damage":0,"enemies":"Exordium Wildlife","floor":5,"turns":3},{"damage":65,"enemies":"Lagavulin","floor":6,"turns":7},{"damage":5,"enemies":"Lots of Slimes","floor":7,"turns":2},{"damage":18,"enemies":"Gremlin Nob","floor":8,"turns":3},{"damage":11,"enemies":"Blue Slaver","floor":11,"turns":3},{"damage":5,"enemies":"Lagavulin","floor":12,"turns":5},{"damage":51,"enemies":"The Guardian","floor":16,"turns":9},{"damage":8,"enemies":"2 Thieves","floor":18,"turns":4},{"damage":3,"enemies":"3 Byrds","floor":19,"turns":5},{"damage":24,"enemies":"Snake Plant","floor":21,"turns":4},{"damage":34,"enemies":"Slavers","floor":23,"turns":1}],"event_choices":[{"event_name":"Wheel of Change","player_choice":"Relic","floor":3,"damage_taken":0},{"event_name":"Accursed Blacksmith","player_choice":"Forge","floor":14,"damage_taken":0},{"event_name":"Ghosts","player_choice":"Became a Ghost","floor":20,"damage_taken":0}],"boss_relics":[{"not_picked":["Eternal Feather","Runic Cube"],"picked":"Sozu"}],"potions_floor_spawned":[4,5,8,11,12,19],"seed_played":"-6475871582011720512","killed_by":"Slavers","ascension_level":6,"is_trial":false}