{"gold_per_floor":[114,114,133,24,43,75,75,94,142,174,174,194,251,264,264,363,363,376,291,302,330,330,330,346,378,378,413,13,30,30,46,46,146,146,162,9,9,9,29,29,39,39,39,54,68,68,83,93,93,93],"floor_reached":50,"playtime":7966,"items_purged":[],"score":523,"play_id":"39341c1d-2e5c-410c-8e34-2a6ba9271dd6","local_time":"20190630153812","is_ascension_mode":false,"campfire_choices":[{"floor":7,"key":"REST"},{"data":"Predator","floor":11,"key":"SMITH"},{"floor":15,"key":"REST"},{"floor":23,"key":"REST"},{"floor":30,"key":"REST"},{"data":"Bullet Time","floor":32,"key":"SMITH"},{"floor":40,"key":"REST"},{"floor":46,"key":"REST"},{"floor":49,"key":"REST"}],"neow_cost":"NONE","seed_source_timestamp":1529625752621445,"circlet_count":0,"master_deck":["Defend_G+1","Defend_G","Defend_G","Defend_G","Defend_G+1","Strike_G","Strike_G","Strike_G","Strike_G","Strike_G","Survivor","Neutralize","Blade Dance","Blur","Escape Plan","Crippling Poison","Dagger Throw","Terror","Predator+1","Dagger Spray","PiercingWail","Infinite Blades","PiercingWail","Bullet Time+1","Expertise+1","Skewer+1","Outmaneuver","Deflect","Leg Sweep","Parasite","Well Laid Plans","Poisoned Stab","Backflip","Backstab+1","Adrenaline","Deadly Poison","Jack Of All Trades","Trip","Deadly Poison+1","Crippling Poison+1","Infinite Blades","Bouncing Flask+1","Backflip+1","Calculated Gamble"],"relics":["Cursed Key","Darkstone Periapt","Boot","Blood Vial","Bag of Marbles","Lizard Tail","The Specimen","Red Mask","Orichalcum","Lantern","Snake Skull","TwistedFunnel","Omamori","Black Star","Ancient Tea Set","Potion Belt"],"potions_floor_usage":[6,10,18,21,27,27,33,35,42,44,47,50,50],"damage_taken":[{"damage":0,"enemies":"2 Louse","floor":1,"turns":2},{"damage":1,"enemies":"Jaw Worm","floor":3,"turns":4},{"damage":3,"enemies":"Small Slimes","floor":5,"turns":5},{"damage":3,"enemies":"Lagavulin","floor":6,"turns":7},{"damage":0,"enemies":"Exordium Wildlife","floor":8,"turns":4},{"damage":25,"enemies":"Gremlin Nob","floor":10,"turns":4},{"damage":3,"enemies":"Blue Slaver","floor":12,"turns":3},{"damage":1,"enemies":"3 Sentries","floor":13,"turns":7},{"damage":8,"enemies":"Gremlin Gang","floor":14,"turns":3},{"damage":30,"enemies":"The Guardian","floor":16,"turns":12},{"damage":10,"enemies":"2 Thieves","floor":18,"turns":5},{"damage":25,"enemies":"Chosen","floor":20,"turns":7},{"damage":5,"enemies":"Masked Bandits","floor":21,"turns":5},{"damage":1,"enemies":"Snecko","floor":24,"turns":4},{"damage":13,"enemies":"Slavers","floor":25,"turns":6},{"damage":8,"enemies":"Gremlin Leader","floor":27,"turns":6},{"damage":0,"enemies":"3 Cultists","floor":29,"turns":3},{"damage":2,"enemies":"Snake Plant","floor":31,"turns":3},{"damage":57,"enemies":"Collector","floor":33,"turns":7},{"damage":1,"enemies":"Orb Walker","floor":35,"turns":2},{"damage":10,"enemies":"3 Shapes","floor":39,"turns":5},{"damage":31,"enemies":"Maw","floor":41,"turns":8},{"damage":12,"enemies":"Transient","floor":42,"turns":3},{"damage":0,"enemies":"Sphere and 2 Shapes","floor":44,"turns":4},{"damage":3,"enemies":"Jaw Worm Horde","floor":45,"turns":3},{"damage":9,"enemies":"Writhing Mass","floor":47,"turns":3},{"damage":0,"enemies":"3 Darklings","floor":48,"turns":4},{"damage":138,"enemies":"Awakened One","floor":50,"turns":14}],"seed_played":"368506416175941615","potions_obtained":[{"floor":3,"key":"AttackPotion"},{"floor":6,"key":"GamblersBrew"},{"floor":8,"key":"SteroidPotion"},{"floor":12,"key":"SteroidPotion"},{"floor":20,"key":"PowerPotion"},{"floor":25,"key":"SteroidPotion"},{"floor":29,"key":"Strength Potion"},{"floor":31,"key":"SmokeBomb"},{"floor":33,"key":"SkillPotion"},{"floor":41,"key":"Block Potion"},{"floor":44,"key":"Swift Potion"},{"floor":45,"key":"SpeedPotion"},{"floor":48,"key":"SkillPotion"}],"is_trial":false,"path_per_floor":["M","?","M","$","M","E","R","M","T","E","R","M","?","M","R","B",null,"M","?","M","?","?","R","M","E","T","E","$","M","R","M","R","B",null,"M","$","?","$","M","R","M","M","T","M","M","R","M","M","R","B"],"character_chosen":"THE_SILENT","items_purchased":["Escape Plan","Crippling Poison","TwistedFunnel","Omamori","Poisoned Stab","Ancient Tea Set"],"campfire_rested":7,"item_purchase_floors":[4,4,28,28,28,36],"current_hp_per_floor":[70,56,55,55,52,49,70,70,76,51,51,50,51,45,67,39,76,66,66,43,40,40,62,63,52,58,52,52,54,78,78,78,23,82,81,81,76,76,68,82,51,41,41,43,42,66,59,61,82,0],"gold":93,"neow_bonus":"BOSS_RELIC","is_prod":false,"is_daily":false,"chose_seed":false,"campfire_upgraded":2,"win_rate":0.0,"timestamp":1561923492,"path_taken":["M","?","M","$","M","E","R","M","T","E","R","M","?","M","R","BOSS","M","?","M","?","?","R","M","E","T","E","$","M","R","M","R","BOSS","M","?","?","?","?","R","M","M","T","M","M","R","M","?","R","BOSS"],"build_version":"2019-01-23","purchased_purges":0,"victory":false,"max_hp_per_floor":[70,70,70,70,70,70,70,70,76,76,76,76,76,76,76,76,76,76,76,76,76,76,76,76,76,82,82,82,82,82,82,82,82,82,82,82,82,82,82,82,82,82,82,82,82,82,82,82,82,82],"card_choices":[{"not_picked":["Slice","Caltrops"],"picked":"Blade Dance","floor":1},{"not_picked":["Noxious Fumes","Poisoned Stab"],"picked":"Blur","floor":3},{"not_picked":["Riddle With Holes","Blade Dance"],"picked":"Dagger Throw","floor":5},{"not_picked":["Doppelganger","Outmaneuver"],"picked":"Terror","floor":6},{"not_picked":["Slice","Outmaneuver"],"picked":"Predator","floor":8},{"not_picked":["Riddle With Holes","Finisher"],"picked":"Dagger Spray","floor":10},{"not_picked":["Sucker Punch","Blade Dance"],"picked":"PiercingWail","floor":12},{"not_picked":["Caltrops","Sucker Punch"],"picked":"Infinite Blades","floor":13},{"not_picked":["Expertise","Terror"],"picked":"PiercingWail","floor":14},{"not_picked":["Tools of the Trade","Phantasmal Killer"],"picked":"Bullet Time","floor":16},{"not_picked":["Underhanded Strike","Caltrops"],"picked":"Expertise+1","floor":18},{"not_picked":["Terror","Slice+1"],"picked":"Skewer+1","floor":20},{"not_picked":["Caltrops","Underhanded Strike"],"picked":"Outmaneuver","floor":21},{"not_picked":["Acrobatics","Prepared+1"],"picked":"Deflect","floor":24},{"not_picked":["Doppelganger","Quick Slash+1"],"picked":"Leg Sweep","floor":25},{"not_picked":["Reflex","Quick Slash"],"picked":"Well Laid Plans","floor":27},{"not_picked":["Masterful Stab","Acrobatics"],"picked":"Backflip","floor":29},{"not_picked":["Blade Dance","Backflip"],"picked":"Backstab+1","floor":31},{"not_picked":["Envenom","Malaise"],"picked":"Adrenaline","floor":33},{"not_picked":["Dagger Spray+1","Well Laid Plans"],"picked":"Deadly Poison","floor":35},{"not_picked":["Master of Strategy","Enlightenment"],"picked":"Jack Of All Trades","floor":37},{"not_picked":["Panacea","Sadistic Nature"],"picked":"Trip","floor":37},{"not_picked":["Tactician","Quick Slash"],"picked":"Deadly Poison+1","floor":39},{"not_picked":["Caltrops+1","Dodge and Roll"],"picked":"Crippling Poison+1","floor":41},{"not_picked":["Acrobatics","Prepared"],"picked":"Infinite Blades","floor":44},{"not_picked":["Sucker Punch+1","Flechettes+1"],"picked":"Bouncing Flask+1","floor":45},{"not_picked":["Crippling Poison+1","Burst"],"picked":"Backflip+1","floor":47},{"not_picked":["Deadly Poison","Leg Sweep+1"],"picked":"Calculated Gamble","floor":48}],"player_experience":50216,"relics_obtained":[{"floor":6,"key":"Darkstone Periapt"},{"floor":9,"key":"Boot"},{"floor":10,"key":"Blood Vial"},{"floor":13,"key":"Bag of Marbles"},{"floor":21,"key":"Red Mask"},{"floor":25,"key":"Orichalcum"},{"floor":26,"key":"Lantern"},{"floor":27,"key":"Snake Skull"},{"floor":43,"key":"Potion Belt"}],"event_choices":[{"damage_healed":0,"gold_gain":0,"player_choice":"Entered Light","damage_taken":14,"max_hp_gain":0,"max_hp_loss":0,"event_name":"Shining Light","floor":2,"gold_loss":0,"cards_upgraded":["Defend_G","Defend_G"]},{"damage_healed":0,"gold_gain":30,"player_choice":"Searched \u00272\u0027 times","damage_taken":0,"max_hp_gain":0,"max_hp_loss":0,"event_name":"Dead Adventurer","floor":13,"gold_loss":0},{"damage_healed":0,"gold_gain":0,"player_choice":"Obtained Relic","damage_taken":0,"relics_obtained":["The Specimen"],"max_hp_gain":0,"max_hp_loss":0,"event_name":"Addict","floor":19,"gold_loss":85},{"damage_healed":0,"gold_gain":0,"player_choice":"Fought Bandits","damage_taken":0,"max_hp_gain":0,"max_hp_loss":0,"event_name":"Masked Bandits","floor":21,"gold_loss":0},{"cards_removed":["Pain"],"damage_healed":0,"gold_gain":0,"player_choice":"Purged","damage_taken":0,"max_hp_gain":0,"max_hp_loss":0,"event_name":"Purifier","floor":22,"gold_loss":0},{"damage_healed":0,"gold_gain":0,"player_choice":"Memory 2","damage_taken":5,"max_hp_gain":0,"max_hp_loss":0,"event_name":"SensoryStone","floor":37,"gold_loss":0}],"is_beta":false,"boss_relics":[{"not_picked":["Velvet Choker","Runic Dome"],"picked":"Lizard Tail"},{"not_picked":["HoveringKite","Coffee Dripper"],"picked":"Black Star"}],"items_purged_floors":[],"is_endless":false,"potions_floor_spawned":[3,6,8,12,20,25,29,31,33,41,44,45,48],"killed_by":"Awakened One","ascension_level":0}