{"path_per_floor":["M","M","?","$","M","R","?","E","T","$","?","R","M","?","R","B",null,"M","M","M","?","$","R","M","?","T","?","?"],"character_chosen":"DEFECT","items_purchased":["Apotheosis","Darkness"],"gold_per_floor":[117,137,312,46,60,60,60,89,89,8,8,8,24,24,24,127,127,139,150,167,167,117,117,128,128,153,68,68,68],"floor_reached":29,"campfire_rested":2,"playtime":689,"current_hp_per_floor":[74,70,70,70,64,64,69,45,45,45,38,38,26,26,50,45,80,69,44,11,11,11,35,13,13,13,13,13,0],"items_purged":["Doubt","Strike_B"],"gold":68,"score":221,"play_id":"d5adf8ac-8374-42b9-8514-d20110b4da21","local_time":"20180428143827","is_prod":false,"is_daily":false,"chose_seed":false,"is_ascension_mode":false,"campfire_upgraded":2,"timestamp":1524940707,"path_taken":["M","M","?","$","M","R","?","E","T","?","?","R","?","?","R","BOSS","M","M","M","?","$","R","M","?","T","?","?","M"],"build_version":"2018-04-27v3","seed_source_timestamp":2386185263488619,"purchased_purges":2,"victory":false,"master_deck":["Strike_B","Strike_B","Strike_B","Defend_B","Defend_B","Defend_B","Defend_B","Zap","Dualcast","Thunder Strike","Ball Lightning","Beam Cell","Apotheosis+1","Double Energy","Go for the Eyes","Darkness+1","Auto Shields","Fission","Steam Power","Sweeping Beam","Axe Kick","Fission","Undo+1"],"max_hp_per_floor":[75,75,75,75,75,75,80,80,80,80,80,80,80,80,80,80,80,80,80,80,80,80,80,80,80,80,80,80,80],"relics":["Cracked Core","Mummified Hand","Smiling Mask","Bag of Marbles","Velvet Choker","Vajra","Dream Catcher"],"card_choices":[{"not_picked":["Leap","Impulse"],"picked":"Ball Lightning","floor":1},{"not_picked":["Blaster","Go for the Eyes"],"picked":"Beam Cell","floor":2},{"not_picked":["Reinforced Body","Axe Kick"],"picked":"Double Energy","floor":5},{"not_picked":["Blaster","Rebound"],"picked":"Go for the Eyes","floor":8},{"not_picked":["Sweeping Beam","Buffer"],"picked":"Auto Shields","floor":13},{"not_picked":["Thunder Strike","Amplify"],"picked":"Fission","floor":16},{"not_picked":["Coolheaded","Axe Kick"],"picked":"Steam Power","floor":18},{"not_picked":["Go for the Eyes","Capacitor"],"picked":"Sweeping Beam","floor":19},{"not_picked":["Cold Snap","Chill"],"picked":"Axe Kick","floor":20},{"not_picked":["Barrage","Sweeping Beam"],"picked":"Undo","floor":24}],"player_experience":400639,"potions_floor_usage":[20,29],"damage_taken":[{"damage":1,"enemies":"Jaw Worm","floor":1,"turns":4},{"damage":4,"enemies":"Small Slimes","floor":2,"turns":3},{"damage":6,"enemies":"2 Louse","floor":5,"turns":3},{"damage":24,"enemies":"Gremlin Nob","floor":8,"turns":4},{"damage":12,"enemies":"2 Fungi Beasts","floor":13,"turns":3},{"damage":5,"enemies":"Slime Boss","floor":16,"turns":10},{"damage":11,"enemies":"Shell Parasite","floor":18,"turns":5},{"damage":25,"enemies":"Chosen","floor":19,"turns":5},{"damage":33,"enemies":"3 Cultists","floor":20,"turns":6},{"damage":22,"enemies":"Snecko","floor":24,"turns":4},{"damage":21,"enemies":"Snake Plant","floor":29,"turns":1}],"event_choices":[{"event_name":"Liars Game","player_choice":"agreed","floor":3,"damage_taken":0},{"event_name":"Big Fish","player_choice":"Donut","floor":7,"damage_taken":0},{"event_name":"Scrap Ooze","player_choice":"success","floor":11,"damage_taken":7},{"event_name":"Dead Adventurer","player_choice":"Searched \u00270\u0027 times","floor":14,"damage_taken":0},{"event_name":"Duplicator","player_choice":"One dupe","floor":21,"damage_taken":0},{"event_name":"The Lab","player_choice":"Got Potions","floor":25,"damage_taken":0},{"event_name":"Addict","player_choice":"Obtained Relic","floor":27,"damage_taken":0},{"event_name":"The Mausoleum","player_choice":"No","floor":28,"damage_taken":0}],"boss_relics":[{"not_picked":["Lizard Tail","White Beast Statue"],"picked":"Velvet Choker"}],"potions_floor_spawned":[2,5,13,18],"seed_played":"-7725703440082879718","killed_by":"Snake Plant","ascension_level":0,"is_trial":false}