{"gold_per_floor":[15,25,45,60,70,70,70,23,104,104,114,114,114,39,39,141,141,161,178,208,256,256,171,171],"floor_reached":24,"playtime":712,"items_purged":["Strike_R"],"score":251,"play_id":"78c7b5ad-efc4-4633-b6af-fa41eaec4507","local_time":"20180811190316","is_ascension_mode":true,"campfire_choices":[{"data":"Flame Barrier","floor":6,"key":"SMITH"},{"data":"Sword Boomerang","floor":10,"key":"SMITH"},{"data":"Bash","floor":15,"key":"SMITH"}],"neow_cost":"NO_GOLD","seed_source_timestamp":531339310293013,"circlet_count":0,"master_deck":["Strike_R+1","Defend_R","Bash+1","Sentinel","Battle Trance","Sword Boomerang+1","Flame Barrier+1","Inflame+1","Reaper","Berserk+1","Clothesline+1","Seeing Red+1","Sword Boomerang","Feel No Pain","Dark Embrace"],"relics":["Burning Blood","Dodecahedron","Matryoshka","Astrolabe","Red Mask","Boot","Vajra","Regal Pillow"],"potions_floor_usage":[16,20],"damage_taken":[{"damage":0,"enemies":"2 Louse","floor":1,"turns":6},{"damage":12,"enemies":"Small Slimes","floor":2,"turns":4},{"damage":3,"enemies":"Jaw Worm","floor":3,"turns":5},{"damage":13,"enemies":"Exordium Wildlife","floor":4,"turns":5},{"damage":19,"enemies":"3 Louse","floor":5,"turns":5},{"damage":6,"enemies":"Looter","floor":11,"turns":2},{"damage":36,"enemies":"Slime Boss","floor":16,"turns":7},{"damage":0,"enemies":"3 Byrds","floor":18,"turns":3},{"damage":6,"enemies":"Spheric Guardian","floor":19,"turns":3},{"damage":66,"floor":20,"turns":4},{"damage":84,"enemies":"Slavers","floor":24,"turns":4}],"seed_played":"-5715312494685966057","potions_obtained":[{"floor":4,"key":"PowerPotion"},{"floor":5,"key":"FearPotion"},{"floor":11,"key":"SkillPotion"},{"floor":16,"key":"SpeedPotion"}],"is_trial":false,"path_per_floor":["M","M","M","M","M","R","?","?","T","R","M","?","T","$","R","B",null,"M","M","?","T","?","?"],"character_chosen":"IRONCLAD","items_purchased":[],"campfire_rested":0,"item_purchase_floors":[],"current_hp_per_floor":[78,72,75,68,55,55,39,39,39,39,39,39,39,39,39,9,62,74,74,24,24,80,80,0],"gold":171,"neow_bonus":"TRANSFORM_TWO_CARDS","is_prod":false,"is_daily":false,"chose_seed":false,"campfire_upgraded":3,"win_rate":0,"timestamp":1534028596,"path_taken":["M","M","M","M","M","R","?","?","T","R","M","?","?","?","R","BOSS","M","M","?","?","?","?","E"],"build_version":"2018-08-08","purchased_purges":1,"victory":false,"max_hp_per_floor":[80,80,80,80,80,80,80,80,80,80,80,80,80,80,80,80,80,80,80,80,80,80,80,80],"card_choices":[{"not_picked":["Havoc","Clash","Dropkick"],"picked":"SKIP","floor":1},{"not_picked":["Clash","Sever Soul"],"picked":"Sword Boomerang","floor":2},{"not_picked":["Wild Strike","Body Slam"],"picked":"Flame Barrier","floor":3},{"not_picked":["Perfected Strike","Seeing Red","Anger"],"picked":"SKIP","floor":4},{"not_picked":["Searing Blow","Entrench"],"picked":"Inflame","floor":5},{"not_picked":["Perfected Strike","Combust","Clothesline"],"picked":"SKIP","floor":11},{"not_picked":["Impervious","Brutality"],"picked":"Reaper","floor":16},{"not_picked":["Iron Wave","Spot Weakness"],"picked":"Sword Boomerang","floor":18},{"not_picked":["Iron Wave+1","Havoc"],"picked":"Feel No Pain","floor":19},{"not_picked":["Headbutt","Clash+1"],"picked":"Dark Embrace","floor":20}],"player_experience":856584,"relics_obtained":[{"floor":9,"key":"Dodecahedron"},{"floor":13,"key":"Matryoshka"},{"floor":20,"key":"Red Mask"},{"floor":21,"key":"Boot"},{"floor":21,"key":"Vajra"}],"event_choices":[{"event_name":"Shining Light","player_choice":"Entered Light","floor":7,"damage_taken":0},{"event_name":"World of Goop","player_choice":"Left","floor":8,"damage_taken":0},{"event_name":"Living Wall","player_choice":"Change","floor":12,"damage_taken":0},{"event_name":"Masked Bandits","player_choice":"Fought Bandits","floor":20,"damage_taken":0},{"event_name":"Bonfire Elementals","player_choice":"UNCOMMON","floor":22,"damage_taken":0},{"event_name":"Addict","player_choice":"Obtained Relic","floor":23,"damage_taken":0}],"is_beta":true,"boss_relics":[{"not_picked":["Lizard Tail","Pandora\u0027s Box"],"picked":"Astrolabe"}],"items_purged_floors":[14],"is_endless":false,"potions_floor_spawned":[4,5,11,16,19],"killed_by":"Slavers","ascension_level":7}