{"gold_per_floor":[112,128,78,78,78,78,98,110,110,110,123,123,141,174,174,174],"floor_reached":16,"playtime":406,"items_purged":["Strike_R"],"score":127,"play_id":"69f8c326-c374-4819-8db9-a08d4ae5bf3f","local_time":"20190307123948","is_ascension_mode":false,"campfire_choices":[{"data":"Inflame","floor":6,"key":"SMITH"},{"data":"ReplayTheSpireMod:Strike From Hell","floor":15,"key":"SMITH"}],"neow_cost":"NONE","seed_source_timestamp":1375703389332550,"circlet_count":0,"master_deck":["Strike_R+1","Strike_R","Strike_R","Strike_R","Defend_R","Defend_R","Defend_R","Defend_R","Bash","Purity+1","Inflame+1","strawberrySpire:CrashLanding","Massacre","ReplayTheSpireMod:Stacked","Injury","Hatred","infinitespire:Gouge","Pot Of Greed","Pot Of Greed","ReplayTheSpireMod:Strike From Hell+1"],"relics":["Burning Blood","Darkstone Periapt","Grinning Jar"],"potions_floor_usage":[],"damage_taken":[{"damage":12,"enemies":"2 Louse","floor":1,"turns":4},{"damage":1,"enemies":"Jaw Worm","floor":2,"turns":3},{"damage":0,"enemies":"Cultist","floor":7,"turns":3},{"damage":10,"enemies":"3 Louse","floor":8,"turns":2},{"damage":4,"enemies":"Blue Slaver","floor":11,"turns":3},{"damage":13,"enemies":"Red Slaver","floor":13,"turns":3},{"damage":20,"enemies":"Lagavulin","floor":14,"turns":5},{"damage":65,"enemies":"The Guardian","floor":16,"turns":8}],"seed_played":"-3429679747687092511","potions_obtained":[{"floor":2,"key":"SkillPotion"},{"floor":7,"key":"Dexterity Potion"},{"floor":11,"key":"SmokeBomb"}],"is_trial":false,"path_per_floor":["M","M","$","?","?","R","M","M","T","$","M","?","M","E","R","B"],"character_chosen":"IRONCLAD","items_purchased":["strawberrySpire:CrashLanding"],"campfire_rested":0,"item_purchase_floors":[3],"current_hp_per_floor":[74,79,79,63,68,68,74,70,70,70,72,84,77,63,63,0],"gold":174,"neow_bonus":"RANDOM_COLORLESS","is_prod":false,"is_daily":false,"chose_seed":false,"campfire_upgraded":2,"win_rate":0,"timestamp":1551980388,"path_taken":["M","M","$","?","?","R","?","M","T","?","M","?","M","E","R","BOSS"],"build_version":"2019-01-23","purchased_purges":1,"victory":false,"max_hp_per_floor":[80,80,80,80,85,85,85,85,85,85,85,97,97,97,97,97],"card_choices":[{"not_picked":["Twin Strike","Power Through"],"picked":"Inflame","floor":1},{"not_picked":["Run Through","True Grit","Iron Wave"],"picked":"SKIP","floor":2},{"not_picked":["ReplayTheSpireMod:LeadingStrike","Hemokinesis"],"picked":"Massacre","floor":7},{"not_picked":["ReplayReversal","Seeing Red","Bloodletting"],"picked":"SKIP","floor":8},{"not_picked":["Wild Strike","strawberrySpire:DangerMountain"],"picked":"ReplayTheSpireMod:Stacked","floor":11},{"not_picked":["ReplayTheSpireMod:Haul","infinitespire:NeuralNetwork"],"picked":"infinitespire:Gouge","floor":12},{"not_picked":["ReplayTheSpireMod:Strike From Hell","Headbutt","Blood for Blood"],"picked":"SKIP","floor":13},{"not_picked":["strawberrySpire:PumpUp","Thunderclap"],"picked":"ReplayTheSpireMod:Strike From Hell","floor":14}],"player_experience":726653,"relics_obtained":[{"floor":9,"key":"Darkstone Periapt"},{"floor":14,"key":"Grinning Jar"}],"event_choices":[{"damage_healed":0,"gold_gain":0,"player_choice":"Entered Light","damage_taken":16,"max_hp_gain":0,"max_hp_loss":0,"event_name":"Shining Light","floor":4,"gold_loss":0,"cards_upgraded":["Purity","Strike_R"]},{"damage_healed":0,"gold_gain":0,"player_choice":"Donut","damage_taken":0,"max_hp_gain":5,"max_hp_loss":0,"event_name":"Big Fish","floor":5,"gold_loss":0}],"is_beta":false,"boss_relics":[],"items_purged_floors":[3],"is_endless":false,"potions_floor_spawned":[2,7,11],"killed_by":"The Guardian","ascension_level":0}