{"gold_per_floor":[119,119,134,151,151,151,185,200,225,240,256,110,110,120,120,215,215,231,251,269,269,17,17,17,17,17,17,32,51,51,66,66,167,390,410,422,434,434,36,52,52,52,52,52,52,52,66,86,86,136],"floor_reached":51,"playtime":1749,"items_purged":["Strike_B","Defend_B"],"score":803,"play_id":"bf5c0629-aa8f-460c-b145-dd6e3c0c3d0a","local_time":"20190222183035","is_ascension_mode":false,"campfire_choices":[{"data":"Zap","floor":6,"key":"SMITH"},{"floor":13,"key":"REST"},{"floor":15,"key":"REST"},{"data":"strawberrySpire:FocalLaser","floor":23,"key":"SMITH"},{"data":"strawberrySpire:AngeryBot","floor":25,"key":"SMITH"},{"floor":30,"key":"REST"},{"floor":32,"key":"REST"},{"floor":45,"key":"REST"},{"floor":49,"key":"REST"}],"neow_cost":"NONE","seed_source_timestamp":272210318741401,"circlet_count":0,"master_deck":["Defend_B","Defend_B","Zap+1","Dualcast","FTL","strawberrySpire:Disconnect","strawberrySpire:FocalLaser+1","ReplayGash","ReplaySolidLightProjector+1","Skim+1","Self Repair","strawberrySpire:AngeryBot+1","Reboot+1","BootSequence+1","Beam Cell+1","Rebound","strawberrySpire:AnotherWinter","ReplayTheSpireMod:Calculation Training+1","Leap+1","Capacitor+1","Double Energy+1","Writhe"],"relics":["Cracked Core","NeowsBlessing","Toxic Egg 2","infinitespire:CursedDice","Juzu Bracelet","Painkiller Herb","Bottled Flame","hubris:MobiusCoin","Replay:Towering Pillar of Hats","Astrolabe","Durian","infinitespire:Bottled Soul","Pear","aspiration:StickyExplosives"],"potions_floor_usage":[20,37,47,50,50],"damage_taken":[{"damage":0,"enemies":"Jaw Worm","floor":1,"turns":1},{"damage":0,"enemies":"2 Louse","floor":3,"turns":1},{"damage":0,"enemies":"Small Slimes","floor":4,"turns":1},{"damage":34,"enemies":"Lagavulin","floor":7,"turns":7},{"damage":14,"enemies":"Exordium Wildlife","floor":8,"turns":3},{"damage":11,"enemies":"Blue Slaver","floor":10,"turns":3},{"damage":1,"enemies":"Large Slime","floor":11,"turns":5},{"damage":3,"enemies":"3 Louse","floor":14,"turns":2},{"damage":41,"enemies":"Hexaghost","floor":16,"turns":9},{"damage":7,"enemies":"Chosen","floor":18,"turns":5},{"damage":18,"enemies":"Spheric Guardian","floor":19,"turns":5},{"damage":21,"enemies":"Snake Plant","floor":20,"turns":6},{"damage":30,"enemies":"Snecko","floor":28,"turns":6},{"damage":14,"enemies":"3 Cultists","floor":29,"turns":6},{"damage":18,"enemies":"Shelled Parasite and Fungi","floor":31,"turns":5},{"damage":26,"enemies":"Champ","floor":33,"turns":8},{"damage":39,"enemies":"3 Darklings","floor":35,"turns":7},{"damage":15,"enemies":"Orb Walker","floor":36,"turns":4},{"damage":25,"enemies":"Jaw Worm Horde","floor":37,"turns":5},{"damage":12,"enemies":"Sphere and 2 Shapes","floor":40,"turns":5},{"damage":16,"enemies":"4 Shapes","floor":47,"turns":4},{"damage":19,"enemies":"Maw","floor":48,"turns":6},{"damage":77,"enemies":"infinitespire:MassOfShapes","floor":50,"turns":13}],"seed_played":"6617194153624414185","potions_obtained":[{"floor":7,"key":"Ancient Potion"},{"floor":8,"key":"Fire Potion"},{"floor":16,"key":"Block Potion"},{"floor":31,"key":"GamblersBrew"},{"floor":37,"key":"Adrenaline Potion"},{"floor":47,"key":"EssenceOfSteel"}],"is_trial":false,"path_per_floor":["M","?","M","M","?","R","E","M","T","M","M","$","R","M","R","B",null,"?","?","?","?","T","T","?","T","T","T","?","?","T","?","T","B",null,"?","?","?","?","T","?","?","T","T","T","T","T","?","?","T","B",null],"character_chosen":"DEFECT","items_purchased":["Self Repair","Bottled Flame","Durian"],"campfire_rested":6,"item_purchase_floors":[12,22,39],"current_hp_per_floor":[75,68,68,68,68,68,34,20,20,9,8,8,30,27,49,15,75,75,64,50,50,50,50,50,50,50,50,27,20,42,31,53,34,75,43,35,17,17,22,17,37,37,37,37,61,71,62,50,77,39],"gold":136,"neow_bonus":"THREE_ENEMY_KILL","is_prod":false,"is_daily":false,"chose_seed":false,"campfire_upgraded":3,"win_rate":0,"timestamp":1550878235,"path_taken":["M","?","M","M","?","R","E","M","T","M","M","$","R","M","R","BOSS","?","?","?","?","T","T","?","T","T","?","?","?","T","?","T","BOSS","?","?","?","?","T","?","?","T","T","T","T","?","?","?","T","BOSS"],"build_version":"2019-01-23","purchased_purges":2,"victory":true,"max_hp_per_floor":[75,75,75,75,75,75,75,75,75,75,75,75,75,75,75,75,75,75,75,75,75,75,75,75,75,75,75,75,75,75,75,75,75,75,75,75,75,75,80,80,80,80,80,80,80,90,90,90,90,90],"card_choices":[{"not_picked":["BasicCrystalCard","Streamline"],"picked":"FTL","floor":1},{"not_picked":["Rebound","Panic Button+1"],"picked":"strawberrySpire:Disconnect","floor":3},{"not_picked":["BasicCrystalCard+1","Melter","Go for the Eyes"],"picked":"SKIP","floor":4},{"not_picked":["Static Discharge","Sweeping Beam"],"picked":"strawberrySpire:FocalLaser","floor":7},{"not_picked":["Ball Lightning","ReplayTheSpireMod:System Scan+1"],"picked":"ReplayGash","floor":8},{"not_picked":["Streamline","Scrape"],"picked":"ReplaySolidLightProjector+1","floor":10},{"not_picked":["strawberrySpire:NeonFlight+1","Barrage"],"picked":"Skim+1","floor":11},{"not_picked":["Consume+1","Sunder"],"picked":"strawberrySpire:AngeryBot","floor":14},{"not_picked":["Rainbow+1","Buffer"],"picked":"Reboot+1","floor":16},{"not_picked":["Barrage","strawberrySpire:Adapter+1","Go for the Eyes"],"picked":"SKIP","floor":18},{"not_picked":["Streamline+1","Barrage"],"picked":"BootSequence+1","floor":19},{"not_picked":["strawberrySpire:Disconnect","ReplayTheSpireMod:Reroute Power+1","Reinforced Body+1"],"picked":"SKIP","floor":20},{"not_picked":["Cold Snap","Compile Driver+1"],"picked":"Beam Cell+1","floor":28},{"not_picked":["Conserve Battery+1","Capacitor"],"picked":"Rebound","floor":29},{"not_picked":["Machine Learning","Redo+1","strawberrySpire:DataDump"],"picked":"SKIP","floor":31},{"not_picked":["Mirror Shield+1","hubris:Prefetch+1"],"picked":"strawberrySpire:AnotherWinter","floor":33},{"not_picked":["Doom and Gloom","Blizzard+1","ReplaySolidLightProjector+1"],"picked":"SKIP","floor":35},{"not_picked":["FIFO Queue+1","Sweeping Beam","Rebound"],"picked":"SKIP","floor":36},{"not_picked":["White Noise+1","Double Energy+1","Gash"],"picked":"SKIP","floor":37},{"not_picked":["White Noise+1","Gash"],"picked":"Double Energy+1","floor":37},{"not_picked":["Sunder","Static Discharge+1","Redo+1"],"picked":"SKIP","floor":40},{"not_picked":["Crystallizer+1","Streamline+1","Rebound"],"picked":"SKIP","floor":47},{"not_picked":["ReplayTheSpireMod:GoodbyeWorld","Hello World","Hologram+1"],"picked":"SKIP","floor":48}],"player_experience":716578,"relics_obtained":[{"floor":7,"key":"infinitespire:CursedDice"},{"floor":9,"key":"Juzu Bracelet"},{"floor":26,"key":"hubris:MobiusCoin"},{"floor":27,"key":"Replay:Towering Pillar of Hats"},{"floor":43,"key":"infinitespire:Bottled Soul"},{"floor":46,"key":"Pear"}],"event_choices":[{"damage_healed":0,"gold_gain":0,"player_choice":"Success","damage_taken":7,"relics_obtained":["Toxic Egg 2"],"max_hp_gain":0,"max_hp_loss":0,"event_name":"Scrap Ooze","floor":2,"gold_loss":0},{"damage_healed":0,"gold_gain":0,"player_choice":"Ignored","damage_taken":0,"max_hp_gain":0,"max_hp_loss":0,"event_name":"Liars Game","floor":5,"gold_loss":0},{"cards_removed":["Strike_B"],"damage_healed":0,"gold_gain":0,"player_choice":"Elegance","damage_taken":0,"max_hp_gain":0,"max_hp_loss":0,"event_name":"Back to Basics","floor":21,"gold_loss":0},{"damage_healed":20,"gold_gain":0,"player_choice":"Writhe","damage_taken":0,"max_hp_gain":0,"max_hp_loss":0,"event_name":"Winding Halls","floor":41,"gold_loss":0,"cards_obtained":["Writhe"]}],"is_beta":false,"boss_relics":[{"not_picked":["hubris:VirtuousBlindfold","ReplayTheSpireMod:Onyx Gauntlets"],"picked":"Painkiller Herb"},{"not_picked":["Calling Bell","Philosopher\u0027s Stone"],"picked":"Astrolabe"}],"items_purged_floors":[12,39],"is_endless":false,"potions_floor_spawned":[7,8,16,19,31,33,36,37,47],"ascension_level":0}