{"path_per_floor":["M","$","M","M","M","E","M","R","T","?","R","M","$","M","R","B",null,"M","?","?","M","T","R","M","E","T","R","$","M","$"],"character_chosen":"IRONCLAD","items_purchased":["Burning Pact"],"gold_per_floor":[114,39,56,66,81,114,128,128,128,128,128,139,39,50,50,149,149,118,118,118,132,159,159,179,213,213,213,140,159,34],"floor_reached":31,"campfire_rested":1,"playtime":1600,"current_hp_per_floor":[79,79,84,83,78,59,57,57,57,79,79,72,72,73,73,22,88,79,79,79,74,74,74,45,39,39,65,65,48,48],"items_purged":["Strike_R","Strike_R","Strike_R"],"gold":34,"score":257,"play_id":"0f55f487-7c32-4ebf-b45b-dd0431910b14","is_prod":false,"is_daily":false,"is_ascension_mode":false,"campfire_upgraded":4,"path_taken":["M","?","?","M","M","E","M","R","T","?","R","M","?","?","R","BOSS","M","?","?","M","?","R","M","E","T","R","$","M","?","M"],"build_version":"2018-02-22-PROD1","purchased_purges":3,"victory":false,"master_deck":["Strike_R","Defend_R","Defend_R","Defend_R+1","Defend_R","Bash+1","Sword Boomerang","Clothesline","Sever Soul","Ghostly Armor+1","Clothesline+1","Evolve","Parasite","Dropkick","Power Through+1","Barricade+1","Thunderclap","Injury","Ghostly Armor+1","Decay","Carnage","Fiend Fire","Injury","Burning Pact","Shrug It Off+1"],"max_hp_per_floor":[88,88,88,88,88,88,88,88,88,88,88,88,88,88,88,88,88,88,88,88,88,88,88,88,88,88,88,88,88,88],"relics":["Burning Blood","Self Forming Clay","Calipers","Cursed Key","War Paint","Bird Faced Urn","Champion Belt"],"card_choices":[{"not_picked":["Wild Strike","Anger"],"picked":"Sword Boomerang"},{"not_picked":["Anger","Combust"],"picked":"Clothesline"},{"not_picked":["Fiend Fire","Disarm"],"picked":"Sever Soul"},{"not_picked":["Wild Strike","Anger"],"picked":"Ghostly Armor"},{"not_picked":["Juggernaut","Cleave"],"picked":"Clothesline"},{"not_picked":["Battle Trance","Anger"],"picked":"Evolve"},{"not_picked":["True Grit","Flex"],"picked":"Dropkick"},{"not_picked":["Clothesline","Warcry"],"picked":"Power Through"},{"not_picked":["Bludgeon","Berserk"],"picked":"Barricade"},{"not_picked":["Combust","Clash"],"picked":"Thunderclap"},{"not_picked":["Cleave","Iron Wave"],"picked":"Ghostly Armor"},{"not_picked":["Rupture","Clothesline"],"picked":"Carnage"},{"not_picked":["Flex","Rage"],"picked":"Fiend Fire"},{"not_picked":["Warcry","Armaments"],"picked":"Shrug It Off"}],"player_experience":113845,"potions_floor_usage":[25,31],"damage_taken":[{"damage":15,"enemies":"Cultist","floor":1,"turns":4},{"damage":1,"enemies":"Jaw Worm","floor":3,"turns":3},{"damage":7,"enemies":"2 Louse","floor":4,"turns":3},{"damage":11,"enemies":"Blue Slaver","floor":5,"turns":3},{"damage":25,"enemies":"3 Sentries","floor":6,"turns":12},{"damage":8,"enemies":"Exordium Wildlife","floor":7,"turns":6},{"damage":13,"enemies":"Lots of Slimes","floor":12,"turns":5},{"damage":5,"enemies":"Looter","floor":14,"turns":3},{"damage":57,"enemies":"Slime Boss","floor":16,"turns":19},{"damage":15,"enemies":"2 Thieves","floor":18,"turns":5},{"damage":11,"enemies":"3 Byrds","floor":21,"turns":7},{"damage":35,"enemies":"Sentry and Sphere","floor":24,"turns":14},{"damage":12,"enemies":"Book of Stabbing","floor":25,"turns":9},{"damage":27,"enemies":"Snake Plant","floor":29,"turns":5},{"damage":52,"enemies":"Slaver and Parasite","floor":31,"turns":10}],"event_choices":[{"event_name":"Mushrooms","player_choice":"Healed and dodged fight","floor":10,"damage_taken":0},{"event_name":"Purifier","player_choice":"One Purge","floor":19,"damage_taken":0},{"event_name":"Accursed Blacksmith","player_choice":"Forge","floor":20,"damage_taken":0}],"boss_relics":[{"not_picked":["White Beast Statue","Question Card"],"picked":"Cursed Key"}],"potions_floor_spawned":[6,7,14,16,21,24,29],"seed_played":"-3243743417352681366","killed_by":"Slaver and Parasite","ascension_level":0,"is_trial":false}