{"gold_per_floor":[110,125,75,75,29,56,56,56,56,56,56,85,95,109,109,109],"floor_reached":16,"playtime":410,"items_purged":[],"score":157,"play_id":"1178e8d3-38a9-48d5-af18-1f606fc9830c","local_time":"20181010192230","is_ascension_mode":true,"campfire_choices":[{"data":"Corruption","floor":7,"key":"SMITH"},{"floor":10,"key":"REST"},{"floor":15,"key":"REST"}],"neow_cost":"TEN_PERCENT_HP_LOSS","seed_source_timestamp":273928299125796,"circlet_count":0,"master_deck":["Strike_R","Strike_R","Strike_R","Defend_R","Defend_R","Defend_R","Bash","Corruption+1","Iron Wave","Twin Strike","Thunderclap","Armaments","Feed","Headbutt","Dropkick"],"relics":["Burning Blood","Happy Flower","Bag of Marbles","Bottled Tornado"],"potions_floor_usage":[],"damage_taken":[{"damage":1,"enemies":"Cultist","floor":1,"turns":3},{"damage":2,"enemies":"2 Louse","floor":2,"turns":3},{"damage":50,"enemies":"3 Sentries","floor":6,"turns":12},{"damage":38,"enemies":"Lagavulin","floor":12,"turns":6},{"damage":0,"enemies":"Small Slimes","floor":13,"turns":2},{"damage":6,"enemies":"2 Fungi Beasts","floor":14,"turns":3},{"damage":48,"enemies":"Hexaghost","floor":16,"turns":9}],"seed_played":"5662689614589631990","potions_obtained":[{"floor":1,"key":"FearPotion"},{"floor":6,"key":"Ancient Potion"}],"is_trial":false,"path_per_floor":["M","M","?","?","$","E","R","?","T","R","?","E","M","M","R"],"character_chosen":"IRONCLAD","items_purchased":["Thunderclap"],"campfire_rested":2,"item_purchase_floors":[5],"current_hp_per_floor":[72,72,72,65,65,21,21,21,21,42,42,10,19,22,45,0],"gold":109,"neow_bonus":"TRANSFORM_TWO_CARDS","is_prod":false,"is_daily":false,"chose_seed":false,"campfire_upgraded":1,"win_rate":0,"timestamp":1539213750,"path_taken":["M","M","?","?","?","E","R","?","T","R","?","E","M","M","R","BOSS"],"build_version":"2018-10-09","purchased_purges":0,"victory":false,"max_hp_per_floor":[72,72,72,72,72,72,72,72,72,72,72,72,75,78,78,78],"card_choices":[{"not_picked":["Bloodletting","Havoc"],"picked":"Iron Wave","floor":1},{"not_picked":["Spot Weakness","True Grit"],"picked":"Twin Strike","floor":2},{"not_picked":["Reckless Charge","Intimidate"],"picked":"Armaments","floor":6},{"not_picked":["Wild Strike","Hemokinesis"],"picked":"Feed","floor":12},{"not_picked":["Body Slam","Armaments"],"picked":"Headbutt","floor":13},{"not_picked":["True Grit","Pommel Strike"],"picked":"Dropkick","floor":14}],"player_experience":919348,"relics_obtained":[{"floor":6,"key":"Happy Flower"},{"floor":9,"key":"Bag of Marbles"},{"floor":12,"key":"Bottled Tornado"}],"event_choices":[{"event_name":"The Cleric","player_choice":"Card Removal","floor":3,"damage_taken":0},{"event_name":"Golden Wing","player_choice":"Card Removal","floor":4,"damage_taken":0},{"event_name":"Dead Adventurer","player_choice":"Searched \u00270\u0027 times","floor":8,"damage_taken":0},{"event_name":"Scrap Ooze","player_choice":"unsuccessful","floor":11,"damage_taken":0}],"is_beta":true,"boss_relics":[],"items_purged_floors":[],"is_endless":false,"potions_floor_spawned":[1,6],"killed_by":"Hexaghost","ascension_level":9}