{"path_per_floor":["M","M","$","?","M","R","M","M","T","M","R","?","?","$","R","B",null,"M","M","$","M","M","R","?","R","T","M","R","$","M","M","R","B",null,"M","M","M","M","M","R"],"character_chosen":"IRONCLAD","items_purchased":["Metallicize","Bottled Flame","Body Slam","Evolve"],"gold_per_floor":[118,137,68,243,261,261,281,251,251,268,268,268,268,16,16,115,115,134,145,16,29,42,42,42,42,42,52,52,14,26,36,36,138,138,156,168,187,200,214,214,214],"floor_reached":41,"campfire_rested":2,"playtime":1339,"current_hp_per_floor":[80,77,77,77,80,80,80,72,72,78,78,78,71,71,71,68,80,60,46,46,34,17,17,17,17,17,14,38,38,19,8,32,12,80,74,32,26,25,23,23,0],"items_purged":["Clash"],"gold":214,"score":389,"play_id":"c5489c5c-cdbb-4aa7-b061-a8f33e16d480","local_time":"20180420162701","is_prod":false,"is_daily":false,"chose_seed":false,"is_ascension_mode":false,"campfire_upgraded":6,"timestamp":1524256021,"path_taken":["M","M","$","?","M","R","M","M","T","M","R","?","?","$","R","BOSS","M","M","$","M","M","R","?","R","T","M","R","?","?","M","R","BOSS","M","M","M","M","M","R","M"],"build_version":"2018-04-19","seed_source_timestamp":1700850276385501,"purchased_purges":1,"victory":false,"master_deck":["Strike_R","Strike_R","Strike_R","Strike_R","Strike_R","Defend_R","Defend_R","Defend_R","Bash","Armaments+1","Metallicize","Combust+1","Battle Trance","Seeing Red","Immolate+1","Barricade+1","Headbutt+1","Body Slam","True Grit+1","Warcry","Body Slam","Evolve","Power Through+1","Dual Wield","Double Tap","Shrug It Off+1","Shrug It Off","Armaments"],"max_hp_per_floor":[80,80,80,80,80,80,80,80,80,80,80,80,80,80,80,80,80,80,80,80,80,80,80,80,80,80,80,80,80,80,80,80,80,80,80,80,80,80,80,80,80],"relics":["Burning Blood","Letter Opener","Bottled Flame","Mark of Pain","Matryoshka","Philosopher\u0027s Stone"],"card_choices":[{"not_picked":["Warcry","Sever Soul"],"picked":"Armaments","floor":1},{"not_picked":["Iron Wave","Warcry"],"picked":"Clash","floor":2},{"not_picked":["Shrug It Off","Sword Boomerang"],"picked":"Combust","floor":5},{"not_picked":["Armaments","Havoc"],"picked":"Battle Trance","floor":7},{"not_picked":["Rupture","Headbutt"],"picked":"Seeing Red","floor":8},{"not_picked":["Disarm","Twin Strike"],"picked":"Immolate","floor":10},{"not_picked":["Fiend Fire","Exhume"],"picked":"Barricade","floor":16},{"not_picked":["Thunderclap","Whirlwind"],"picked":"Headbutt","floor":18},{"not_picked":["Clothesline","Clash"],"picked":"True Grit","floor":21},{"not_picked":["Sentinel","Clothesline"],"picked":"Warcry","floor":22},{"not_picked":["Exhume","Heavy Blade"],"picked":"Body Slam","floor":27},{"not_picked":["Flex","Metallicize"],"picked":"Power Through","floor":30},{"not_picked":["Twin Strike","Armaments"],"picked":"Dual Wield","floor":31},{"not_picked":["Bludgeon","Reaper"],"picked":"Double Tap","floor":33},{"not_picked":["Blood for Blood","Infernal Blade"],"picked":"Shrug It Off","floor":37},{"not_picked":["Searing Blow","Disarm"],"picked":"Shrug It Off","floor":38},{"not_picked":["Carnage","Perfected Strike"],"picked":"Armaments","floor":39}],"player_experience":383297,"potions_floor_usage":[27,33,33,33],"damage_taken":[{"damage":0,"enemies":"2 Louse","floor":1,"turns":3},{"damage":9,"enemies":"Small Slimes","floor":2,"turns":5},{"damage":0,"enemies":"Cultist","floor":5,"turns":4},{"damage":3,"enemies":"Large Slime","floor":7,"turns":6},{"damage":14,"enemies":"Looter","floor":8,"turns":4},{"damage":0,"enemies":"Exordium Wildlife","floor":10,"turns":5},{"damage":9,"enemies":"Slime Boss","floor":16,"turns":7},{"damage":26,"enemies":"2 Thieves","floor":18,"turns":3},{"damage":20,"enemies":"Shell Parasite","floor":19,"turns":4},{"damage":18,"enemies":"Snake Plant","floor":21,"turns":4},{"damage":23,"enemies":"Snecko","floor":22,"turns":4},{"damage":9,"enemies":"Centurion and Healer","floor":27,"turns":3},{"damage":25,"enemies":"Snake Plant","floor":30,"turns":4},{"damage":17,"enemies":"Sentry and Sphere","floor":31,"turns":5},{"damage":26,"enemies":"Champ","floor":33,"turns":8},{"damage":12,"enemies":"3 Shapes","floor":35,"turns":3},{"damage":48,"enemies":"3 Darklings","floor":36,"turns":3},{"damage":12,"enemies":"4 Shapes","floor":37,"turns":4},{"damage":7,"enemies":"Sphere and 2 Shapes","floor":38,"turns":3},{"damage":8,"enemies":"3 Darklings","floor":39,"turns":2},{"damage":27,"enemies":"Maw","floor":41,"turns":9}],"event_choices":[{"event_name":"Liars Game","player_choice":"agreed","floor":4,"damage_taken":0},{"event_name":"Wheel of Change","player_choice":"Card Removal","floor":12,"damage_taken":0},{"event_name":"Golden Wing","player_choice":"Card Removal","floor":13,"damage_taken":0},{"event_name":"Cursed Tome","player_choice":"Ignored","floor":24,"damage_taken":0}],"boss_relics":[{"not_picked":["Runic Dome","Lizard Tail"],"picked":"Mark of Pain"},{"not_picked":["Runic Cube","Pandora\u0027s Box"],"picked":"Philosopher\u0027s Stone"}],"potions_floor_spawned":[7,16,19,22,30,33,38,39],"seed_played":"-7175487745975533386","killed_by":"Maw","ascension_level":0,"is_trial":false}