{"gold_per_floor":[118,132,132,206,206,206,238,238,238,272,272,13,31,57,57,131,131,144,174,188,37,37,63,63,82,82,95,125,137,184,209,221,309,321,352,5,17,62,79,112,112,141,167,194,194,227,227,246,246,246,246,246,27,55,55],"floor_reached":56,"playtime":6229,"items_purged":["Survivor"],"score":2246,"play_id":"642c60db-3587-441f-903a-84062be75b42","local_time":"20190903235351","is_ascension_mode":true,"campfire_choices":[{"data":"Neutralize","floor":6.0,"key":"SMITH"},{"data":"1","floor":8.0,"key":"LIFT"},{"data":"2","floor":11.0,"key":"LIFT"},{"data":"3","floor":15.0,"key":"LIFT"},{"data":"Deflect","floor":24.0,"key":"SMITH"},{"data":"Calculated Gamble","floor":29.0,"key":"SMITH"},{"data":"Phantasmal Killer","floor":32.0,"key":"SMITH"},{"floor":41.0,"key":"DIG"},{"floor":47.0,"key":"RECALL"},{"floor":49.0,"key":"DIG"},{"floor":52.0,"key":"DIG"}],"neow_cost":"NONE","seed_source_timestamp":980839521766695,"circlet_count":0,"master_deck":["AscendersBane","Neutralize+1","Dagger Spray","Backflip","Deflect+1","PiercingWail","Deadly Poison","Dagger Throw+1","A Thousand Cuts+1","Backstab+1","Bouncing Flask","Accuracy+1","Glass Knife+1","Finisher+1","Backstab+1","Blur","Flying Knee+1","Skewer+1","Predator+1","Terror+1","Dodge and Roll+1","Caltrops+1","Dagger Spray+1","Infinite Blades+1","Calculated Gamble+1","Phantasmal Killer+1","Adrenaline","Cloak And Dagger+1","Forethought+1","Cloak And Dagger+1","Blur+1","Footwork+1","Distraction+1","Unload+1","Backstab+1","Concentrate+1","Footwork+1","Backflip+1","Slice+1","PiercingWail+1"],"special_seed":0,"relics":["Ring of the Snake","Omamori","Dodecahedron","Meat on the Bone","StoneCalendar","Girya","Tough Bandages","Kunai","Frozen Egg 2","Molten Egg 2","Pandora\u0027s Box","Red Mask","Bag of Preparation","Dead Branch","Ornamental Fan","Happy Flower","MawBank","Vajra","WristBlade","Toxic Egg 2","Shovel","Blood Vial","Orichalcum","Bottled Lightning","Bird Faced Urn","Shuriken","Pen Nib","Paper Crane","Mango"],"potions_floor_usage":[55,55],"damage_taken":[{"damage":0.0,"enemies":"Jaw Worm","floor":1.0,"turns":7.0},{"damage":4.0,"enemies":"2 Louse","floor":2.0,"turns":2.0},{"damage":15.0,"enemies":"Lagavulin","floor":7.0,"turns":10.0},{"damage":7.0,"enemies":"3 Sentries","floor":10.0,"turns":7.0},{"damage":4.0,"enemies":"Cultist","floor":13.0,"turns":3.0},{"damage":23.0,"enemies":"Gremlin Nob","floor":14.0,"turns":5.0},{"damage":4.0,"enemies":"Slime Boss","floor":16.0,"turns":7.0},{"damage":0.0,"enemies":"Shell Parasite","floor":18.0,"turns":2.0},{"damage":0.0,"enemies":"Masked Bandits","floor":19.0,"turns":2.0},{"damage":0.0,"enemies":"3 Byrds","floor":20.0,"turns":3.0},{"damage":9.0,"enemies":"Book of Stabbing","floor":23.0,"turns":4.0},{"damage":0.0,"enemies":"Cultist and Chosen","floor":25.0,"turns":2.0},{"damage":0.0,"enemies":"Snake Plant","floor":27.0,"turns":3.0},{"damage":4.0,"enemies":"Slavers","floor":28.0,"turns":4.0},{"damage":0.0,"enemies":"Book of Stabbing","floor":30.0,"turns":2.0},{"damage":0.0,"enemies":"Centurion and Healer","floor":31.0,"turns":3.0},{"damage":10.0,"enemies":"Collector","floor":33.0,"turns":4.0},{"damage":0.0,"enemies":"Orb Walker","floor":35.0,"turns":2.0},{"damage":0.0,"enemies":"3 Shapes","floor":37.0,"turns":1.0},{"damage":0.0,"enemies":"2 Orb Walkers","floor":38.0,"turns":3.0},{"damage":0.0,"enemies":"3 Darklings","floor":39.0,"turns":2.0},{"damage":0.0,"enemies":"Giant Head","floor":40.0,"turns":4.0},{"damage":0.0,"enemies":"Nemesis","floor":42.0,"turns":3.0},{"damage":0.0,"enemies":"Reptomancer","floor":44.0,"turns":4.0},{"damage":0.0,"enemies":"Nemesis","floor":46.0,"turns":3.0},{"damage":0.0,"enemies":"Writhing Mass","floor":48.0,"turns":2.0},{"damage":27.0,"enemies":"Awakened One","floor":50.0,"turns":7.0},{"damage":0,"enemies":"Shield and Spear","floor":54,"turns":4},{"damage":27,"enemies":"The Heart","floor":55,"turns":8}],"seed_played":"8636104410487666660","potions_obtained":[{"floor":2.0,"key":"EssenceOfSteel"},{"floor":10.0,"key":"Poison Potion"},{"floor":14.0,"key":"Strength Potion"},{"floor":16.0,"key":"Dexterity Potion"},{"floor":19.0,"key":"Explosive Potion"},{"floor":20.0,"key":"Block Potion"},{"floor":35.0,"key":"Ancient Potion"},{"floor":39.0,"key":"Dexterity Potion"},{"floor":48.0,"key":"PowerPotion"}],"is_trial":false,"path_per_floor":["M","M","?","T","?","R","E","R","T","E","R","$","M","E","R","B",null,"M","?","M","$","?","E","R","M","T","M","E","R","E","M","R","B",null,"M","$","M","?","M","E","R","E","T","E","?","E","R","M","R","B",null,"R","$","E","B",null],"character_chosen":"THE_SILENT","items_purchased":["Frozen Egg 2","Bag of Preparation","Toxic Egg 2","Forethought+1","Cloak And Dagger+1","Footwork+1","Backflip+1","Slice+1"],"campfire_rested":0,"item_purchase_floors":[12,21,36,36,36,53,53,53],"current_hp_per_floor":[63,59,59,59,52,52,37,37,37,42,42,42,38,27,27,35,61,61,61,61,61,61,52,52,52,52,52,48,48,48,48,48,38,62,62,62,62,62,62,62,62,64,64,66,66,70,70,70,70,45,64,64,64,84,62],"gold":55,"neow_bonus":"RANDOM_COMMON_RELIC","is_prod":false,"is_daily":false,"chose_seed":false,"campfire_upgraded":4,"win_rate":0,"timestamp":1567580031,"path_taken":["M","M","?","?","?","R","E","R","T","E","R","?","?","E","R","BOSS","M","?","M","$","?","E","R","M","T","?","E","R","E","M","R","BOSS","M","$","?","?","M","E","R","E","T","E","?","E","R","?","R","BOSS","R","$","E","BOSS"],"build_version":"2019-07-17","purchased_purges":1,"victory":true,"max_hp_per_floor":[70,70,70,70,70,70,70,70,70,70,70,70,70,70,70,70,70,70,70,70,70,70,70,70,70,70,70,70,70,70,70,70,70,70,70,70,70,70,70,70,70,70,70,70,70,70,70,70,70,70,70,70,70,84,84],"card_choices":[{"not_picked":["Prepared","Underhanded Strike"],"picked":"Dagger Spray","floor":1.0},{"not_picked":["Flying Knee","Poisoned Stab"],"picked":"Backflip","floor":2.0},{"not_picked":["Dagger Spray","Outmaneuver"],"picked":"Deflect","floor":7.0},{"not_picked":["Night Terror","Dagger Spray"],"picked":"PiercingWail","floor":10.0},{"not_picked":["Flying Knee","Acrobatics"],"picked":"Deadly Poison","floor":13.0},{"not_picked":["Terror","Phantasmal Killer"],"picked":"Dagger Throw","floor":14.0},{"not_picked":["Envenom+1","Bullet Time"],"picked":"A Thousand Cuts+1","floor":16.0},{"not_picked":["Outmaneuver","Blade Dance"],"picked":"Terror+1","floor":18.0},{"not_picked":["Masterful Stab+1","Endless Agony+1"],"picked":"Dodge and Roll+1","floor":19.0},{"not_picked":["Acrobatics","Underhanded Strike+1"],"picked":"Caltrops+1","floor":20.0},{"not_picked":["Glass Knife+1","Deflect"],"picked":"Dagger Spray+1","floor":23.0},{"not_picked":["Flechettes+1","PiercingWail"],"picked":"Infinite Blades+1","floor":25.0},{"not_picked":["Deadly Poison","Choke+1"],"picked":"Calculated Gamble","floor":27.0},{"not_picked":["Slice+1","Quick Slash+1","Underhanded Strike+1"],"picked":"SKIP","floor":28.0},{"not_picked":["Finisher+1","Eviscerate+1"],"picked":"Phantasmal Killer","floor":30.0},{"not_picked":["Quick Slash+1","Underhanded Strike+1","Bane+1"],"picked":"SKIP","floor":31.0},{"not_picked":["A Thousand Cuts+1","Venomology"],"picked":"Adrenaline","floor":33.0},{"not_picked":["Dagger Throw+1","Reflex"],"picked":"Cloak And Dagger+1","floor":35.0},{"not_picked":["Choke+1","Catalyst+1"],"picked":"Blur+1","floor":37.0},{"not_picked":["Accuracy+1","Quick Slash+1"],"picked":"Footwork+1","floor":38.0},{"not_picked":["Deflect+1","Outmaneuver+1","Deadly Poison+1"],"picked":"SKIP","floor":39.0},{"not_picked":["Skewer+1","Quick Slash+1"],"picked":"Distraction+1","floor":40.0},{"not_picked":["Dagger Spray+1","Dagger Throw+1"],"picked":"Unload+1","floor":42.0},{"not_picked":["Poisoned Stab+1","Sucker Punch+1","Deflect+1"],"picked":"SKIP","floor":44.0},{"not_picked":["Dash+1","Footwork+1"],"picked":"Backstab+1","floor":46.0},{"not_picked":["Flying Knee+1","Poisoned Stab+1"],"picked":"Concentrate+1","floor":48.0},{"not_picked":["Flying Knee+1","Outmaneuver+1"],"picked":"PiercingWail+1","floor":54}],"player_experience":877003,"relics_obtained":[{"floor":4.0,"key":"Meat on the Bone"},{"floor":7.0,"key":"Girya"},{"floor":9.0,"key":"Tough Bandages"},{"floor":10.0,"key":"Kunai"},{"floor":14.0,"key":"Molten Egg 2"},{"floor":19.0,"key":"Red Mask"},{"floor":23.0,"key":"Ornamental Fan"},{"floor":26.0,"key":"Happy Flower"},{"floor":28.0,"key":"MawBank"},{"floor":30.0,"key":"Vajra"},{"floor":38.0,"key":"Shovel"},{"floor":40.0,"key":"Blood Vial"},{"floor":41.0,"key":"Orichalcum"},{"floor":42.0,"key":"Bottled Lightning"},{"floor":44.0,"key":"Bird Faced Urn"},{"floor":46.0,"key":"Shuriken"},{"floor":49.0,"key":"Pen Nib"},{"floor":52.0,"key":"Paper Crane"},{"floor":54,"key":"Mango"}],"event_choices":[{"damage_healed":0.0,"max_hp_gain":0.0,"max_hp_loss":0.0,"gold_gain":0.0,"event_name":"Big Fish","player_choice":"Box","floor":3.0,"gold_loss":0.0,"damage_taken":0.0,"relics_obtained":["Dodecahedron"],"cards_obtained":["Regret"]},{"damage_healed":0.0,"max_hp_gain":0.0,"max_hp_loss":0.0,"gold_gain":0.0,"event_name":"Scrap Ooze","player_choice":"Success","floor":5.0,"gold_loss":0.0,"damage_taken":7.0,"relics_obtained":["StoneCalendar"]},{"damage_healed":0.0,"max_hp_gain":0.0,"max_hp_loss":0.0,"gold_gain":0.0,"event_name":"Masked Bandits","player_choice":"Fought Bandits","floor":19.0,"gold_loss":0.0,"damage_taken":0.0},{"damage_healed":0.0,"max_hp_gain":0.0,"max_hp_loss":0.0,"gold_gain":0.0,"event_name":"Addict","player_choice":"Stole Relic","floor":22.0,"gold_loss":0.0,"damage_taken":0.0,"relics_obtained":["Dead Branch"],"cards_obtained":["Shame"]},{"damage_healed":0.0,"max_hp_gain":0.0,"max_hp_loss":0.0,"gold_gain":0.0,"event_name":"Mysterious Sphere","player_choice":"Fight","floor":38.0,"gold_loss":0.0,"damage_taken":0.0},{"damage_healed":0.0,"max_hp_gain":0.0,"max_hp_loss":0.0,"gold_gain":0.0,"event_name":"The Woman in Blue","player_choice":"Bought 0 Potions","floor":45.0,"gold_loss":0.0,"damage_taken":0.0}],"is_beta":false,"boss_relics":[{"not_picked":["Cursed Key","Runic Pyramid"],"picked":"Pandora\u0027s Box"},{"not_picked":["Empty Cage","Calling Bell"],"picked":"WristBlade"}],"items_purged_floors":[53],"is_endless":false,"potions_floor_spawned":[2,10,14,16,19,20,25,30,35,37,39,48],"ascension_level":13}