{"gold_per_floor":[114,133,283,208,208,208,221,221,221,236,249,279,279,296,296,370,370,386,436,20,40,40,65,65,96,177,177],"floor_reached":27,"playtime":1967,"items_purged":["Strike_B"],"score":502,"play_id":"c16e3e28-70fb-4af7-9009-c49da94b7a82","local_time":"20190831192805","is_ascension_mode":true,"campfire_choices":[{"data":"Zap","floor":6.0,"key":"SMITH"},{"data":"Leap","floor":8.0,"key":"SMITH"},{"data":"Static Discharge","floor":13.0,"key":"SMITH"},{"data":"Biased Cognition","floor":15.0,"key":"SMITH"},{"data":"Self Repair","floor":24,"key":"SMITH"}],"neow_cost":"NONE","seed_source_timestamp":710192583680073,"circlet_count":0,"master_deck":["AscendersBane","Strike_B","Strike_B","Defend_B","Defend_B","Defend_B","Defend_B","Zap+1","Dualcast","Leap+1","Cold Snap","BootSequence","Ball Lightning","Biased Cognition+1","Static Discharge+1","Rip and Tear","Core Surge","Loop","Self Repair+1","Conserve Battery","Reinforced Body","Sunder"],"special_seed":0,"relics":["Cracked Core","Matryoshka","Juzu Bracelet","Coffee Dripper","Toolbox","MutagenicStrength","Blood Vial","Sundial","PreservedInsect","Singing Bowl"],"potions_floor_usage":[16,25,27,27],"damage_taken":[{"damage":14.0,"enemies":"Small Slimes","floor":1.0,"turns":3.0},{"damage":0.0,"enemies":"2 Louse","floor":2.0,"turns":3.0},{"damage":0.0,"enemies":"Jaw Worm","floor":7.0,"turns":5.0},{"damage":11.0,"enemies":"Large Slime","floor":10.0,"turns":8.0},{"damage":0.0,"enemies":"2 Fungi Beasts","floor":11.0,"turns":4.0},{"damage":15.0,"enemies":"Lagavulin","floor":12.0,"turns":6.0},{"damage":3.0,"enemies":"Lots of Slimes","floor":14.0,"turns":3.0},{"damage":7,"enemies":"Slime Boss","floor":16,"turns":7},{"damage":11,"enemies":"Shell Parasite","floor":18,"turns":4},{"damage":2,"enemies":"3 Byrds","floor":21,"turns":4},{"damage":27,"enemies":"Book of Stabbing","floor":23,"turns":4},{"damage":39,"enemies":"Gremlin Leader","floor":25,"turns":5},{"damage":5,"enemies":"Snake Plant","floor":27,"turns":2}],"seed_played":"-1325344378157713402","potions_obtained":[{"floor":12.0,"key":"SteroidPotion"},{"floor":16,"key":"LiquidBronze"},{"floor":18,"key":"FocusPotion"},{"floor":25,"key":"Dexterity Potion"}],"is_trial":false,"path_per_floor":["M","M","?","?","?","R","M","R","T","M","M","E","R","M","R","B",null,"M","?","$","M","?","E","R","E","T","M"],"character_chosen":"DEFECT","items_purchased":["Toolbox","Self Repair","Conserve Battery"],"campfire_rested":0,"item_purchase_floors":[20,20,20],"current_hp_per_floor":[57,57,57,57,57,57,57,57,57,46,46,31,31,28,28,21,64,53,53,53,58,58,38,38,1,1,0],"gold":177,"neow_bonus":"TEN_PERCENT_HP_BONUS","is_prod":false,"is_daily":false,"chose_seed":false,"campfire_upgraded":5,"win_rate":0,"timestamp":1567304885,"path_taken":["M","M","?","?","?","R","M","R","T","M","M","E","R","M","R","BOSS","M","?","$","M","?","E","R","E","T","M"],"build_version":"2019-07-17","purchased_purges":1,"victory":false,"max_hp_per_floor":[78,78,78,78,78,78,78,78,78,78,78,78,78,78,78,78,78,78,78,78,78,78,78,78,78,78,78],"card_choices":[{"not_picked":["Streamline","Gash"],"picked":"Leap","floor":1.0},{"not_picked":["Melter","Beam Cell"],"picked":"Cold Snap","floor":2.0},{"not_picked":["Ball Lightning","Beam Cell"],"picked":"BootSequence","floor":7.0},{"not_picked":["Steam","Static Discharge"],"picked":"Ball Lightning","floor":10.0},{"not_picked":["Melter","Storm"],"picked":"Biased Cognition","floor":11.0},{"not_picked":["Go for the Eyes","Leap"],"picked":"Static Discharge","floor":12.0},{"not_picked":["Steam","Go for the Eyes"],"picked":"Rip and Tear","floor":14.0},{"not_picked":["Multi-Cast","Amplify"],"picked":"Core Surge","floor":16},{"not_picked":["Heatsinks","White Noise"],"picked":"Loop","floor":18},{"not_picked":["Rebound","Gash"],"picked":"Reinforced Body","floor":21},{"not_picked":["Barrage","Cold Snap","Fusion"],"picked":"SKIP","floor":23},{"not_picked":["Rebound","Sweeping Beam"],"picked":"Sunder","floor":25}],"player_experience":844630,"relics_obtained":[{"floor":9.0,"key":"Matryoshka"},{"floor":12.0,"key":"Juzu Bracelet"},{"floor":23,"key":"Blood Vial"},{"floor":25,"key":"Sundial"},{"floor":26,"key":"PreservedInsect"},{"floor":26,"key":"Singing Bowl"}],"event_choices":[{"damage_healed":0.0,"max_hp_gain":0.0,"max_hp_loss":0.0,"gold_gain":150.0,"event_name":"Liars Game","player_choice":"AGREE","floor":3.0,"gold_loss":0.0,"damage_taken":0.0,"cards_obtained":["Doubt"]},{"cards_removed":["Doubt"],"damage_healed":0.0,"max_hp_gain":0.0,"max_hp_loss":0.0,"gold_gain":0.0,"event_name":"The Cleric","player_choice":"Card Removal","floor":4.0,"gold_loss":75.0,"damage_taken":0.0},{"cards_removed":["Strike_B"],"damage_healed":0.0,"max_hp_gain":0.0,"max_hp_loss":0.0,"gold_gain":0.0,"event_name":"Living Wall","player_choice":"Forget","floor":5.0,"gold_loss":0.0,"damage_taken":0.0},{"damage_healed":0,"gold_gain":50,"player_choice":"Stole From Cult","damage_taken":0,"max_hp_gain":0,"max_hp_loss":0,"event_name":"Nest","floor":19,"gold_loss":0},{"damage_healed":0,"gold_gain":0,"player_choice":"Inject Mutagens","damage_taken":0,"relics_obtained":["MutagenicStrength"],"max_hp_gain":0,"max_hp_loss":0,"event_name":"Drug Dealer","floor":22,"gold_loss":0}],"is_beta":false,"boss_relics":[{"not_picked":["Calling Bell","Tiny House"],"picked":"Coffee Dripper"}],"items_purged_floors":[20],"is_endless":false,"potions_floor_spawned":[12,16,18,25],"killed_by":"Snake Plant","ascension_level":20}