{"gold_per_floor":[109,127,30,82,82,82,113,288,288,298,298,318,353,369,369,469,469,483,483,500,116,131,162,162,162,162,191,202,202,53,73,73,170,170,184,184,36,36,51,77,91,122,122,122,122,31,31],"floor_reached":47,"playtime":3457,"items_purged":[],"score":693,"play_id":"ddb1b679-5e37-4854-a4ca-cf71e8793545","local_time":"20190911134042","is_ascension_mode":true,"campfire_choices":[{"data":"Panacea","floor":6,"key":"SMITH"},{"data":"Heavy Blade","floor":11,"key":"SMITH"},{"floor":15,"key":"DIG"},{"floor":25,"key":"REST"},{"floor":29,"key":"REST"},{"floor":32,"key":"REST"},{"floor":45,"key":"DIG"}],"neow_cost":"NONE","seed_source_timestamp":2190932424842400,"circlet_count":0,"master_deck":["Strike_R","Strike_R","Strike_R","Defend_R","Defend_R","Defend_R","Defend_R","Bash","Inflame","Panacea+1","Heavy Blade+1","Doubt","Shrug It Off","Cleave","Flex","Cleave","Demon Form","Reckless Charge","Dropkick","Mayhem","Dropkick","Armaments+1","Iron Wave","Demon Form","Rage","Disarm","Shockwave+1","Warcry+1","Normality","Purity"],"relics":["Burning Blood","NeowsBlessing","Happy Flower","Bag of Preparation","Du-Vu Doll","Shovel","WingedGreaves","Busted Crown","Oddly Smooth Stone","HandDrill","Calipers","Pear","Bottled Lightning","Regal Pillow","Cursed Key","Red Skull","Orichalcum","Charon\u0027s Ashes","Boot","Ornamental Fan"],"potions_floor_usage":[12,13,18,27,33,39,42],"damage_taken":[{"damage":0,"enemies":"Cultist","floor":1,"turns":1},{"damage":0,"enemies":"Jaw Worm","floor":2,"turns":1},{"damage":0,"enemies":"3 Sentries","floor":7,"turns":2},{"damage":0,"enemies":"Small Slimes","floor":10,"turns":3},{"damage":0,"enemies":"Exordium Wildlife","floor":12,"turns":3},{"damage":25,"enemies":"Gremlin Nob","floor":13,"turns":4},{"damage":18,"enemies":"Large Slime","floor":14,"turns":4},{"damage":15,"enemies":"Slime Boss","floor":16,"turns":8},{"damage":10,"enemies":"3 Byrds","floor":18,"turns":5},{"damage":24,"enemies":"Chosen","floor":20,"turns":5},{"damage":12,"enemies":"Shelled Parasite and Fungi","floor":22,"turns":3},{"damage":49,"enemies":"Book of Stabbing","floor":23,"turns":5},{"damage":30,"enemies":"Slavers","floor":27,"turns":6},{"damage":6,"enemies":"Snecko","floor":28,"turns":3},{"damage":30,"enemies":"Chosen and Byrds","floor":31,"turns":5},{"damage":47,"enemies":"Collector","floor":33,"turns":8},{"damage":14,"enemies":"Orb Walker","floor":35,"turns":3},{"damage":24,"enemies":"3 Darklings","floor":39,"turns":4},{"damage":21,"enemies":"Reptomancer","floor":40,"turns":7},{"damage":9,"enemies":"Jaw Worm Horde","floor":41,"turns":3},{"damage":2,"enemies":"Giant Head","floor":42,"turns":5},{"damage":60,"enemies":"Reptomancer","floor":47,"turns":2}],"seed_played":"-5378287571226480937","potions_obtained":[{"floor":2,"key":"AttackPotion"},{"floor":12,"key":"Fruit Juice"},{"floor":16,"key":"SkillPotion"},{"floor":22,"key":"Strength Potion"},{"floor":31,"key":"Weak Potion"},{"floor":35,"key":"SteroidPotion"},{"floor":40,"key":"Strength Potion"}],"is_trial":false,"path_per_floor":["M","M","$","T","?","R","E","?","T","M","R","M","E","M","R","B",null,"M","?","M","$","M","E","$","R","T","E","M","R","$","M","R","B",null,"M","?","$","$","M","E","M","E","T","?","R","$","E"],"character_chosen":"IRONCLAD","items_purchased":["Panacea","HandDrill","Mayhem","Regal Pillow","Red Skull","Purity"],"campfire_rested":3,"item_purchase_floors":[3,21,21,30,37,46],"current_hp_per_floor":[80,80,80,80,73,73,79,79,79,80,80,80,66,54,54,45,85,81,81,63,63,57,14,14,39,49,25,25,53,53,29,72,31,95,87,87,87,87,69,54,51,55,55,55,55,55,0],"gold":31,"neow_bonus":"THREE_ENEMY_KILL","is_prod":false,"is_daily":false,"chose_seed":false,"campfire_upgraded":2,"win_rate":0,"timestamp":1568223642,"path_taken":["M","M","$","?","?","R","E","?","T","?","R","M","E","M","R","BOSS","M","?","M","$","M","E","$","R","T","E","M","R","$","M","R","BOSS","M","?","?","$","?","E","M","E","T","?","R","?","E"],"build_version":"2019-07-17","purchased_purges":0,"victory":false,"max_hp_per_floor":[80,80,80,80,80,80,80,80,80,80,80,80,85,85,85,85,85,85,85,85,85,85,85,85,85,95,95,95,95,95,95,95,95,95,95,95,95,95,95,95,95,95,95,95,95,95,95],"card_choices":[{"not_picked":["Twin Strike","Clothesline"],"picked":"Inflame","floor":1},{"not_picked":["Headbutt","Evolve","Sword Boomerang"],"picked":"SKIP","floor":2},{"not_picked":["Body Slam","Combust"],"picked":"Heavy Blade","floor":7},{"not_picked":["Seeing Red","Feel No Pain"],"picked":"Shrug It Off","floor":10},{"not_picked":["Battle Trance","Clash"],"picked":"Cleave","floor":12},{"not_picked":["Havoc","Shockwave"],"picked":"Flex","floor":13},{"not_picked":["Headbutt","Dark Embrace"],"picked":"Cleave","floor":14},{"not_picked":["Exhume","Impervious"],"picked":"Demon Form","floor":16},{"not_picked":[],"picked":"Reckless Charge","floor":18},{"not_picked":[],"picked":"Dropkick","floor":20},{"not_picked":[],"picked":"Dropkick","floor":22},{"not_picked":[],"picked":"Armaments+1","floor":23},{"not_picked":[],"picked":"Iron Wave","floor":27},{"not_picked":["Wild Strike"],"picked":"SKIP","floor":28},{"not_picked":["True Grit+1"],"picked":"SKIP","floor":31},{"not_picked":[],"picked":"Demon Form","floor":33},{"not_picked":[],"picked":"Rage","floor":35},{"not_picked":[],"picked":"Shockwave+1","floor":39},{"not_picked":["Clothesline+1"],"picked":"SKIP","floor":40},{"not_picked":[],"picked":"Warcry+1","floor":41},{"not_picked":["Wild Strike"],"picked":"SKIP","floor":42}],"player_experience":352434,"relics_obtained":[{"floor":4,"key":"Happy Flower"},{"floor":7,"key":"Bag of Preparation"},{"floor":9,"key":"Du-Vu Doll"},{"floor":13,"key":"Shovel"},{"floor":15,"key":"WingedGreaves"},{"floor":23,"key":"Calipers"},{"floor":26,"key":"Pear"},{"floor":27,"key":"Bottled Lightning"},{"floor":40,"key":"Orichalcum"},{"floor":42,"key":"Charon\u0027s Ashes"},{"floor":43,"key":"Boot"},{"floor":45,"key":"Ornamental Fan"}],"event_choices":[{"cards_removed":["Strike_R"],"damage_healed":0,"gold_gain":0,"player_choice":"Card Removal","damage_taken":7,"max_hp_gain":0,"max_hp_loss":0,"event_name":"Golden Wing","floor":5,"gold_loss":0},{"damage_healed":0,"gold_gain":175,"player_choice":"AGREE","damage_taken":0,"max_hp_gain":0,"max_hp_loss":0,"event_name":"Liars Game","floor":8,"gold_loss":0,"cards_obtained":["Doubt"]},{"damage_healed":0,"gold_gain":0,"player_choice":"Opened","damage_taken":0,"relics_obtained":["Oddly Smooth Stone"],"max_hp_gain":0,"max_hp_loss":0,"event_name":"The Mausoleum","floor":19,"gold_loss":0},{"damage_healed":0,"gold_gain":0,"cards_transformed":["Strike_R"],"player_choice":"Transformed","damage_taken":0,"max_hp_gain":0,"max_hp_loss":0,"event_name":"Transmorgrifier","floor":36,"gold_loss":0,"cards_obtained":["Disarm"]},{"damage_healed":0,"gold_gain":0,"player_choice":"Ignored","damage_taken":0,"max_hp_gain":0,"max_hp_loss":0,"event_name":"Fountain of Cleansing","floor":44,"gold_loss":0}],"is_beta":false,"boss_relics":[{"not_picked":["Lizard Tail","Runic Cube"],"picked":"Busted Crown"},{"not_picked":["Astrolabe","Black Blood"],"picked":"Cursed Key"}],"items_purged_floors":[],"is_endless":false,"potions_floor_spawned":[2,12,16,22,31,35,40],"killed_by":"Reptomancer","ascension_level":3}