{"gold_per_floor":[116,116,128,53,70,70,101,101,180,192,222,247,247,266,266,343,343,360,360,39,39,49,49,69,101,153,153,153,153,68,44,44,44],"floor_reached":33,"playtime":2368,"items_purged":["Strike_B","Strike_B"],"score":542,"play_id":"f40b5562-508c-4905-a804-c259cf62f4d1","local_time":"20190903182339","is_ascension_mode":true,"campfire_choices":[{"data":"Genetic Algorithm","floor":6.0,"key":"SMITH"},{"data":"Defragment","floor":8.0,"key":"SMITH"},{"data":"Zap","floor":13.0,"key":"SMITH"},{"data":"Beam Cell","floor":15.0,"key":"SMITH"},{"data":"RitualDagger","floor":23.0,"key":"SMITH"},{"floor":27.0,"key":"REST"},{"data":"Hologram","floor":29.0,"key":"SMITH"},{"floor":32.0,"key":"REST"}],"neow_cost":"NONE","seed_source_timestamp":964760185514098,"circlet_count":0,"master_deck":["AscendersBane","Strike_B","Strike_B+1","Defend_B+1","Defend_B+1","Defend_B","Defend_B","Zap+1","Dualcast+1","Beam Cell+1","Cold Snap","Genetic Algorithm+1","Defragment+1","Ball Lightning","Cold Snap","Turbo","Machine Learning","Coolheaded","RitualDagger+1","Genetic Algorithm+1","Hologram+1","Meteor Strike","Barrage+1","Redo"],"special_seed":0,"relics":["Cracked Core","NeowsBlessing","Regal Pillow","Mummified Hand","Sozu","Strange Spoon","Pen Nib","War Paint","Art of War"],"potions_floor_usage":[],"damage_taken":[{"damage":0.0,"enemies":"2 Louse","floor":1.0,"turns":1.0},{"damage":0.0,"enemies":"Jaw Worm","floor":3.0,"turns":1.0},{"damage":0.0,"enemies":"Cultist","floor":5.0,"turns":1.0},{"damage":15.0,"enemies":"Lagavulin","floor":7.0,"turns":5.0},{"damage":3.0,"enemies":"Blue Slaver","floor":10.0,"turns":4.0},{"damage":12.0,"enemies":"3 Sentries","floor":12.0,"turns":6.0},{"damage":2.0,"enemies":"3 Louse","floor":14.0,"turns":3.0},{"damage":7.0,"enemies":"The Guardian","floor":16.0,"turns":10.0},{"damage":8.0,"enemies":"Shell Parasite","floor":18.0,"turns":4.0},{"damage":0.0,"enemies":"Spheric Guardian","floor":22.0,"turns":16.0},{"damage":13.0,"enemies":"Snecko","floor":24.0,"turns":7.0},{"damage":16.0,"enemies":"Book of Stabbing","floor":25.0,"turns":5.0},{"damage":82,"enemies":"Champ","floor":33,"turns":12}],"seed_played":"147142775958096321","potions_obtained":[{"floor":1.0,"key":"Strength Potion"},{"floor":5.0,"key":"Poison Potion"},{"floor":10.0,"key":"Poison Potion"},{"floor":14.0,"key":"Swift Potion"}],"is_trial":false,"path_per_floor":["M","?","M","$","M","R","E","R","T","M","?","E","R","M","R","B",null,"M","?","$","?","M","R","M","E","T","R","?","R","?","$","R","B"],"character_chosen":"DEFECT","items_purchased":["Strange Spoon","Redo"],"campfire_rested":2,"item_purchase_floors":[20,31],"current_hp_per_floor":[64,43,43,43,43,43,28,28,28,25,25,13,13,11,11,4,54,46,40,40,40,40,40,27,11,11,47,27,27,27,27,64,0],"gold":44,"neow_bonus":"THREE_ENEMY_KILL","is_prod":false,"is_daily":false,"chose_seed":false,"campfire_upgraded":6,"win_rate":0,"timestamp":1567560219,"path_taken":["M","?","M","$","M","R","E","R","T","M","?","E","R","M","R","BOSS","M","?","$","?","?","R","M","E","T","R","?","R","?","?","R","BOSS"],"build_version":"2019-07-17","purchased_purges":2,"victory":false,"max_hp_per_floor":[71,71,71,71,71,71,71,71,71,71,71,71,71,71,71,71,71,71,71,71,71,71,71,71,71,71,71,76,76,76,76,76,76],"card_choices":[{"not_picked":["Double Energy","Turbo"],"picked":"Beam Cell","floor":1.0},{"not_picked":["Aggregate","Auto Shields"],"picked":"Cold Snap","floor":3.0},{"not_picked":["Scrape","Reprogram"],"picked":"Genetic Algorithm","floor":5.0},{"not_picked":["Hyperbeam","FTL"],"picked":"Defragment","floor":7.0},{"not_picked":["Reprogram","Steam Power"],"picked":"Ball Lightning","floor":10.0},{"not_picked":["Hologram","Redo"],"picked":"Cold Snap","floor":12.0},{"not_picked":["Stack","Skim"],"picked":"Turbo","floor":14.0},{"not_picked":["Amplify","Multi-Cast"],"picked":"Machine Learning","floor":16.0},{"not_picked":["Turbo","Lockon"],"picked":"Coolheaded","floor":18.0},{"not_picked":["Turbo+1","Sweeping Beam"],"picked":"Hologram","floor":22.0},{"not_picked":["Compile Driver","Go for the Eyes"],"picked":"Meteor Strike","floor":24.0},{"not_picked":["Melter","Steam"],"picked":"Barrage+1","floor":25.0}],"player_experience":871393,"relics_obtained":[{"floor":7.0,"key":"Regal Pillow"},{"floor":12.0,"key":"Mummified Hand"},{"floor":25.0,"key":"Pen Nib"},{"floor":26.0,"key":"War Paint"}],"event_choices":[{"damage_healed":0.0,"max_hp_gain":0.0,"max_hp_loss":0.0,"gold_gain":0.0,"event_name":"Shining Light","player_choice":"Entered Light","floor":2.0,"gold_loss":0.0,"damage_taken":21.0,"cards_upgraded":["Strike_B","Dualcast"]},{"damage_healed":0.0,"max_hp_gain":0.0,"max_hp_loss":0.0,"gold_gain":30.0,"event_name":"Dead Adventurer","player_choice":"Searched \u00271\u0027 times","floor":11.0,"gold_loss":0.0,"damage_taken":0.0},{"damage_healed":0.0,"max_hp_gain":0.0,"max_hp_loss":0.0,"gold_gain":0.0,"event_name":"Nest","player_choice":"Joined the Cult","floor":19.0,"gold_loss":0.0,"damage_taken":6.0,"cards_obtained":["RitualDagger"]},{"damage_healed":0.0,"max_hp_gain":0.0,"max_hp_loss":0.0,"gold_gain":0.0,"event_name":"Duplicator","player_choice":"Copied","floor":21.0,"gold_loss":0.0,"damage_taken":0.0,"cards_obtained":["Genetic Algorithm"]},{"damage_healed":0.0,"max_hp_gain":5.0,"max_hp_loss":0.0,"gold_gain":0.0,"event_name":"Forgotten Altar","player_choice":"Shed Blood","floor":28.0,"gold_loss":0.0,"damage_taken":25.0},{"damage_healed":0.0,"max_hp_gain":0.0,"max_hp_loss":0.0,"gold_gain":0.0,"event_name":"Addict","player_choice":"Obtained Relic","floor":30.0,"gold_loss":85.0,"damage_taken":0.0,"relics_obtained":["Art of War"]}],"is_beta":false,"boss_relics":[{"not_picked":["Philosopher\u0027s Stone","White Beast Statue"],"picked":"Sozu"}],"items_purged_floors":[4,20],"is_endless":false,"potions_floor_spawned":[1,5,10,14,22,24],"killed_by":"Champ","ascension_level":20}