{"path_per_floor":["M","M","?","$","M","R","?","M","T","R","M","M","$","M","R","B",null,"M","M","$","M","$","R","?","?","T","M","R","M","M","M","R","B",null,"M","$","?","?","T","R","?","E","T","R","M","M","R","$","R","B"],"character_chosen":"DEFECT","items_purchased":["Glacier","Defragment","Go for the Eyes","Reprogram","Pear","Go for the Eyes"],"gold_per_floor":[114,127,127,18,36,36,36,50,50,50,67,78,0,18,18,121,121,134,145,92,111,76,76,76,76,100,118,118,138,149,169,169,273,273,286,44,44,44,97,97,0,29,29,29,48,61,61,15,15,15],"floor_reached":51,"campfire_rested":2,"playtime":2520,"current_hp_per_floor":[69,69,69,69,69,69,69,68,68,68,68,61,61,54,54,22,75,75,75,75,48,48,48,48,32,32,20,42,42,42,42,42,42,75,65,75,75,75,75,75,75,73,73,73,73,51,51,51,76,40],"items_purged":["Strike_B"],"gold":15,"score":744,"play_id":"1dab67cb-5ef1-42dc-9c4b-29379218bcba","local_time":"20180429231354","is_prod":false,"is_daily":false,"chose_seed":false,"is_ascension_mode":false,"campfire_upgraded":8,"timestamp":1525058034,"path_taken":["M","M","?","$","?","R","?","M","T","R","M","?","$","M","R","BOSS","M","M","$","M","$","R","?","?","T","M","R","M","M","?","R","BOSS","M","$","?","?","?","R","?","E","T","R","M","M","R","?","R","BOSS"],"build_version":"2018-04-27v3","seed_source_timestamp":2501666594752158,"purchased_purges":2,"victory":true,"master_deck":["Zap+1","Cold Snap","Static Discharge+1","Thunder Strike+1","Glacier+1","Melter","Darkness+1","Defragment+1","Defragment+1","All For One","Impulse+1","Blizzard+1","Capacitor+1","Capacitor","Rebound","Coolheaded+1","Go for the Eyes+1","Undo+1","Go for the Eyes+1","Ball Lightning","Reprogram+1","Necronomicurse","Turbo+1","Glacier+1","Seek+1","Defragment+1","White Noise+1","All For One","Hologram+1","Skim+1","Go for the Eyes","Cold Snap+1"],"max_hp_per_floor":[75,75,75,75,75,75,75,75,75,75,75,75,75,75,75,75,75,75,75,75,75,75,75,75,75,75,75,75,75,75,75,75,75,75,75,85,85,85,85,85,85,85,85,85,85,85,85,85,85,85],"relics":["White Beast Statue","Toxic Egg 2","Pandora\u0027s Box","Necronomicon","Dream Catcher","Nuclear Battery","Pear","Juzu Bracelet","Red Mask","Du-Vu Doll","Lantern"],"card_choices":[{"not_picked":["Coolheaded","Hologram"],"picked":"Cold Snap","floor":1},{"not_picked":["Ball Lightning","Reinforced Body"],"picked":"Static Discharge","floor":2},{"not_picked":["Stack","Blizzard"],"picked":"Melter","floor":5},{"not_picked":["Force Field","Sweeping Beam"],"picked":"Leap","floor":8},{"not_picked":["Cold Snap","Chaos"],"picked":"Darkness","floor":11},{"not_picked":["Rebound","Darkness"],"picked":"Defragment","floor":14},{"not_picked":["Meteor Strike","Hyperbeam"],"picked":"All For One","floor":16},{"not_picked":["Turbo","Hologram"],"picked":"Go for the Eyes","floor":18},{"not_picked":["Leap","Sweeping Beam"],"picked":"Undo","floor":19},{"not_picked":["Axe Kick","Capacitor"],"picked":"Ball Lightning","floor":21},{"not_picked":["Buffer","Capacitor"],"picked":"Turbo","floor":27},{"not_picked":["Genetic Algorithm","Streamline"],"picked":"Glacier","floor":28},{"not_picked":["Sweeping Beam","Impulse"],"picked":"Seek","floor":29},{"not_picked":["Leap","Coolheaded"],"picked":"Defragment","floor":30},{"not_picked":["Sweeping Beam","Axe Kick"],"picked":"White Noise","floor":31},{"not_picked":["Meteor Strike","Machine Learning"],"picked":"All For One","floor":33},{"not_picked":["Sweeping Beam","Rebound"],"picked":"Hologram","floor":42},{"not_picked":["Doom and Gloom","Barrage"],"picked":"Skim","floor":45},{"not_picked":["Skim","Capacitor"],"picked":"Cold Snap","floor":49}],"player_experience":415259,"potions_floor_usage":[18,19,19,19,27,30,46,46,50,50],"damage_taken":[{"damage":6,"enemies":"Jaw Worm","floor":1,"turns":5},{"damage":0,"enemies":"Cultist","floor":2,"turns":5},{"damage":0,"enemies":"Small Slimes","floor":5,"turns":4},{"damage":1,"enemies":"3 Louse","floor":8,"turns":3},{"damage":0,"enemies":"Blue Slaver","floor":11,"turns":5},{"damage":7,"enemies":"Gremlin Gang","floor":12,"turns":6},{"damage":7,"enemies":"Large Slime","floor":14,"turns":5},{"damage":32,"enemies":"The Guardian","floor":16,"turns":11},{"damage":0,"enemies":"Chosen","floor":18,"turns":4},{"damage":0,"enemies":"3 Byrds","floor":19,"turns":4},{"damage":27,"enemies":"3 Cultists","floor":21,"turns":4},{"damage":12,"enemies":"Snake Plant","floor":27,"turns":4},{"damage":0,"enemies":"Centurion and Healer","floor":29,"turns":10},{"damage":0,"enemies":"Sentry and Sphere","floor":30,"turns":4},{"damage":0,"enemies":"Cultist and Chosen","floor":31,"turns":6},{"damage":0,"enemies":"Champ","floor":33,"turns":11},{"damage":10,"enemies":"Orb Walker","floor":35,"turns":2},{"damage":2,"enemies":"Giant Head","floor":42,"turns":7},{"damage":0,"enemies":"3 Shapes","floor":45,"turns":7},{"damage":22,"enemies":"Flame Bruiser 2 Orb","floor":46,"turns":4},{"damage":36,"enemies":"Awakened One","floor":50,"turns":14}],"event_choices":[{"event_name":"Transmorgrifier","player_choice":"Transform","floor":3,"damage_taken":0},{"event_name":"Living Wall","player_choice":"Grow","floor":7,"damage_taken":0},{"event_name":"Back to Basics","player_choice":"Elegance","floor":24,"damage_taken":0},{"event_name":"Cursed Tome","player_choice":"Obtained Book","floor":25,"damage_taken":0},{"event_name":"Mysterious Sphere","player_choice":"Ignore","floor":37,"damage_taken":0},{"event_name":"Purifier","player_choice":"One Purge","floor":38,"damage_taken":0},{"event_name":"Tomb of Lord Red Mask","player_choice":"Paid","floor":41,"damage_taken":0}],"boss_relics":[{"not_picked":["Sozu","Velvet Choker"],"picked":"Pandora\u0027s Box"},{"not_picked":["Orrery","Snecko Eye"],"picked":"Nuclear Battery"}],"potions_floor_spawned":[1,2,5,8,11,12,14,16,18,19,21,27,29,30,31,33,35,42,45,46],"seed_played":"-5447034361882452551","ascension_level":0,"is_trial":false}