{"gold_per_floor":[114,114,114,114,127,127,140,140,140,140,154,189,209,219,219,320,320,338,167,167,167,179,179,196,225,225,225,225,240,270,282,282,282],"floor_reached":33,"playtime":1413,"items_purged":[],"score":267,"play_id":"d4b2139f-655f-4222-b227-193e99689442","local_time":"20190823014851","is_ascension_mode":false,"campfire_choices":[{"data":"Infernal Blade","floor":6,"key":"SMITH"},{"data":"Deep Breath","floor":8,"key":"SMITH"},{"data":"Offering","floor":10,"key":"SMITH"},{"data":"Armaments","floor":15,"key":"SMITH"},{"data":"Bash","floor":23,"key":"SMITH"},{"data":"Seeing Red","floor":27,"key":"SMITH"},{"data":"Clothesline","floor":32,"key":"SMITH"}],"neow_cost":"NONE","seed_source_timestamp":120968322745500,"circlet_count":0,"master_deck":["Strike_R+1","Strike_R","Strike_R+1","Strike_R","Strike_R","Defend_R","Defend_R","Defend_R","Defend_R","Bash+1","Deep Breath+1","Inflame+1","Offering+1","Infernal Blade+1","Twin Strike","Cleave","Seeing Red+1","Armaments+1","Heavy Blade","Headbutt","Flex+1","Sword Boomerang","Necronomicurse","Clothesline+1"],"relics":["Burning Blood","Anchor","Sundial","Sozu","Lantern","Oddly Smooth Stone","Bottled Flame","Necronomicon","Tiny Chest"],"potions_floor_usage":[],"damage_taken":[{"damage":6,"enemies":"Small Slimes","floor":1,"turns":4},{"damage":7,"enemies":"Jaw Worm","floor":5,"turns":2},{"damage":0,"enemies":"2 Louse","floor":7,"turns":2},{"damage":6,"enemies":"Exordium Thugs","floor":11,"turns":2},{"damage":24,"enemies":"Lagavulin","floor":12,"turns":3},{"damage":6,"enemies":"Gremlin Gang","floor":13,"turns":1},{"damage":0,"enemies":"Exordium Wildlife","floor":14,"turns":2},{"damage":32,"enemies":"Hexaghost","floor":16,"turns":6},{"damage":6,"enemies":"Chosen","floor":18,"turns":2},{"damage":9,"enemies":"3 Byrds","floor":22,"turns":4},{"damage":0,"enemies":"Centurion and Healer","floor":24,"turns":4},{"damage":18,"enemies":"Slavers","floor":25,"turns":3},{"damage":9,"enemies":"Snecko","floor":29,"turns":3},{"damage":6,"enemies":"Cultist and Chosen","floor":31,"turns":3},{"damage":59,"enemies":"Automaton","floor":33,"turns":6}],"seed_played":"6173623879683295781","potions_obtained":[{"floor":5,"key":"Fire Potion"},{"floor":12,"key":"Explosive Potion"},{"floor":13,"key":"FearPotion"}],"is_trial":false,"path_per_floor":["M","?","?","?","M","R","M","R","T","R","M","E","M","M","R","B",null,"M","$","?","$","M","R","M","E","T","R","?","M","T","M","R","B"],"character_chosen":"IRONCLAD","items_purchased":["Lantern","Headbutt"],"campfire_rested":0,"item_purchase_floors":[19,19],"current_hp_per_floor":[80,80,64,64,63,63,69,69,69,69,69,51,51,57,57,31,80,80,80,80,80,77,77,80,68,68,68,52,49,49,49,49,0],"gold":282,"neow_bonus":"RANDOM_COLORLESS","is_prod":false,"is_daily":false,"chose_seed":false,"campfire_upgraded":7,"win_rate":0,"timestamp":1566539331,"path_taken":["M","?","?","?","?","R","?","R","T","R","M","E","M","M","R","BOSS","M","$","?","?","M","R","M","E","T","R","?","?","?","M","R","BOSS"],"build_version":"2019-08-15","purchased_purges":0,"victory":false,"max_hp_per_floor":[80,80,80,80,80,80,80,80,80,80,80,80,80,80,80,80,80,80,80,80,80,80,80,80,80,80,80,80,80,80,80,80,80],"card_choices":[{"not_picked":["Sentinel","Shrug It Off"],"picked":"Inflame","floor":1},{"not_picked":["Perfected Strike","Second Wind"],"picked":"Infernal Blade","floor":5},{"not_picked":["Battle Trance","Havoc"],"picked":"Twin Strike","floor":7},{"not_picked":["Barricade","Dropkick","Body Slam"],"picked":"SKIP","floor":11},{"not_picked":["True Grit","Anger"],"picked":"Cleave","floor":12},{"not_picked":["Anger","Rampage"],"picked":"Seeing Red","floor":13},{"not_picked":["Sentinel","Ghostly Armor"],"picked":"Armaments","floor":14},{"not_picked":["Clothesline","Pommel Strike+1"],"picked":"Heavy Blade","floor":18},{"not_picked":["Armaments","Twin Strike"],"picked":"Flex+1","floor":22},{"not_picked":["Second Wind","Pommel Strike"],"picked":"Sword Boomerang","floor":24},{"not_picked":["Flex","Dual Wield+1","Fire Breathing"],"picked":"SKIP","floor":25},{"not_picked":["Reckless Charge","Headbutt","Heavy Blade"],"picked":"SKIP","floor":29},{"not_picked":["Intimidate+1","Evolve"],"picked":"Clothesline","floor":31}],"player_experience":981273,"relics_obtained":[{"floor":9,"key":"Anchor"},{"floor":12,"key":"Sundial"},{"floor":25,"key":"Oddly Smooth Stone"},{"floor":26,"key":"Bottled Flame"},{"floor":28,"key":"Necronomicon"},{"floor":30,"key":"Tiny Chest"}],"event_choices":[{"damage_healed":0,"gold_gain":0,"player_choice":"Grow","damage_taken":0,"max_hp_gain":0,"max_hp_loss":0,"event_name":"Living Wall","floor":2,"gold_loss":0,"cards_upgraded":["Inflame"]},{"damage_healed":0,"gold_gain":0,"player_choice":"Entered Light","damage_taken":16,"max_hp_gain":0,"max_hp_loss":0,"event_name":"Shining Light","floor":3,"gold_loss":0,"cards_upgraded":["Strike_R","Strike_R"]},{"damage_healed":0,"gold_gain":0,"player_choice":"1 cards matched","damage_taken":0,"max_hp_gain":0,"max_hp_loss":0,"event_name":"Match and Keep!","floor":4,"gold_loss":0,"cards_obtained":["Offering"]},{"damage_healed":0,"gold_gain":0,"player_choice":"Bought 0 Potions","damage_taken":0,"max_hp_gain":0,"max_hp_loss":0,"event_name":"The Woman in Blue","floor":20,"gold_loss":0},{"damage_healed":0,"gold_gain":0,"player_choice":"Obtained Book","damage_taken":16,"max_hp_gain":0,"max_hp_loss":0,"event_name":"Cursed Tome","floor":28,"gold_loss":0}],"is_beta":true,"boss_relics":[{"not_picked":["Tiny House","Runic Pyramid"],"picked":"Sozu"}],"items_purged_floors":[],"is_endless":false,"potions_floor_spawned":[5,12,13,14,22],"killed_by":"Automaton","ascension_level":0}