{"gold_per_floor":[117,192,192,208,221,254,254,284,337,357,9,19,19,30,30,102,102,116,4,4,4,28,28,91,91,162,162,193,213,213,247,247,321,321,332,343,355,39,0,35,35,60,60,31,65,65,65,100,100,100,100,100,100,13,48,48],"floor_reached":57,"playtime":10296,"items_purged":["Defend_B","Defend_B","Hello World+1","Writhe"],"score":3318,"play_id":"22e25988-ee02-47ab-8676-883f7e66a68c","local_time":"20190824083600","is_ascension_mode":true,"campfire_choices":[{"floor":7.0,"key":"REST"},{"data":"Buffer","floor":13.0,"key":"SMITH"},{"data":"Sunder","floor":15.0,"key":"SMITH"},{"data":"Skim","floor":23.0,"key":"SMITH"},{"data":"Leap","floor":27.0,"key":"SMITH"},{"data":"Ghostly","floor":32.0,"key":"SMITH"},{"data":"Impatience","floor":41.0,"key":"SMITH"},{"data":"Dualcast","floor":47.0,"key":"SMITH"},{"floor":49.0,"key":"RECALL"},{"data":"Ghostly","floor":53.0,"key":"SMITH"}],"neow_cost":"NONE","seed_source_timestamp":0,"circlet_count":0,"master_deck":["AscendersBane","Defend_B","Zap+1","Dualcast+1","Turbo","Buffer+1","Leap+1","Cold Snap","Go for the Eyes","Loop+1","Sunder+1","Electrodynamics+1","Genetic Algorithm+1","Consume+1","Turbo+1","Defragment+1","Skim+1","Ghostly+1","Ghostly+1","Ghostly","Hologram+1","Auto Shields","Seek","Echo Form+1","Hologram","Capacitor+1","Impatience+1","Hologram+1","White Noise+1","Fission+1","Steam+1"],"special_seed":0,"relics":["Cracked Core","Frozen Egg 2","Art of War","Orichalcum","Membership Card","Astrolabe","Pen Nib","Tiny Chest","Symbiotic Virus","Darkstone Periapt","Anchor","Nuclear Battery","Incense Burner","Red Mask","Dream Catcher","Pantograph","Toxic Egg 2","Bag of Preparation","Bag of Marbles","StoneCalendar"],"potions_floor_usage":[56,56,56,56],"damage_taken":[{"damage":3.0,"enemies":"2 Louse","floor":1.0,"turns":2.0},{"damage":7.0,"enemies":"Jaw Worm","floor":4.0,"turns":4.0},{"damage":1.0,"enemies":"Cultist","floor":5.0,"turns":3.0},{"damage":38.0,"enemies":"3 Sentries","floor":6.0,"turns":8.0},{"damage":22.0,"enemies":"Lagavulin","floor":8.0,"turns":9.0},{"damage":0.0,"enemies":"3 Louse","floor":10.0,"turns":5.0},{"damage":5.0,"enemies":"Exordium Thugs","floor":12.0,"turns":5.0},{"damage":0.0,"enemies":"Large Slime","floor":14.0,"turns":4.0},{"damage":0.0,"enemies":"Slime Boss","floor":16.0,"turns":8.0},{"damage":0.0,"enemies":"Shell Parasite","floor":18.0,"turns":4.0},{"damage":8.0,"enemies":"Book of Stabbing","floor":24.0,"turns":6.0},{"damage":0.0,"enemies":"3 Byrds","floor":25.0,"turns":1.0},{"damage":24.0,"enemies":"Slavers","floor":28.0,"turns":2.0},{"damage":0.0,"enemies":"Cultist and Chosen","floor":29.0,"turns":4.0},{"damage":0.0,"enemies":"Gremlin Leader","floor":31.0,"turns":5.0},{"damage":4.0,"enemies":"Champ","floor":33.0,"turns":7.0},{"damage":5.0,"enemies":"3 Darklings","floor":35.0,"turns":9.0},{"damage":0.0,"enemies":"Orb Walker","floor":36.0,"turns":4.0},{"damage":0.0,"enemies":"3 Darklings","floor":37.0,"turns":6.0},{"damage":0.0,"enemies":"Reptomancer","floor":40.0,"turns":10.0},{"damage":0.0,"enemies":"Giant Head","floor":42.0,"turns":11.0},{"damage":0.0,"enemies":"Reptomancer","floor":45.0,"turns":6.0},{"damage":0.0,"enemies":"Nemesis","floor":48.0,"turns":9.0},{"damage":0.0,"enemies":"Donu and Deca","floor":50.0,"turns":8.0},{"damage":2.0,"enemies":"Awakened One","floor":51.0,"turns":12.0},{"damage":0.0,"enemies":"Shield and Spear","floor":55.0,"turns":8.0},{"damage":4,"enemies":"The Heart","floor":56,"turns":13}],"seed_played":"1764763304174716040","potions_obtained":[{"floor":4.0,"key":"EssenceOfSteel"},{"floor":6.0,"key":"FocusPotion"},{"floor":12.0,"key":"Weak Potion"},{"floor":14.0,"key":"SpeedPotion"},{"floor":16.0,"key":"EssenceOfSteel"},{"floor":18.0,"key":"SmokeBomb"},{"floor":28.0,"key":"Swift Potion"},{"floor":35.0,"key":"PowerPotion"},{"floor":40.0,"key":"EntropicBrew"}],"is_trial":false,"path_per_floor":["M","?","?","M","M","E","R","E","T","M","$","M","R","M","R","B",null,"M","$","?","?","T","R","E","M","T","R","E","M","T","E","R","B",null,"M","M","M","$","?","E","R","E","T","$","E","?","R","E","R","B","B",null,"R","$","E","B",null],"character_chosen":"DEFECT","items_purchased":["Membership Card","Fruit Juice","Loop+1","Defragment+1","Skim","Incense Burner","Capacitor+1","Impatience","Hologram+1","Steam+1"],"campfire_rested":1,"item_purchase_floors":[11,11,11,19,19,38,38,38,44,54],"current_hp_per_floor":[61,50,50,43,42,4,25,3,3,3,3,3,3,3,3,3,58,58,58,38,38,38,38,30,30,30,30,6,6,6,6,6,2,29,24,24,24,24,24,24,24,24,24,24,24,38,38,38,38,44,42,44,44,44,44,40],"gold":48,"neow_bonus":"UPGRADE_CARD","is_prod":false,"is_daily":false,"chose_seed":false,"campfire_upgraded":8,"win_rate":0,"timestamp":1566660960,"path_taken":["M","?","?","M","M","E","R","E","T","M","$","M","R","M","R","BOSS","M","$","?","?","?","R","E","M","T","R","E","M","?","E","R","BOSS","M","M","M","$","?","E","R","E","T","$","E","?","R","E","R","BOSS","BOSS","R","$","E","BOSS"],"build_version":"2019-07-17","purchased_purges":4,"victory":true,"max_hp_per_floor":[71,71,71,71,71,71,71,71,71,71,71,76,76,76,76,76,76,76,76,38,38,38,38,38,38,38,38,38,38,38,38,38,38,38,38,38,38,38,38,38,38,38,38,38,38,44,44,44,44,44,44,44,44,44,44,44],"card_choices":[{"not_picked":["Barrage","Redo","Rebound"],"picked":"SKIP","floor":1.0},{"not_picked":["Redo","Tempest"],"picked":"Turbo","floor":4.0},{"not_picked":["Conserve Battery","Auto Shields"],"picked":"Buffer","floor":5.0},{"not_picked":["White Noise","Capacitor"],"picked":"Leap","floor":6.0},{"not_picked":["Darkness","Steam"],"picked":"Cold Snap","floor":8.0},{"not_picked":["Rebound","Beam Cell"],"picked":"Go for the Eyes","floor":10.0},{"not_picked":["Beam Cell","Go for the Eyes"],"picked":"Sunder","floor":12.0},{"not_picked":["Streamline","Thunder Strike"],"picked":"Hello World+1","floor":14.0},{"not_picked":["Buffer+1","Reboot"],"picked":"Electrodynamics+1","floor":16.0},{"not_picked":["Beam Cell","Gash","Tempest"],"picked":"SKIP","floor":18.0},{"not_picked":["Streamline","Cold Snap"],"picked":"Hologram+1","floor":24.0},{"not_picked":["Leap","Redo"],"picked":"Auto Shields","floor":28.0},{"not_picked":["Hologram+1","Storm+1"],"picked":"Seek","floor":29.0},{"not_picked":["Auto Shields","Beam Cell","Leap"],"picked":"SKIP","floor":31.0},{"not_picked":["Machine Learning+1","Hyperbeam"],"picked":"Echo Form+1","floor":33.0},{"not_picked":["Sweeping Beam+1","Ball Lightning","Rebound"],"picked":"SKIP","floor":35.0},{"not_picked":["Gash","Cold Snap","Ball Lightning"],"picked":"SKIP","floor":36.0},{"not_picked":["Ball Lightning","Lockon"],"picked":"Hologram","floor":37.0},{"not_picked":["Barrage+1","Steam","Go for the Eyes"],"picked":"SKIP","floor":40.0},{"not_picked":["Melter+1","Barrage","Leap"],"picked":"SKIP","floor":42.0},{"not_picked":["Barrage","Storm+1"],"picked":"White Noise+1","floor":45.0},{"not_picked":["Gash+1","All For One"],"picked":"Fission+1","floor":48.0},{"not_picked":["Turbo+1","Beam Cell","Genetic Algorithm+1"],"picked":"SKIP","floor":55.0}],"player_experience":752885,"relics_obtained":[{"floor":6.0,"key":"Frozen Egg 2"},{"floor":8.0,"key":"Art of War"},{"floor":9.0,"key":"Orichalcum"},{"floor":22.0,"key":"Pen Nib"},{"floor":24.0,"key":"Tiny Chest"},{"floor":28.0,"key":"Symbiotic Virus"},{"floor":30.0,"key":"Darkstone Periapt"},{"floor":31.0,"key":"Anchor"},{"floor":40.0,"key":"Dream Catcher"},{"floor":42.0,"key":"Pantograph"},{"floor":43.0,"key":"Toxic Egg 2"},{"floor":45.0,"key":"Bag of Preparation"},{"floor":48.0,"key":"Bag of Marbles"},{"floor":55.0,"key":"StoneCalendar"}],"event_choices":[{"damage_healed":0.0,"max_hp_gain":0.0,"max_hp_loss":0.0,"gold_gain":75.0,"event_name":"World of Goop","player_choice":"Gather Gold","floor":2.0,"gold_loss":0.0,"damage_taken":11.0},{"cards_removed":["Strike_B"],"damage_healed":0.0,"max_hp_gain":0.0,"max_hp_loss":0.0,"gold_gain":0.0,"event_name":"Living Wall","player_choice":"Forget","floor":3.0,"gold_loss":0.0,"damage_taken":0.0},{"damage_healed":0.0,"max_hp_gain":0.0,"max_hp_loss":38.0,"gold_gain":0.0,"event_name":"Ghosts","player_choice":"Became a Ghost","floor":20.0,"gold_loss":0.0,"damage_taken":0.0,"cards_obtained":["Ghostly","Ghostly","Ghostly"]},{"cards_removed":["Defend_B"],"damage_healed":0.0,"max_hp_gain":0.0,"max_hp_loss":0.0,"gold_gain":0.0,"event_name":"Back to Basics","player_choice":"Elegance","floor":21.0,"gold_loss":0.0,"damage_taken":0.0},{"damage_healed":0.0,"max_hp_gain":0.0,"max_hp_loss":0.0,"gold_gain":0.0,"event_name":"Tomb of Lord Red Mask","player_choice":"Paid","floor":39.0,"gold_loss":39.0,"damage_taken":0.0,"relics_obtained":["Red Mask"]},{"damage_healed":8.0,"max_hp_gain":0.0,"max_hp_loss":0.0,"gold_gain":0.0,"event_name":"Winding Halls","player_choice":"Writhe","floor":46.0,"gold_loss":0.0,"damage_taken":0.0,"cards_obtained":["Writhe"]}],"is_beta":false,"boss_relics":[{"not_picked":["Velvet Choker","Pandora\u0027s Box"],"picked":"Astrolabe"},{"not_picked":["Runic Pyramid","Black Star"],"picked":"Nuclear Battery"}],"items_purged_floors":[11,19,38,54],"is_endless":false,"potions_floor_spawned":[4,6,12,14,16,18,25,28,35,40,48,55],"ascension_level":20}