{"path_per_floor":["M","?","M","M","M","R","E","$","T","E","R","$","E","?","R","B",null,"M","?","M","M","M"],"character_chosen":"IRONCLAD","items_purchased":["Corruption","Sentinel","Flex"],"gold_per_floor":[110,110,124,141,156,156,190,7,34,61,61,37,72,72,72,174,174,191,191,208,226,243,243],"floor_reached":23,"campfire_rested":0,"playtime":1894,"current_hp_per_floor":[70,58,64,70,66,66,55,55,55,41,41,41,34,80,80,74,79,69,69,70,66,40,0],"items_purged":["Strike_R"],"gold":243,"score":274,"play_id":"cd8d2276-ed78-4142-903e-46b9ec7fad1e","local_time":"20180414172159","is_prod":false,"is_daily":false,"chose_seed":false,"is_ascension_mode":true,"campfire_upgraded":3,"timestamp":1523751719,"path_taken":["M","?","M","M","M","R","E","$","T","E","R","?","E","?","R","BOSS","M","?","M","M","M","E"],"build_version":"2018-04-12","seed_source_timestamp":950358855170059,"purchased_purges":1,"victory":false,"master_deck":["Strike_R","Strike_R","Strike_R","Strike_R","Defend_R","Defend_R","Defend_R","Defend_R","Bash","Spot Weakness","Dropkick","Armaments+1","Berserk+1","Corruption","Sentinel","Double Tap+1","Flex","Thunderclap","Impervious","Clumsy","Decay","Pain","Uppercut+1","Berserk+1","Anger+1","Entrench","Armaments+1"],"max_hp_per_floor":[80,80,80,80,80,80,80,80,80,80,80,80,80,80,80,80,80,80,80,80,80,80,80],"relics":["Burning Blood","Paper Frog","Blood Vial","Regal Pillow","Pen Nib","Self Forming Clay","Calling Bell","Oddly Smooth Stone","Magic Flower","Vajra"],"card_choices":[{"not_picked":["Iron Wave","Pommel Strike"],"picked":"Spot Weakness","floor":1},{"not_picked":["Heavy Blade","Power Through"],"picked":"Dropkick","floor":3},{"not_picked":["Wild Strike","Flex"],"picked":"Armaments","floor":4},{"not_picked":["Shrug It Off","True Grit"],"picked":"Entrench","floor":5},{"not_picked":["Rampage","Pommel Strike"],"picked":"Berserk","floor":7},{"not_picked":["Clothesline","Seeing Red"],"picked":"Double Tap","floor":10},{"not_picked":["Searing Blow","Pommel Strike"],"picked":"Thunderclap","floor":13},{"not_picked":["Reaper","Immolate"],"picked":"Impervious","floor":16},{"not_picked":["Iron Wave","Pommel Strike"],"picked":"Uppercut","floor":18},{"not_picked":["Fire Breathing","Infernal Blade"],"picked":"Anger","floor":20},{"not_picked":["True Grit","Perfected Strike"],"picked":"Entrench","floor":21},{"not_picked":["Second Wind","True Grit"],"picked":"Armaments","floor":22}],"player_experience":286157,"potions_floor_usage":[7,16,18,23,23],"damage_taken":[{"damage":8,"enemies":"Small Slimes","floor":1,"turns":4},{"damage":0,"enemies":"2 Louse","floor":3,"turns":3},{"damage":0,"enemies":"Cultist","floor":4,"turns":3},{"damage":10,"enemies":"Large Slime","floor":5,"turns":6},{"damage":17,"enemies":"Lagavulin","floor":7,"turns":7},{"damage":22,"enemies":"3 Sentries","floor":10,"turns":8},{"damage":15,"enemies":"Lagavulin","floor":13,"turns":6},{"damage":12,"enemies":"The Guardian","floor":16,"turns":6},{"damage":20,"enemies":"2 Thieves","floor":18,"turns":4},{"damage":11,"enemies":"Chosen","floor":20,"turns":4},{"damage":16,"enemies":"Centurion and Healer","floor":21,"turns":5},{"damage":38,"enemies":"Snake Plant","floor":22,"turns":4},{"damage":55,"enemies":"Slavers","floor":23,"turns":3}],"event_choices":[{"event_name":"Scrap Ooze","player_choice":"success","floor":2,"damage_taken":12},{"event_name":"Bonfire Elementals","player_choice":"UNCOMMON","floor":14,"damage_taken":0},{"event_name":"Duplicator","player_choice":"One dupe","floor":19,"damage_taken":0}],"boss_relics":[{"not_picked":["Eternal Feather","White Beast Statue"],"picked":"Calling Bell"}],"potions_floor_spawned":[1,4,13,18,21],"seed_played":"5289893942362396024","killed_by":"Slavers","ascension_level":6,"is_trial":false}