{"path_per_floor":["M","?","?","?","M","R","E","M","T","E","T","R","M","E","R","B",null,"M","$","M","M","M","E","R","M","T","R","E","?","T","E","R","B",null,"M","M","?","?","$","E","R","E","T","E","$","?","M","M","R","B"],"character_chosen":"IRONCLAD","items_purchased":["Jack Of All Trades","Armaments","Secret Technique","Apotheosis","Lantern","Anchor","Jack Of All Trades","Gambling Chip","Pommel Strike"],"gold_per_floor":[111,111,111,186,196,196,228,244,324,358,438,438,450,482,482,586,586,596,8,19,31,51,77,77,94,148,148,181,181,231,261,261,363,363,377,391,391,391,105,140,140,168,249,283,20,20,35,49,49,49],"floor_reached":51,"campfire_rested":1,"playtime":7714,"current_hp_per_floor":[80,80,85,74,73,73,60,56,56,62,62,85,85,85,85,69,85,79,79,65,71,63,69,69,75,75,75,68,52,52,54,54,48,90,90,90,90,90,90,90,90,90,90,90,90,90,90,90,90,90],"items_purged":["Second Wind","Anger"],"gold":49,"score":1113,"play_id":"5b7afb8c-ea1e-4218-ae8c-9149b760125c","local_time":"20180407201556","is_prod":false,"is_daily":false,"is_ascension_mode":true,"campfire_upgraded":7,"timestamp":1523157356,"path_taken":["M","?","?","?","?","R","E","M","T","E","?","R","?","E","R","BOSS","M","$","M","M","M","E","R","M","T","R","E","?","?","E","R","BOSS","M","M","?","?","$","E","R","E","T","E","$","?","M","M","R","BOSS"],"build_version":"2018-04-05v2","purchased_purges":3,"victory":true,"master_deck":["Bash","Shrug It Off","Corruption+1","Feel No Pain+1","Fire Breathing","Flame Barrier","Body Slam","Anger+1","Clash","Immolate","Rage+1","Entrench","Shrug It Off","Pommel Strike","Anger","Shrug It Off","Jack Of All Trades+1","Secret Technique+1","Apotheosis+1","Pommel Strike","Body Slam","Shockwave+1","Dark Embrace","Warcry+1","Body Slam","Barricade","Flame Barrier+1","Shrug It Off","Jack Of All Trades+1","Sentinel+1","Pommel Strike","Secret Weapon"],"max_hp_per_floor":[80,80,85,85,85,85,85,85,85,85,85,85,85,85,85,85,85,85,85,85,85,85,85,85,85,85,85,85,90,90,90,90,90,90,90,90,90,90,90,90,90,90,90,90,90,90,90,90,90,90],"relics":["Burning Blood","Oddly Smooth Stone","Tiny Chest","Dodecahedron","The Courier","Bronze Scales","Pandora\u0027s Box","Lantern","Ice Cream","Bag of Preparation","War Paint","Vajra","Orichalcum","Philosopher\u0027s Stone","Anchor","Gremlin Horn","Mercury Hourglass","Ornamental Fan","Matryoshka","Gambling Chip"],"card_choices":[{"not_picked":["Body Slam","Warcry"],"picked":"Shrug It Off","floor":1.0},{"not_picked":["Body Slam","Clothesline"],"picked":"Feel No Pain","floor":5.0},{"not_picked":["Iron Wave","Clothesline"],"picked":"Fire Breathing","floor":7.0},{"not_picked":["Clash","Metallicize"],"picked":"Flame Barrier","floor":8.0},{"not_picked":["Perfected Strike","Wild Strike"],"picked":"Body Slam","floor":10.0},{"not_picked":["Sword Boomerang","Hemokinesis"],"picked":"Anger","floor":13.0},{"not_picked":["Shrug It Off","Armaments"],"picked":"Clash","floor":14.0},{"not_picked":["Limit Break","Bludgeon"],"picked":"Immolate","floor":16.0},{"not_picked":["Havoc","Metallicize"],"picked":"Shrug It Off","floor":18.0},{"not_picked":["Perfected Strike","Clothesline"],"picked":"Pommel Strike","floor":20.0},{"not_picked":["Bloodletting","Corruption"],"picked":"Body Slam","floor":21.0},{"not_picked":["Anger","Disarm"],"picked":"Shockwave","floor":22.0},{"not_picked":["Rupture","Sword Boomerang"],"picked":"Dark Embrace","floor":23.0},{"not_picked":["Wild Strike","Reckless Charge"],"picked":"Warcry","floor":25.0},{"not_picked":["Fiend Fire","Anger"],"picked":"Body Slam","floor":31.0},{"not_picked":["Dark Embrace","Offering"],"picked":"Barricade","floor":33.0},{"not_picked":["Perfected Strike","Iron Wave"],"picked":"Flame Barrier","floor":35.0},{"not_picked":["Twin Strike","Exhume"],"picked":"Sentinel","floor":42},{"not_picked":["Panacea","Dark Shackles"],"picked":"Secret Weapon","floor":46}],"player_experience":127412,"potions_floor_usage":[44,50],"damage_taken":[{"damage":0.0,"enemies":"2 Louse","floor":1.0,"turns":4.0},{"damage":7.0,"enemies":"Jaw Worm","floor":5.0,"turns":5.0},{"damage":19.0,"enemies":"Gremlin Nob","floor":7.0,"turns":5.0},{"damage":10.0,"enemies":"Small Slimes","floor":8.0,"turns":4.0},{"damage":0.0,"enemies":"Lagavulin","floor":10.0,"turns":8.0},{"damage":0.0,"enemies":"Blue Slaver","floor":13.0,"turns":4.0},{"damage":0.0,"enemies":"Gremlin Nob","floor":14.0,"turns":4.0},{"damage":22.0,"enemies":"The Guardian","floor":16.0,"turns":6.0},{"damage":12.0,"enemies":"Shell Parasite","floor":18.0,"turns":4.0},{"damage":20.0,"enemies":"2 Thieves","floor":20.0,"turns":4.0},{"damage":0.0,"enemies":"Snecko","floor":21.0,"turns":5.0},{"damage":14.0,"enemies":"Slaver and Parasite","floor":22.0,"turns":4.0},{"damage":0.0,"enemies":"Book of Stabbing","floor":23.0,"turns":4.0},{"damage":0.0,"enemies":"Cultist and Chosen","floor":25.0,"turns":3.0},{"damage":13.0,"enemies":"Slavers","floor":28.0,"turns":3.0},{"damage":4.0,"enemies":"Gremlin Leader","floor":31.0,"turns":4.0},{"damage":12.0,"enemies":"Automaton","floor":33.0,"turns":5.0},{"damage":0.0,"enemies":"3 Darklings","floor":35.0,"turns":1.0},{"damage":0.0,"enemies":"Orb Walker","floor":36.0,"turns":2.0},{"damage":0,"enemies":"Nemesis","floor":40,"turns":1},{"damage":0,"enemies":"Giant Head","floor":42,"turns":4},{"damage":0,"enemies":"Nemesis","floor":44,"turns":3},{"damage":0,"enemies":"4 Shapes","floor":47,"turns":2},{"damage":0,"enemies":"Maw","floor":48,"turns":1},{"damage":0,"enemies":"Time Eater","floor":50,"turns":3}],"event_choices":[{"event_name":"Living Wall","player_choice":"Change","floor":2.0,"damage_taken":0.0},{"event_name":"Big Fish","player_choice":"Donut","floor":3.0,"damage_taken":0.0},{"event_name":"World of Goop","player_choice":"Gather Gold","floor":4.0,"damage_taken":0.0},{"event_name":"Forgotten Altar","player_choice":"Shed Blood","floor":29.0,"damage_taken":0.0},{"event_name":"Purifier","player_choice":"One Purge","floor":37.0,"damage_taken":0.0},{"event_name":"Match and Keep!","player_choice":"1 cards matched","floor":38.0,"damage_taken":0.0},{"event_name":"SensoryStone","player_choice":"Memory 1","floor":46,"damage_taken":0}],"boss_relics":[],"potions_floor_spawned":[5,10,13,14,21,22,23,33,35,44,47,48],"seed_played":"-8138781986797693184","ascension_level":1,"is_trial":false}