{"gold_per_floor":[110,35,110,130,130,130,150,188,188,188,226,226,14,14,14,108,108,133,146,32,32,32,32,51,85,111,111],"floor_reached":27,"playtime":1943,"items_purged":["Strike_B"],"score":578,"play_id":"28d40c80-4e3e-4edc-9d00-520ad7ec0893","local_time":"20190824181229","is_ascension_mode":true,"campfire_choices":[{"data":"Defragment","floor":10.0,"key":"SMITH"},{"data":"Biased Cognition","floor":12.0,"key":"SMITH"},{"data":"Zap","floor":15.0,"key":"SMITH"},{"data":"Fission","floor":23,"key":"SMITH"}],"neow_cost":"NONE","seed_source_timestamp":100980775830508,"circlet_count":0,"master_deck":["AscendersBane","Strike_B","Strike_B","Strike_B","Defend_B","Defend_B","Defend_B","Defend_B","Zap+1","Dualcast","Defragment+1","Ball Lightning","Coolheaded","Biased Cognition+1","Fission+1","Cold Snap","Sweeping Beam","Panacea","Cold Snap","Undo+1","Barrage"],"special_seed":0,"relics":["Cracked Core","Golden Idol","Du-Vu Doll","Pear","Runic Capacitor","Cursed Key","Omamori","Pen Nib"],"potions_floor_usage":[18,24,27],"damage_taken":[{"damage":14.0,"enemies":"Jaw Worm","floor":1.0,"turns":4.0},{"damage":5.0,"enemies":"2 Louse","floor":4.0,"turns":3.0},{"damage":1.0,"enemies":"Cultist","floor":7.0,"turns":3.0},{"damage":13.0,"enemies":"Lagavulin","floor":8.0,"turns":7.0},{"damage":15.0,"enemies":"3 Sentries","floor":11.0,"turns":8.0},{"damage":0.0,"enemies":"Exordium Wildlife","floor":14.0,"turns":1.0},{"damage":4.0,"enemies":"The Guardian","floor":16.0,"turns":7.0},{"damage":0,"enemies":"Spheric Guardian","floor":18,"turns":4},{"damage":7,"enemies":"Chosen","floor":19,"turns":4},{"damage":0,"enemies":"Snecko","floor":24,"turns":4},{"damage":54,"enemies":"Gremlin Leader","floor":25,"turns":8},{"damage":27,"enemies":"Slavers","floor":27,"turns":1}],"seed_played":"-3454573090989292998","potions_obtained":[{"floor":4.0,"key":"GamblersBrew"},{"floor":11.0,"key":"SmokeBomb"},{"floor":19,"key":"Ancient Potion"},{"floor":25,"key":"FearPotion"}],"is_trial":false,"path_per_floor":["M","$","?","M","?","?","M","E","T","R","E","R","$","M","R","B",null,"M","M","$","?","?","R","M","E","T","E"],"character_chosen":"DEFECT","items_purchased":["Runic Capacitor","Panacea","Cold Snap"],"campfire_rested":0,"item_purchase_floors":[13,20,20],"current_hp_per_floor":[57,57,46,41,41,64,63,50,60,60,45,45,45,45,45,41,71,71,64,64,80,80,80,80,26,26,0],"gold":111,"neow_bonus":"TEN_PERCENT_HP_BONUS","is_prod":false,"is_daily":false,"chose_seed":false,"campfire_upgraded":4,"win_rate":0,"timestamp":1566695549,"path_taken":["M","$","?","M","?","?","M","E","T","R","E","R","?","M","R","BOSS","M","M","?","?","?","R","M","E","T","E"],"build_version":"2019-07-17","purchased_purges":1,"victory":false,"max_hp_per_floor":[78,78,78,78,71,71,71,71,81,81,81,81,81,81,81,81,81,81,81,81,81,81,81,81,81,81,81],"card_choices":[{"not_picked":["Sweeping Beam","Reinforced Body"],"picked":"Defragment","floor":1.0},{"not_picked":["Barrage","Chill"],"picked":"Ball Lightning","floor":4.0},{"not_picked":["Scrape","Blizzard"],"picked":"Coolheaded","floor":7.0},{"not_picked":["Chaos","Coolheaded"],"picked":"Biased Cognition","floor":8.0},{"not_picked":["Scrape","Rebound","Stack"],"picked":"SKIP","floor":11.0},{"not_picked":["Machine Learning","Meteor Strike"],"picked":"Fission","floor":16.0},{"not_picked":["Redo","Skim"],"picked":"Cold Snap","floor":18},{"not_picked":["Redo","Rip and Tear"],"picked":"Sweeping Beam","floor":19},{"not_picked":["Chill","Streamline"],"picked":"Undo+1","floor":24},{"not_picked":["Beam Cell","Sunder"],"picked":"Barrage","floor":25}],"player_experience":771730,"relics_obtained":[{"floor":8.0,"key":"Du-Vu Doll"},{"floor":9.0,"key":"Pear"},{"floor":25,"key":"Omamori"},{"floor":26,"key":"Pen Nib"}],"event_choices":[{"damage_healed":0.0,"max_hp_gain":0.0,"max_hp_loss":0.0,"gold_gain":75.0,"event_name":"World of Goop","player_choice":"Gather Gold","floor":3.0,"gold_loss":0.0,"damage_taken":11.0},{"damage_healed":0.0,"max_hp_gain":0.0,"max_hp_loss":7.0,"gold_gain":0.0,"event_name":"Golden Idol","player_choice":"Lose Max HP","floor":5.0,"gold_loss":0.0,"damage_taken":0.0,"relics_obtained":["Golden Idol"]},{"damage_healed":23.0,"max_hp_gain":0.0,"max_hp_loss":0.0,"gold_gain":0.0,"event_name":"Big Fish","player_choice":"Banana","floor":6.0,"gold_loss":0.0,"damage_taken":0.0},{"damage_healed":16,"gold_gain":0,"player_choice":"Heal","damage_taken":0,"max_hp_gain":0,"max_hp_loss":0,"event_name":"The Library","floor":21,"gold_loss":0},{"damage_healed":0,"gold_gain":0,"player_choice":"Ignored","damage_taken":0,"max_hp_gain":0,"max_hp_loss":0,"event_name":"Ghosts","floor":22,"gold_loss":0}],"is_beta":false,"boss_relics":[{"not_picked":["Pandora\u0027s Box","Lizard Tail"],"picked":"Cursed Key"}],"items_purged_floors":[2],"is_endless":false,"potions_floor_spawned":[4,11,14,19,25],"killed_by":"Slavers","ascension_level":20}