{"gold_per_floor":[116,176,176,176,195,195,209,209,261,454,454,478,478,497,497,626,626,641,661,661,684,316,350,350,365,365,365,430,450,549,563,563,688,688,706,616,637,650,749,749,773,773,824,824,240,284,46,62,62,62],"floor_reached":51,"playtime":1742,"items_purged":["Strike_R","Strike_R"],"score":911,"play_id":"44bc9b4d-8617-49d9-99b5-969f9fdcaf17","local_time":"20190111133543","is_ascension_mode":false,"campfire_choices":[{"data":"Inflame","floor":6,"key":"SMITH"},{"data":"Twin Strike","floor":8,"key":"SMITH"},{"data":"Whirlwind","floor":15,"key":"SMITH"},{"data":"ReplayTheSpireMod:Muscle Training","floor":24,"key":"SMITH"},{"data":"Beam Cell","floor":27,"key":"SMITH"},{"data":"Limit Break","floor":32,"key":"SMITH"},{"data":"Disarm","floor":40,"key":"SMITH"},{"floor":42,"key":"REST"},{"floor":49,"key":"REST"}],"neow_cost":"NONE","seed_source_timestamp":1266820039198481,"circlet_count":0,"master_deck":["Apotheosis+1","Strike_R+1","Defend_R","Defend_R","Defend_R","Defend_R","Bash+1","Twin Strike+1","Inflame+1","Whirlwind+1","Dark Embrace+1","Reaper","ReplayTheSpireMod:Muscle Training+1","Beam Cell+1","Limit Break+1","Disarm+1","The Bomb","Headbutt+1"],"relics":["Burning Blood","Golden Idol","Vajra","ReplayFunnel","Philosopher\u0027s Stone","hubris:GlazedTorus","Ornamental Fan","Singing Bowl","Tiny Chest","Painkiller Herb","WingedGreaves","Pen Nib","Durian","Pear","hubris:EmptyBottle"],"potions_floor_usage":[29,50,50,50],"damage_taken":[{"damage":0,"enemies":"2 Louse","floor":1,"turns":3},{"damage":0,"enemies":"Cultist","floor":5,"turns":3},{"damage":0,"enemies":"Small Slimes","floor":7,"turns":3},{"damage":5,"enemies":"Looter","floor":10,"turns":3},{"damage":0,"enemies":"Large Slime","floor":12,"turns":3},{"damage":3,"enemies":"Exordium Wildlife","floor":14,"turns":4},{"damage":52,"enemies":"Fading Forest","floor":16,"turns":11},{"damage":7,"enemies":"Chosen","floor":18,"turns":3},{"damage":15,"enemies":"Shell Parasite","floor":19,"turns":6},{"damage":26,"enemies":"Chosen and Byrds","floor":21,"turns":4},{"damage":25,"enemies":"Replay:Snechameleon","floor":23,"turns":7},{"damage":8,"enemies":"Centurion and Healer","floor":25,"turns":5},{"damage":34,"enemies":"Nightmare","floor":28,"turns":6},{"damage":19,"enemies":"3 Cultists","floor":29,"turns":4},{"damage":5,"enemies":"Chosen and Byrds","floor":31,"turns":3},{"damage":63,"enemies":"hubris:MusketHawk","floor":33,"turns":7},{"damage":22,"enemies":"Orb Walker","floor":35,"turns":3},{"damage":22,"enemies":"3 Darklings","floor":37,"turns":2},{"damage":6,"enemies":"Transient","floor":38,"turns":5},{"damage":0,"enemies":"Jaw Worm Horde","floor":39,"turns":2},{"damage":23,"enemies":"Sphere and 2 Shapes","floor":41,"turns":5},{"damage":51,"enemies":"Nightmare","floor":46,"turns":6},{"damage":25,"enemies":"4 Shapes","floor":48,"turns":4},{"damage":117,"enemies":"Donu and Deca","floor":50,"turns":8}],"seed_played":"-7000718173626832956","potions_obtained":[{"floor":5,"key":"Languid Potion"},{"floor":12,"key":"BloodPotion"},{"floor":16,"key":"Swift Potion"},{"floor":28,"key":"infinitespire:BlackPotion"},{"floor":29,"key":"PowerPotion"},{"floor":37,"key":"Elixir"}],"is_trial":false,"path_per_floor":["M","?","?","?","M","R","M","R","T","M","?","M","?","M","R","B",null,"M","M","?","M","$","E","R","M","T","R","NM","M","?","M","R","B",null,"?","?","?","?","?","T","?","T","T","?","T","NM","T","?","T","B",null],"character_chosen":"IRONCLAD","items_purchased":["hubris:GlazedTorus","Durian","The Bomb","Headbutt+1","hubris:EmptyBottle"],"campfire_rested":2,"item_purchase_floors":[22,45,45,47,47],"current_hp_per_floor":[80,80,60,60,66,66,72,72,72,73,73,79,79,80,80,38,80,79,76,76,71,71,52,52,63,63,63,49,53,53,76,76,54,84,86,86,72,90,92,92,85,94,94,94,99,66,66,56,89,40],"gold":62,"neow_bonus":"RANDOM_EVENT","is_prod":false,"is_daily":false,"chose_seed":false,"campfire_upgraded":7,"win_rate":0,"timestamp":1547231743,"path_taken":["M","?","?","?","M","R","M","R","T","?","?","M","?","M","R","BOSS","M","M","?","M","$","E","R","M","T","R","NM","M","?","M","R","BOSS","?","?","?","?","?","T","?","T","T","?","?","NM","T","?","T","BOSS"],"build_version":"2019-01-10","purchased_purges":2,"victory":true,"max_hp_per_floor":[80,80,80,80,80,80,80,80,80,80,80,80,80,80,80,80,80,80,80,80,80,80,80,80,80,80,80,80,82,82,82,82,84,84,86,86,88,90,92,92,94,94,94,94,99,111,111,113,113,113],"card_choices":[{"not_picked":["Combust","Cleave"],"picked":"Twin Strike","floor":1},{"not_picked":["Searing Blow","Blood for Blood"],"picked":"Inflame","floor":5},{"not_picked":["Pommel Strike","Body Slam","Abandon"],"picked":"SKIP","floor":7},{"not_picked":["Clothesline","Metallicize"],"picked":"Sword Boomerang","floor":10},{"not_picked":["Entrench","Dropkick"],"picked":"Whirlwind","floor":12},{"not_picked":["Entrench","Havoc","Shockwave"],"picked":"SKIP","floor":14},{"not_picked":["Demon Form","Double Tap"],"picked":"Reaper","floor":16},{"not_picked":["Clothesline","Twin Strike"],"picked":"ReplayTheSpireMod:Muscle Training","floor":18},{"not_picked":["Cleave","Flame Barrier+1","ReplayTheSpireMod:Strike From Hell"],"picked":"SKIP","floor":19},{"not_picked":["Armaments","Carnage+1","Reckless Charge"],"picked":"SKIP","floor":21},{"not_picked":["Cleave+1","Life Link","True Grit"],"picked":"SKIP","floor":23},{"not_picked":["Perfected Strike","Replay:Undeath\u0027s Touch","Pommel Strike+1"],"picked":"SKIP","floor":25},{"not_picked":["Evolve","Defy Death"],"picked":"Limit Break","floor":28},{"not_picked":["Havoc","Rage","Combust"],"picked":"Singing Bowl","floor":29},{"not_picked":["Replay:Undeath\u0027s Touch+1","Flex"],"picked":"Disarm","floor":31},{"not_picked":["Juggernaut","Brutality","Barricade"],"picked":"Singing Bowl","floor":33},{"not_picked":["True Grit","Sever Soul","Body Slam+1"],"picked":"Singing Bowl","floor":35},{"not_picked":["True Grit+1","Uppercut","Armaments"],"picked":"Singing Bowl","floor":37},{"not_picked":["Clash+1","Iron Wave","Warcry+1"],"picked":"Singing Bowl","floor":38},{"not_picked":["Massacre","Warcry+1","Havoc"],"picked":"Singing Bowl","floor":39},{"not_picked":["Berserk","Wild Strike","Burning Pact"],"picked":"Singing Bowl","floor":41},{"not_picked":["Burning Pact","ReplayTheSpireMod:Strike From Hell","Clash+1"],"picked":"Singing Bowl","floor":46},{"not_picked":["Clothesline","Blood for Blood+1","Armaments"],"picked":"Singing Bowl","floor":48}],"player_experience":592303,"relics_obtained":[{"floor":4,"key":"Vajra"},{"floor":9,"key":"ReplayFunnel"},{"floor":23,"key":"Ornamental Fan"},{"floor":26,"key":"Singing Bowl"},{"floor":28,"key":"Tiny Chest"},{"floor":43,"key":"Pen Nib"},{"floor":46,"key":"Pear"}],"event_choices":[{"damage_healed":0,"gold_gain":0,"player_choice":"Grow","damage_taken":0,"max_hp_gain":0,"max_hp_loss":0,"event_name":"Living Wall","floor":0,"gold_loss":0,"cards_upgraded":["Bash"]},{"damage_healed":0,"gold_gain":60,"player_choice":"Gained Gold","damage_taken":0,"max_hp_gain":0,"max_hp_loss":0,"event_name":"Golden Wing","floor":2,"gold_loss":0},{"damage_healed":0,"gold_gain":0,"player_choice":"Take Damage","damage_taken":20,"relics_obtained":["Golden Idol"],"max_hp_gain":0,"max_hp_loss":0,"event_name":"Golden Idol","floor":3,"gold_loss":0},{"damage_healed":0,"gold_gain":0,"player_choice":"Relic","damage_taken":0,"max_hp_gain":0,"max_hp_loss":0,"event_name":"Wheel of Change","floor":4,"gold_loss":0},{"cards_removed":["Strike_R"],"damage_healed":0,"gold_gain":0,"player_choice":"Forget","damage_taken":0,"max_hp_gain":0,"max_hp_loss":0,"event_name":"Living Wall","floor":11,"gold_loss":0},{"damage_healed":0,"gold_gain":0,"player_choice":"Read","damage_taken":0,"max_hp_gain":0,"max_hp_loss":0,"event_name":"The Library","floor":20,"gold_loss":0,"cards_obtained":["Beam Cell"]},{"damage_healed":0,"gold_gain":99,"player_choice":"Stole From Cult","damage_taken":0,"max_hp_gain":0,"max_hp_loss":0,"event_name":"Nest","floor":30,"gold_loss":0},{"cards_removed":["Strike_R"],"damage_healed":0,"gold_gain":0,"player_choice":"Upgrade and Remove","damage_taken":0,"max_hp_gain":0,"max_hp_loss":0,"event_name":"Designer","floor":36,"gold_loss":90,"cards_upgraded":["Strike_R"]},{"damage_healed":0,"gold_gain":0,"player_choice":"Ignored","damage_taken":0,"max_hp_gain":0,"max_hp_loss":0,"event_name":"Tomb of Lord Red Mask","floor":44,"gold_loss":0}],"is_beta":false,"boss_relics":[{"not_picked":["ReplayTheSpireMod:Onyx Gauntlets","White Beast Statue"],"picked":"Philosopher\u0027s Stone"},{"not_picked":["hubris:TerracottaHorce","hubris:VirtuousBlindfold"],"picked":"Painkiller Herb"}],"items_purged_floors":[22,45],"is_endless":false,"potions_floor_spawned":[5,12,16,18,19,29,33,37,39,41],"ascension_level":0}