{"gold_per_floor":[119,129,144,164,339,339,363,363,363,143,171,201,201,201,201,300,300,311,324,442,459,459,459,493,512,536,184,297,309,329,343,343,443,443,455,455,470,233,243,243,271,271,320,340,359,371,371,611,611,611],"floor_reached":50,"playtime":1899,"items_purged":["Doubt","Strike_G","hubris:Disease"],"score":625,"play_id":"d4073c03-e3d8-4e4e-ae21-33e11e2a2b6a","local_time":"20190106024045","is_ascension_mode":false,"campfire_choices":[{"data":"Finisher","floor":6,"key":"SMITH"},{"data":"Dash","floor":8,"key":"SMITH"},{"data":"Noxious Fumes","floor":13,"key":"SMITH"},{"data":"Dagger Spray","floor":15,"key":"SMITH"},{"data":"Adrenaline","floor":23,"key":"SMITH"},{"floor":32,"key":"REST"},{"data":"Adrenaline","floor":40,"key":"SMITH"},{"data":"infinitespire:Punishment","floor":42,"key":"SMITH"},{"floor":49,"key":"REST"}],"neow_cost":"NONE","seed_source_timestamp":795373355282506,"circlet_count":0,"master_deck":["Defend_G","Defend_G+1","Defend_G","Defend_G","Defend_G+1","Strike_G","Strike_G","Strike_G","Strike_G","Survivor","Neutralize","Finisher+1","Dagger Spray+1","Dash+1","Noxious Fumes+1","Dagger Throw","Corpse Explosion","Adrenaline+1","Accuracy","infinitespire:Virus","hubris:SlightOfHand+1","Poisoned Stab","Adrenaline+1","Cloak And Dagger+1","Blade Dance+1","Bane","Parasite","Finisher+1","infinitespire:Punishment+1","infinitespire:Pacifist","Crippling Poison+1","infinitespire:Virus","infinitespire:Virus","infinitespire:Virus"],"relics":["Ring of the Snake","Smiling Mask","Ninja Scroll","Vajra","hubris:64BitClover","Tiny Chest","Pear","Cursed Key","Kunai","PreservedInsect","Regal Pillow","War Paint","Blood Vial","hubris:CrackedHourglass","hubris:Metronome","Strawberry","hubris:Spice","Bronze Scales"],"potions_floor_usage":[3,19,30,30,50],"damage_taken":[{"damage":0,"enemies":"Small Slimes","floor":1,"turns":4},{"damage":6,"enemies":"Jaw Worm","floor":2,"turns":5},{"damage":0,"enemies":"Cultist","floor":3,"turns":2},{"damage":10,"enemies":"Looter","floor":4,"turns":3},{"damage":11,"enemies":"Gremlin Nob","floor":11,"turns":4},{"damage":36,"enemies":"The Guardian","floor":16,"turns":9},{"damage":0,"enemies":"Shell Parasite","floor":18,"turns":1},{"damage":0,"enemies":"Chosen","floor":19,"turns":1},{"damage":21,"enemies":"Snake Plant","floor":20,"turns":2},{"damage":0,"enemies":"3 Cultists","floor":21,"turns":2},{"damage":28,"enemies":"infiniteSpire:Nightmare","floor":24,"turns":7},{"damage":10,"enemies":"Chosen and Byrds","floor":25,"turns":2},{"damage":0,"enemies":"Centurion and Healer","floor":28,"turns":4},{"damage":11,"enemies":"Snake Plant","floor":29,"turns":4},{"damage":12,"enemies":"Shelled Parasite and Fungi","floor":30,"turns":3},{"damage":0,"enemies":"Snecko","floor":31,"turns":1},{"damage":44,"enemies":"Collector","floor":33,"turns":7},{"damage":0,"enemies":"3 Darklings","floor":35,"turns":2},{"damage":6,"enemies":"3 Shapes","floor":37,"turns":3},{"damage":8,"enemies":"Writhing Mass","floor":39,"turns":5},{"damage":0,"enemies":"infiniteSpire:Nightmare","floor":41,"turns":2},{"damage":6,"enemies":"Sphere and 2 Shapes","floor":44,"turns":2},{"damage":20,"enemies":"4 Shapes","floor":45,"turns":4},{"damage":5,"enemies":"Maw","floor":46,"turns":4},{"damage":0,"enemies":"Sphere and 2 Shapes","floor":48,"turns":3},{"damage":88,"enemies":"infinitespire:MassOfShapes","floor":50,"turns":9}],"seed_played":"-8227780374475273652","potions_obtained":[{"floor":2,"key":"Explosive Potion"},{"floor":3,"key":"SpeedPotion"},{"floor":11,"key":"AttackPotion"},{"floor":16,"key":"Swift Potion"},{"floor":18,"key":"Poison Potion"},{"floor":19,"key":"Dexterity Potion"},{"floor":28,"key":"Fire Potion"},{"floor":30,"key":"Dexterity Potion"},{"floor":35,"key":"Poison Potion"}],"is_trial":false,"path_per_floor":["M","M","M","M","?","R","T","R","T","$","E","?","R","?","R","B",null,"M","M","M","M","?","R","NM","M","T","$","M","M","M","M","R","B",null,"M","?","M","$","M","R","NM","R","T","M","M","M","?","M","R","B"],"character_chosen":"THE_SILENT","items_purchased":["Noxious Fumes","Vajra","Dagger Throw","Regal Pillow","War Paint","hubris:Metronome","Bane"],"campfire_rested":2,"item_purchase_floors":[10,10,10,27,27,38,38],"current_hp_per_floor":[77,71,71,61,61,61,61,61,61,61,50,50,50,60,60,24,87,87,87,66,66,66,66,38,28,28,28,28,19,9,11,52,10,87,87,87,81,81,82,82,92,92,92,88,70,67,67,69,102,0],"gold":611,"neow_bonus":"TEN_PERCENT_HP_BONUS","is_prod":false,"is_daily":false,"chose_seed":false,"campfire_upgraded":7,"win_rate":0,"timestamp":1546760445,"path_taken":["M","M","M","M","?","R","?","R","T","$","E","?","R","?","R","BOSS","M","?","M","M","?","R","NM","M","T","?","M","M","M","?","R","BOSS","M","?","M","$","M","R","NM","R","T","M","?","M","?","M","R","BOSS"],"build_version":"2019-01-03v4","purchased_purges":3,"victory":false,"max_hp_per_floor":[77,77,77,77,77,77,77,77,77,77,77,77,77,87,87,87,87,87,87,87,87,87,87,87,87,87,87,87,87,87,87,87,87,87,87,87,87,87,94,94,102,102,102,102,102,102,102,102,102,102],"card_choices":[{"not_picked":["Flechettes","Riddle With Holes"],"picked":"Finisher","floor":1},{"not_picked":["Deadly Poison","Endless Agony"],"picked":"Dagger Spray","floor":2},{"not_picked":["Endless Agony","Masterful Stab","Flying Knee"],"picked":"SKIP","floor":3},{"not_picked":["Bouncing Flask","Poisoned Stab"],"picked":"Dash","floor":4},{"not_picked":["Dagger Throw","Caltrops","Quick Slash"],"picked":"SKIP","floor":11},{"not_picked":["Venomology","Night Terror"],"picked":"Corpse Explosion","floor":16},{"not_picked":["Underhanded Strike","Dagger Throw","Flying Knee"],"picked":"SKIP","floor":18},{"not_picked":["Deflect","Underhanded Strike"],"picked":"Adrenaline","floor":19},{"not_picked":["Backflip","Slice"],"picked":"Accuracy","floor":20},{"not_picked":["hubris:Sniper","Riddle With Holes+1","Flying Knee+1"],"picked":"SKIP","floor":21},{"not_picked":["infinitespire:Collect","hubris:InfiniteBlow"],"picked":"infinitespire:Virus","floor":24},{"not_picked":["Prepared","Riddle With Holes"],"picked":"hubris:SlightOfHand+1","floor":24},{"not_picked":["Finisher","Dagger Throw","Infinite Blades"],"picked":"SKIP","floor":25},{"not_picked":["Finisher","Dagger Throw"],"picked":"Infinite Blades","floor":25},{"not_picked":["Blade Dance","Dagger Throw"],"picked":"Poisoned Stab","floor":28},{"not_picked":["PiercingWail","Sucker Punch+1","hubris:SlightOfHand"],"picked":"SKIP","floor":29},{"not_picked":["Dagger Throw","Poisoned Stab","Eviscerate"],"picked":"SKIP","floor":30},{"not_picked":["Terror+1","Backflip","A Thousand Cuts"],"picked":"SKIP","floor":31},{"not_picked":["Glass Knife","infinitespire:Neurotoxin"],"picked":"Adrenaline","floor":33},{"not_picked":["Skewer","PiercingWail"],"picked":"Cloak And Dagger+1","floor":35},{"not_picked":["All Out Attack+1","Dagger Throw"],"picked":"Blade Dance+1","floor":37},{"not_picked":["Acrobatics+1","Deflect+1"],"picked":"Finisher+1","floor":39},{"not_picked":["hubris:InfiniteBlow","infinitespire:UltimateForm"],"picked":"infinitespire:Punishment","floor":41},{"not_picked":["hubris:TrickCloak","Deflect","Slice"],"picked":"SKIP","floor":41},{"not_picked":["Masterful Stab+1","Leg Sweep","Dagger Spray"],"picked":"SKIP","floor":44},{"not_picked":["hubris:Sniper+1","Quick Slash+1","Backflip"],"picked":"SKIP","floor":45},{"not_picked":["Terror+1","Quick Slash"],"picked":"Crippling Poison+1","floor":46},{"not_picked":["Outmaneuver","Envenom","Setup"],"picked":"SKIP","floor":48}],"player_experience":542168,"relics_obtained":[{"floor":7,"key":"Smiling Mask"},{"floor":9,"key":"Ninja Scroll"},{"floor":11,"key":"hubris:64BitClover"},{"floor":12,"key":"Tiny Chest"},{"floor":24,"key":"Kunai"},{"floor":26,"key":"PreservedInsect"},{"floor":28,"key":"Blood Vial"},{"floor":39,"key":"Strawberry"},{"floor":41,"key":"hubris:Spice"},{"floor":43,"key":"Bronze Scales"}],"event_choices":[{"damage_healed":0,"gold_gain":175,"player_choice":"AGREE","damage_taken":0,"max_hp_gain":0,"max_hp_loss":0,"event_name":"Liars Game","floor":5,"gold_loss":0,"cards_obtained":["Doubt"]},{"damage_healed":0,"gold_gain":0,"player_choice":"Gave Potion","damage_taken":0,"relics_obtained":["Pear"],"max_hp_gain":0,"max_hp_loss":0,"event_name":"WeMeetAgain","floor":14,"gold_loss":0},{"damage_healed":0,"gold_gain":0,"player_choice":"0 cards matched","damage_taken":0,"max_hp_gain":0,"max_hp_loss":0,"event_name":"Match and Keep!","floor":22,"gold_loss":0,"cards_obtained":[]},{"damage_healed":0,"gold_gain":0,"player_choice":"Got Potions","damage_taken":0,"max_hp_gain":0,"max_hp_loss":0,"event_name":"Lab","floor":36,"gold_loss":0},{"cards_removed":["Infinite Blades"],"damage_healed":0,"gold_gain":0,"player_choice":"Removed Power","damage_taken":0,"max_hp_gain":0,"max_hp_loss":0,"event_name":"Falling","floor":47,"gold_loss":0}],"is_beta":false,"boss_relics":[{"not_picked":["White Beast Statue","WristBlade"],"picked":"Cursed Key"},{"not_picked":["Sozu","hubris:Stopwatch"],"picked":"hubris:CrackedHourglass"}],"items_purged_floors":[10,27,38],"is_endless":true,"potions_floor_spawned":[2,3,11,16,18,19,21,28,30,35,41,44,48],"killed_by":"infinitespire:MassOfShapes","ascension_level":0}