{"path_per_floor":["M","M","M","$","?","R","E","$","T","E","R","M","M","E","R","B",null,"M","?","?","?","?","E","M","E","T","E","R","$","?","E","R","B",null,"M","M","?","M","M"],"character_chosen":"THE_SILENT","items_purchased":["Infinite Blades","Noxious Fumes","Slice","Bane","Trip"],"gold_per_floor":[119,137,149,39,39,39,70,16,16,49,49,59,77,102,102,206,206,218,218,168,93,93,118,131,163,189,221,221,12,12,40,40,141,171,183,200,200,215,229,229],"floor_reached":40,"campfire_rested":2,"playtime":3318,"current_hp_per_floor":[69,67,63,63,63,63,51,51,51,41,41,31,28,21,42,30,70,44,44,44,44,44,39,42,25,25,18,18,18,18,11,25,37,54,29,33,26,37,40,0],"items_purged":["Defend_G","Doubt"],"gold":229,"score":581,"play_id":"cb2cfcd7-1f67-43b0-8a1a-8f58e3e8e9a7","local_time":"20180411215755","is_prod":false,"is_daily":false,"is_ascension_mode":true,"campfire_upgraded":3,"timestamp":1523509075,"path_taken":["M","?","M","$","?","R","E","?","T","E","R","M","?","E","R","BOSS","M","?","?","?","?","E","?","E","T","E","R","$","?","E","R","BOSS","M","M","?","M","M","E"],"build_version":"2018-04-05v2","purchased_purges":2,"victory":false,"master_deck":["Defend_G+1","Defend_G+1","Defend_G+1","Defend_G+1","Survivor","Neutralize","Caltrops+1","Acrobatics","Slice","Infinite Blades","Dagger Spray","Noxious Fumes+1","Deadly Poison","Cloak And Dagger","Noxious Fumes","Backflip","After Image+1","Sucker Punch+1","Bite","Bite","Bite","Bite","Bite+1","A Thousand Cuts","Predator","Tactician","Flechettes","Slice","Bane","Trip","Deflect","Night Terror","Accuracy+1","Cloak And Dagger+1","Cloak And Dagger+1","Madness","Madness","Backstab+1","Escape Plan+1"],"max_hp_per_floor":[70,70,70,70,70,70,70,70,70,70,70,70,70,70,70,70,70,70,70,70,70,49,49,49,49,49,49,49,49,49,49,49,49,54,54,54,54,54,54,54],"relics":["Runic Dome","The Courier","Calipers","Gambling Chip","Happy Flower","Cursed Key","Ice Cream","Bottled Flame","Pen Nib","Matryoshka","Blood Vial","Unceasing Top","Tiny House"],"card_choices":[{"not_picked":["Crippling Poison","Storm of Steel"],"picked":"Caltrops","floor":1},{"not_picked":["Deadly Poison","Underhanded Strike"],"picked":"Acrobatics","floor":2},{"not_picked":["Outmaneuver","Finisher"],"picked":"Slice","floor":3},{"not_picked":["Prepared","Backflip"],"picked":"Dagger Spray","floor":7},{"not_picked":["Underhanded Strike","Concentrate"],"picked":"Deadly Poison","floor":10},{"not_picked":["Distraction","Dagger Throw"],"picked":"Cloak And Dagger","floor":12},{"not_picked":["Prepared","Dagger Spray"],"picked":"Noxious Fumes","floor":13},{"not_picked":["Backstab","Riddle With Holes"],"picked":"Backflip","floor":14},{"not_picked":["Doppelganger","A Thousand Cuts"],"picked":"After Image","floor":16},{"not_picked":["Concentrate","PiercingWail"],"picked":"Sucker Punch","floor":18},{"not_picked":["Blade Dance","Sucker Punch"],"picked":"A Thousand Cuts","floor":23},{"not_picked":["Underhanded Strike","PiercingWail"],"picked":"Predator","floor":24},{"not_picked":["Infinite Blades","Reflex"],"picked":"Tactician","floor":25},{"not_picked":["Flying Knee","Outmaneuver"],"picked":"Flechettes","floor":27},{"not_picked":["Malaise","Poisoned Stab"],"picked":"Deflect","floor":31},{"not_picked":["Storm of Steel","Glass Knife"],"picked":"Night Terror","floor":33},{"not_picked":["Poisoned Stab","Distraction"],"picked":"Accuracy","floor":34},{"not_picked":["Quick Slash","Poisoned Stab"],"picked":"Cloak And Dagger","floor":35},{"not_picked":["Deadly Poison","Flying Knee"],"picked":"Cloak And Dagger","floor":36},{"not_picked":["Dagger Spray","Dodge and Roll"],"picked":"Backstab","floor":38},{"not_picked":["Backflip","Quick Slash"],"picked":"Escape Plan","floor":39}],"player_experience":223624,"potions_floor_usage":[7,10,14,14,16,23,25,27,38],"damage_taken":[{"damage":1,"enemies":"Cultist","floor":1,"turns":4},{"damage":2,"enemies":"2 Louse","floor":2,"turns":3},{"damage":4,"enemies":"Jaw Worm","floor":3,"turns":4},{"damage":12,"enemies":"Lagavulin","floor":7,"turns":8},{"damage":10,"enemies":"Gremlin Nob","floor":10,"turns":4},{"damage":10,"enemies":"Gremlin Gang","floor":12,"turns":3},{"damage":3,"enemies":"2 Fungi Beasts","floor":13,"turns":3},{"damage":7,"enemies":"Lagavulin","floor":14,"turns":4},{"damage":12,"enemies":"Hexaghost","floor":16,"turns":6},{"damage":26,"enemies":"2 Thieves","floor":18,"turns":4},{"damage":11,"enemies":"Book of Stabbing","floor":23,"turns":4},{"damage":7,"enemies":"Spheric Guardian","floor":24,"turns":4},{"damage":23,"enemies":"Slavers","floor":25,"turns":5},{"damage":17,"enemies":"Book of Stabbing","floor":27,"turns":5},{"damage":19,"enemies":"Gremlin Leader","floor":31,"turns":5},{"damage":10,"enemies":"Automaton","floor":33,"turns":9},{"damage":32,"enemies":"3 Darklings","floor":35,"turns":4},{"damage":2,"enemies":"Orb Walker","floor":36,"turns":3},{"damage":6,"enemies":"Sphere and 2 Shapes","floor":38,"turns":4},{"damage":3,"enemies":"4 Shapes","floor":39,"turns":3},{"damage":61,"enemies":"2 Orb Walkers","floor":40,"turns":3}],"event_choices":[{"event_name":"The Lab","player_choice":"Got Potions","floor":5,"damage_taken":0},{"event_name":"Back to Basics","player_choice":"Simplicity","floor":19,"damage_taken":0},{"event_name":"The Joust","player_choice":"Bet on Murderer","floor":20,"damage_taken":0},{"event_name":"Beggar","player_choice":"Gave Gold","floor":21,"damage_taken":0},{"event_name":"Vampires","player_choice":"Became a vampire","floor":22,"damage_taken":0},{"event_name":"The Mausoleum","player_choice":"Yes","floor":30,"damage_taken":0},{"event_name":"Winding Halls","player_choice":"Embrace Madness","floor":37,"damage_taken":0}],"boss_relics":[{"not_picked":["White Beast Statue","Orrery"],"picked":"Cursed Key"},{"not_picked":["Velvet Choker","Runic Pyramid"],"picked":"Tiny House"}],"potions_floor_spawned":[1,12,13,18,23,24],"seed_played":"695835626295438688","killed_by":"2 Orb Walkers","ascension_level":2,"is_trial":false}