{"gold_per_floor":[114,189,202,352,367,394,0,0,0,0,20,20,54,11,11,11],"floor_reached":16,"playtime":1941,"items_purged":["Doubt"],"score":216,"play_id":"45cf9d65-02ff-402d-a8d2-aadb5ea4d81c","local_time":"20190916113801","is_ascension_mode":true,"campfire_choices":[{"data":"ForeignInfluence","floor":8,"key":"SMITH"},{"data":"SpiritShield","floor":10,"key":"SMITH"},{"data":"Protect","floor":15,"key":"SMITH"}],"neow_cost":"NONE","seed_source_timestamp":0,"circlet_count":0,"master_deck":["AscendersBane","Strike_P","Strike_P","Strike_P","Strike_P","Defend_P","Defend_P","Defend_P","Defend_P","Eruption","Vigilance","Protect+1","CrushJoints","FearNoEvil","SpiritShield+1","MentalFortress","BowlingBash","Protect","ForeignInfluence+1","Adaptation","Blasphemy","Vengeance"],"special_seed":0,"relics":["SlaversCollar","Singing Bowl","Orrery","Bronze Scales","Akabeko","Golden Idol","Melange"],"potions_floor_usage":[16],"damage_taken":[{"damage":0.0,"enemies":"Small Slimes","floor":1.0,"turns":3.0},{"damage":0.0,"enemies":"2 Louse","floor":3.0,"turns":4.0},{"damage":0.0,"enemies":"Jaw Worm","floor":5.0,"turns":3.0},{"damage":23.0,"enemies":"Gremlin Nob","floor":6.0,"turns":5.0},{"damage":0,"enemies":"Looter","floor":11,"turns":4},{"damage":20,"enemies":"3 Sentries","floor":13,"turns":3},{"damage":99999,"enemies":"The Guardian","floor":16,"turns":12}],"seed_played":"1474006427796275714","potions_obtained":[{"floor":1.0,"key":"PowerPotion"},{"floor":5.0,"key":"Fire Potion"},{"floor":13,"key":"SpeedPotion"}],"is_trial":false,"path_per_floor":["M","?","M","?","M","E","$","R","T","R","M","?","E","$","R","B"],"character_chosen":"WATCHER","items_purchased":["Orrery","Bronze Scales","Vengeance"],"campfire_rested":0,"item_purchase_floors":[7,7,14],"current_hp_per_floor":[55,44,44,44,44,21,23,23,23,23,23,23,3,3,3,0],"gold":11,"neow_bonus":"BOSS_RELIC","is_prod":false,"is_daily":false,"chose_seed":false,"campfire_upgraded":3,"win_rate":0,"timestamp":1568659081,"path_taken":["M","?","M","?","M","E","$","R","T","R","M","?","E","?","R","BOSS"],"build_version":"2019-09-12","purchased_purges":1,"victory":false,"max_hp_per_floor":[61,61,61,61,61,61,63,63,63,63,63,57,57,57,57,57],"card_choices":[{"not_picked":["Clarity","SpiritShield"],"picked":"Protect","floor":1.0},{"not_picked":["EmptyMind","Weave"],"picked":"CrushJoints","floor":3.0},{"not_picked":["EmptyMind","WreathOfFlame"],"picked":"FearNoEvil","floor":5.0},{"not_picked":["FollowUp","Scrawl"],"picked":"SpiritShield","floor":6.0},{"not_picked":["ThirdEye","Weave"],"picked":"MentalFortress","floor":7},{"not_picked":["StepAndStrike","WindmillStrike"],"picked":"BowlingBash","floor":7},{"not_picked":["Worship","ThirdEye","Prostrate"],"picked":"Singing Bowl","floor":7},{"not_picked":["Conclude","Evaluate"],"picked":"Protect","floor":7},{"not_picked":["EmptyMind","ClearTheMind"],"picked":"ForeignInfluence","floor":7},{"not_picked":["Conclude","JustLucky"],"picked":"Adaptation","floor":11},{"not_picked":["EmptyMind","CutThroughFate"],"picked":"Blasphemy","floor":13}],"player_experience":1101328,"relics_obtained":[{"floor":6.0,"key":"Singing Bowl"},{"floor":9,"key":"Akabeko"},{"floor":13,"key":"Melange"}],"event_choices":[{"damage_healed":0.0,"max_hp_gain":0.0,"max_hp_loss":0.0,"gold_gain":75.0,"event_name":"World of Goop","player_choice":"Gather Gold","floor":2.0,"gold_loss":0.0,"damage_taken":11.0},{"damage_healed":0.0,"max_hp_gain":0.0,"max_hp_loss":0.0,"gold_gain":150.0,"event_name":"Liars Game","player_choice":"AGREE","floor":4.0,"gold_loss":0.0,"damage_taken":0.0,"cards_obtained":["Doubt"]},{"damage_healed":0,"gold_gain":0,"player_choice":"Lose Max HP","damage_taken":0,"relics_obtained":["Golden Idol"],"max_hp_gain":0,"max_hp_loss":6,"event_name":"Golden Idol","floor":12,"gold_loss":0}],"is_beta":true,"boss_relics":[],"items_purged_floors":[7],"is_endless":false,"potions_floor_spawned":[1,5,13],"killed_by":"The Guardian","ascension_level":20}