{"gold_per_floor":[118,130,130,144,161,161,161,161,186,186,206,206,224,238,238,339,339,359,359,284,302,320,331,331,345,345,356,356,356,356],"floor_reached":30,"playtime":775,"items_purged":["Strike_G"],"score":226,"play_id":"0e1fa756-3bfd-4ecb-9ed8-916fd1404f3c","local_time":"20181030210335","is_ascension_mode":false,"campfire_choices":[{"data":"Blade Dance","floor":6,"key":"SMITH"},{"data":"Neutralize","floor":8,"key":"SMITH"},{"data":"Bouncing Flask","floor":10,"key":"SMITH"},{"data":"Accuracy","floor":15,"key":"SMITH"},{"data":"Noxious Fumes","floor":29,"key":"SMITH"}],"neow_cost":"NONE","seed_source_timestamp":19975620440573,"circlet_count":0,"master_deck":["Defend_G+1","Defend_G+1","Defend_G+1","Defend_G+1","Strike_G+1","Survivor","Neutralize+1","Bouncing Flask+1","Decay","Noxious Fumes+1","Blade Dance+1","Slice","Accuracy+1","Adrenaline","Leg Sweep+1","All Out Attack+1","Riddle With Holes+1","Accuracy","Catalyst","Cloak And Dagger","Blade Dance","Bane+1"],"relics":["Ring of the Snake","NeowsBlessing","Bronze Scales","Astrolabe","MutagenicStrength","Blood Vial","Letter Opener"],"potions_floor_usage":[16,25,30,30],"damage_taken":[{"damage":0,"enemies":"Cultist","floor":1,"turns":1},{"damage":0,"enemies":"Small Slimes","floor":2,"turns":1},{"damage":0,"enemies":"Jaw Worm","floor":4,"turns":1},{"damage":11,"enemies":"Looter","floor":5,"turns":4},{"damage":4,"enemies":"2 Fungi Beasts","floor":11,"turns":2},{"damage":2,"enemies":"Blue Slaver","floor":13,"turns":3},{"damage":8,"enemies":"Exordium Wildlife","floor":14,"turns":4},{"damage":17,"enemies":"The Guardian","floor":16,"turns":9},{"damage":5,"enemies":"Shell Parasite","floor":18,"turns":5},{"damage":0,"enemies":"Chosen","floor":21,"turns":3},{"damage":11,"enemies":"Shelled Parasite and Fungi","floor":22,"turns":3},{"damage":11,"enemies":"Cultist and Chosen","floor":23,"turns":6},{"damage":2,"enemies":"Snecko","floor":25,"turns":3},{"damage":24,"enemies":"Snake Plant","floor":27,"turns":4},{"damage":22,"enemies":"Shelled Parasite and Fungi","floor":30,"turns":2}],"seed_played":"-4886467621776445984","potions_obtained":[{"floor":1,"key":"Fire Potion"},{"floor":2,"key":"AttackPotion"},{"floor":14,"key":"Swift Potion"},{"floor":16,"key":"Energy Potion"},{"floor":23,"key":"Fire Potion"}],"is_trial":false,"path_per_floor":["M","M","?","M","M","R","?","R","T","R","M","?","M","M","R","B",null,"M","?","$","M","M","M","?","M","T","M","T","R"],"character_chosen":"THE_SILENT","items_purchased":[],"campfire_rested":0,"item_purchase_floors":[],"current_hp_per_floor":[70,70,70,70,59,59,45,45,45,45,41,34,32,24,24,7,70,65,65,65,65,54,43,43,41,41,19,19,19,0],"gold":356,"neow_bonus":"THREE_ENEMY_KILL","is_prod":false,"is_daily":false,"chose_seed":false,"campfire_upgraded":5,"win_rate":0,"timestamp":1540947815,"path_taken":["M","?","?","M","?","R","?","R","T","R","M","?","M","M","R","BOSS","M","?","$","M","M","M","?","M","T","M","?","R","M"],"build_version":"2018-10-29v2","purchased_purges":1,"victory":false,"max_hp_per_floor":[70,70,70,70,70,70,70,70,70,70,70,70,70,70,70,70,70,70,70,70,70,70,70,70,70,70,70,70,70,70],"card_choices":[{"not_picked":["Backflip","Terror"],"picked":"Bouncing Flask","floor":1},{"not_picked":["Deadly Poison","Setup","Expertise"],"picked":"SKIP","floor":2},{"not_picked":["Underhanded Strike","Leg Sweep"],"picked":"Noxious Fumes","floor":4},{"not_picked":["Slice","Setup"],"picked":"Blade Dance","floor":5},{"not_picked":["Catalyst","Doppelganger"],"picked":"Slice","floor":11},{"not_picked":["Cloak And Dagger","Backflip"],"picked":"Accuracy","floor":13},{"not_picked":["Quick Slash","Backflip","Underhanded Strike"],"picked":"SKIP","floor":14},{"not_picked":["Storm of Steel","Unload"],"picked":"Adrenaline","floor":16},{"not_picked":["Endless Agony","Dodge and Roll"],"picked":"Accuracy","floor":18},{"not_picked":["Outmaneuver+1","Endless Agony+1"],"picked":"Catalyst","floor":21},{"not_picked":["Prepared","Setup+1","Sucker Punch"],"picked":"SKIP","floor":22},{"not_picked":["Well Laid Plans","PiercingWail+1"],"picked":"Cloak And Dagger","floor":23},{"not_picked":["Flying Knee","Slice+1"],"picked":"Blade Dance","floor":25},{"not_picked":["Backflip","Skewer"],"picked":"Bane+1","floor":27}],"player_experience":953675,"relics_obtained":[{"floor":9,"key":"Bronze Scales"},{"floor":26,"key":"Blood Vial"},{"floor":28,"key":"Letter Opener"}],"event_choices":[{"damage_healed":0,"gold_gain":0,"player_choice":"Cursed","damage_taken":0,"max_hp_gain":0,"max_hp_loss":0,"event_name":"Wheel of Change","floor":3,"gold_loss":0,"cards_obtained":["Decay"]},{"damage_healed":0,"gold_gain":0,"player_choice":"Entered Light","damage_taken":14,"max_hp_gain":0,"max_hp_loss":0,"event_name":"Shining Light","floor":7,"gold_loss":0,"cards_upgraded":["Strike_G","Defend_G"]},{"cards_removed":["Strike_G"],"damage_healed":0,"gold_gain":0,"player_choice":"Card Removal","damage_taken":7,"max_hp_gain":0,"max_hp_loss":0,"event_name":"Golden Wing","floor":12,"gold_loss":0},{"damage_healed":0,"gold_gain":0,"player_choice":"Inject Mutagens","damage_taken":0,"relics_obtained":["MutagenicStrength"],"max_hp_gain":0,"max_hp_loss":0,"event_name":"Drug Dealer","floor":19,"gold_loss":0},{"damage_healed":0,"gold_gain":0,"player_choice":"Simplicity","damage_taken":0,"max_hp_gain":0,"max_hp_loss":0,"event_name":"Back to Basics","floor":24,"gold_loss":0,"cards_upgraded":["Defend_G","Defend_G","Defend_G","Defend_G"]}],"is_beta":true,"boss_relics":[{"not_picked":["Empty Cage","Lizard Tail"],"picked":"Astrolabe"}],"items_purged_floors":[20],"is_endless":false,"potions_floor_spawned":[1,2,14,16,18,22,23],"killed_by":"Shelled Parasite and Fungi","ascension_level":0}