{"path_per_floor":["M","?","?","?","$","R","M","R","T","R","$","?","$","M","R","B",null,"M","M","M","?","$","R","$","M","T","R"],"character_chosen":"IRONCLAD","items_purchased":["Metallicize"],"gold_per_floor":[109,184,184,184,109,109,129,129,129,129,29,129,4,22,22,117,117,42,61,81,81,2,2,2,15,315,315],"floor_reached":28,"campfire_rested":2,"playtime":883,"current_hp_per_floor":[80,69,74,74,74,74,76,76,76,76,76,76,76,81,81,31,85,72,59,18,18,18,43,43,37,37,62],"items_purged":["Strike_R","Strike_R","Defend_R"],"gold":315,"score":202,"play_id":"699c55de-6b30-4373-819a-753ba774218c","is_prod":false,"is_daily":false,"is_ascension_mode":false,"campfire_upgraded":4,"path_taken":["M","?","?","?","$","R","?","R","T","R","?","?","$","M","R","BOSS","M","M","M","?","$","R","$","M","T","R","M"],"build_version":"2018-02-15-PROD1","purchased_purges":3,"victory":false,"master_deck":["Strike_R","Strike_R","Strike_R","Defend_R","Defend_R","Defend_R+1","Bash+1","Inflame+1","Sentinel+1","Twin Strike+1","Barricade+1","Shrug It Off","Iron Wave","Cleave","Juggernaut+1","Flame Barrier","Shrug It Off","Shrug It Off","Metallicize+1","Body Slam"],"max_hp_per_floor":[80,80,85,85,85,85,85,85,85,85,85,85,85,85,85,85,85,85,85,85,85,85,85,85,85,85,85],"relics":["Burning Blood","Blood Vial","Frozen Egg 2","Orrery","Old Coin"],"card_choices":[{"not_picked":["Headbutt","Shrug It Off"],"picked":"Inflame"},{"not_picked":["Perfected Strike","Second Wind"],"picked":"Sentinel"},{"not_picked":["Havoc","Warcry"],"picked":"Twin Strike"},{"not_picked":["Exhume","Reaper"],"picked":"Barricade"},{"not_picked":["Perfected Strike","Clash"],"picked":"Shrug It Off"},{"not_picked":["Intimidate","Battle Trance"],"picked":"Iron Wave"},{"not_picked":["Perfected Strike","Anger"],"picked":"Cleave"},{"not_picked":["Fire Breathing","Pommel Strike"],"picked":"Juggernaut"},{"not_picked":["Dropkick","Wild Strike"],"picked":"Flame Barrier"},{"not_picked":["Havoc","Anger"],"picked":"Shrug It Off"},{"not_picked":["Heavy Blade","Pommel Strike"],"picked":"Shrug It Off"},{"not_picked":["Pummel","Perfected Strike"],"picked":"Body Slam"}],"player_experience":99041,"potions_floor_usage":[],"damage_taken":[{"damage":0,"enemies":"Small Slimes","floor":1,"turns":3},{"damage":6,"enemies":"2 Louse","floor":7,"turns":2},{"damage":3,"enemies":"Jaw Worm","floor":14,"turns":3},{"damage":58,"enemies":"Slime Boss","floor":16,"turns":14},{"damage":19,"enemies":"2 Thieves","floor":18,"turns":5},{"damage":21,"enemies":"Chosen","floor":19,"turns":8},{"damage":49,"enemies":"Centurion and Healer","floor":20,"turns":15},{"damage":14,"enemies":"Snake Plant","floor":25,"turns":6},{"damage":70,"enemies":"3 Cultists","floor":28,"turns":5}],"event_choices":[{"event_name":"World of Goop","player_choice":"Gather Gold","floor":2,"damage_taken":0},{"event_name":"Big Fish","player_choice":"Donut","floor":3,"damage_taken":0},{"event_name":"Upgrade Shrine","player_choice":"Upgraded","floor":4,"damage_taken":0},{"event_name":"Golden Shrine","player_choice":"Pray","floor":12,"damage_taken":0},{"event_name":"Cursed Tome","player_choice":"Ignored","floor":21,"damage_taken":0}],"boss_relics":[{"not_picked":["Astrolabe","Calling Bell"],"picked":"Orrery"}],"potions_floor_spawned":[7,14,19,20,25],"seed_played":"-7761182276950411902","killed_by":"3 Cultists","ascension_level":0,"is_trial":false}