{"path_per_floor":["M","?","$","M","$","R","M","?","T","R","M","M","M","M","R","B",null,"M","M","$","M","M"],"character_chosen":"DEFECT","items_purchased":["Glacier","Frozen Egg 2"],"gold_per_floor":[113,113,2,18,18,18,33,63,86,86,96,113,123,135,135,240,240,252,265,19,36,51,51],"floor_reached":23,"campfire_rested":0,"playtime":748,"current_hp_per_floor":[69,69,69,69,69,69,68,68,75,75,74,74,71,62,62,25,82,82,82,82,40,37,0],"items_purged":["Regret"],"gold":51,"score":187,"play_id":"6d5c6a74-f46f-439b-b062-9d100a55f501","local_time":"20180509141633","is_prod":false,"is_daily":false,"chose_seed":false,"is_ascension_mode":false,"campfire_upgraded":3,"timestamp":1525889793,"path_taken":["M","?","$","M","$","R","M","?","T","R","M","M","?","M","R","BOSS","M","?","$","M","M","E"],"build_version":"2018-05-08","seed_source_timestamp":665567365502287,"purchased_purges":1,"victory":false,"master_deck":["Strike_B","Strike_B","Strike_B","Strike_B","Defend_B","Defend_B","Defend_B","Defend_B","Zap+1","Dualcast","Biased Cognition","Lockon","Glacier","Melter","Tempest","Undo+1","Storm","Coolheaded","Hologram","Redo+1","All For One","Axe Kick+1","Turbo","Chill","Beam Cell"],"max_hp_per_floor":[75,75,75,75,75,75,75,75,82,82,82,82,82,82,82,82,82,82,82,82,82,82,82],"relics":["Cracked Core","Cables","Prayer Wheel","Strawberry","Velvet Choker","Frozen Egg 2"],"card_choices":[{"not_picked":["Double Energy","Force Field"],"picked":"Lockon","floor":1},{"not_picked":["Aggregate","Coolheaded"],"picked":"Melter","floor":4},{"not_picked":["Genetic Algorithm","Beam Cell"],"picked":"Tempest","floor":7},{"not_picked":["Reinforced Body","Go for the Eyes"],"picked":"Undo","floor":9},{"not_picked":["Aggregate","Capacitor"],"picked":"Storm","floor":11},{"not_picked":["Axe Kick","Turbo"],"picked":"Coolheaded","floor":12},{"not_picked":["Melter","Stack"],"picked":"Hologram","floor":13},{"not_picked":["Go for the Eyes","Coolheaded"],"picked":"Redo","floor":14},{"not_picked":["Multi-Cast","Biased Cognition"],"picked":"All For One","floor":16},{"not_picked":["Hologram","Recycle"],"picked":"Axe Kick","floor":18},{"not_picked":["Auto Shields","Go for the Eyes"],"picked":"Turbo","floor":19},{"not_picked":["Streamline","Leap"],"picked":"Chill","floor":21},{"not_picked":["Cold Snap","Sweeping Beam"],"picked":"Beam Cell","floor":22}],"player_experience":434878,"potions_floor_usage":[19,23,23],"damage_taken":[{"damage":6,"enemies":"2 Louse","floor":1,"turns":3},{"damage":0,"enemies":"Jaw Worm","floor":4,"turns":3},{"damage":1,"enemies":"Cultist","floor":7,"turns":3},{"damage":1,"enemies":"Gremlin Gang","floor":11,"turns":3},{"damage":0,"enemies":"Red Slaver","floor":12,"turns":3},{"damage":16,"enemies":"Lots of Slimes","floor":13,"turns":3},{"damage":9,"enemies":"2 Fungi Beasts","floor":14,"turns":2},{"damage":42,"enemies":"Hexaghost","floor":16,"turns":9},{"damage":0,"enemies":"Chosen","floor":18,"turns":3},{"damage":4,"enemies":"3 Byrds","floor":19,"turns":4},{"damage":42,"enemies":"Snake Plant","floor":21,"turns":3},{"damage":11,"enemies":"Centurion and Healer","floor":22,"turns":8},{"damage":39,"enemies":"Gremlin Leader","floor":23,"turns":4}],"event_choices":[{"event_name":"Big Fish","player_choice":"Box","floor":2,"damage_taken":0},{"event_name":"Dead Adventurer","player_choice":"Searched \u00272\u0027 times","floor":8,"damage_taken":0}],"boss_relics":[{"not_picked":["Orrery","Lizard Tail"],"picked":"Velvet Choker"}],"potions_floor_spawned":[1,7,11,14,16,18,19,22],"seed_played":"2685445573566892289","killed_by":"Gremlin Leader","ascension_level":0,"is_trial":false}