{"path_per_floor":["M","?","M","M","?","R","M","R","T","$","M","E","M","M","R","B",null,"M","$","?","M"],"character_chosen":"DEFECT","items_purchased":["Redo","Blizzard","Aggregate"],"gold_per_floor":[109,109,127,142,142,142,152,152,175,47,67,95,115,130,130,226,226,226,156,156,156,156],"floor_reached":22,"campfire_rested":0,"playtime":666,"item_purchase_floors":[10,10,19],"current_hp_per_floor":[81,81,74,74,74,74,72,72,72,72,60,54,49,38,38,28,82,54,54,38,29,0],"items_purged":[],"gold":156,"score":188,"play_id":"11907824-6f87-40cb-b553-c7293590defe","local_time":"20180529194843","is_prod":false,"is_daily":false,"chose_seed":false,"is_ascension_mode":false,"campfire_upgraded":3,"win_rate":0,"timestamp":1527637723,"campfire_choices":[{"data":"Barrage","floor":6,"key":"SMITH"},{"data":"Coolheaded","floor":8,"key":"SMITH"},{"data":"Redo","floor":15,"key":"SMITH"}],"path_taken":["M","?","M","M","?","R","M","R","T","$","M","E","?","M","R","BOSS","M","$","?","M","?"],"build_version":"2018-05-28","seed_source_timestamp":586619757678590,"purchased_purges":0,"victory":false,"master_deck":["Strike_B","Strike_B","Strike_B","Strike_B","Defend_B","Defend_B","Defend_B","Defend_B","Zap+1","Dualcast","Capacitor","Barrage+1","Ball Lightning","Coolheaded+1","Redo+1","Blizzard","Rainbow","Turbo","Ball Lightning","Consume","Echo Form","Cold Snap","Aggregate"],"max_hp_per_floor":[82,82,82,82,82,82,82,82,82,82,82,82,82,82,82,82,82,82,82,87,87,87],"relics":["Cracked Core","Oddly Smooth Stone","Lantern","Ectoplasm"],"card_choices":[{"not_picked":["Darkness","Cold Snap"],"picked":"Capacitor","floor":1},{"not_picked":["Sweeping Beam","Stack"],"picked":"Barrage","floor":3},{"not_picked":["Sweeping Beam","Conserve Battery"],"picked":"Ball Lightning","floor":4},{"not_picked":["Stack","Turbo"],"picked":"Coolheaded","floor":7},{"not_picked":["Beam Cell","Go for the Eyes"],"picked":"Rainbow","floor":11},{"not_picked":["Beam Cell","Steam"],"picked":"Turbo","floor":12},{"not_picked":["Storm","Leap"],"picked":"Ball Lightning","floor":13},{"not_picked":["Seek","Ball Lightning"],"picked":"Consume","floor":14},{"not_picked":["Hyperbeam","Reboot"],"picked":"Echo Form","floor":16},{"not_picked":["Heatsinks","Recycle"],"picked":"Cold Snap","floor":18},{"not_picked":["Streamline","Sweeping Beam","Redo"],"picked":"SKIP","floor":21}],"player_experience":516044,"potions_floor_usage":[11,14,22],"damage_taken":[{"damage":1,"enemies":"Jaw Worm","floor":1,"turns":3},{"damage":7,"enemies":"Small Slimes","floor":3,"turns":4},{"damage":0,"enemies":"2 Louse","floor":4,"turns":3},{"damage":2,"enemies":"Blue Slaver","floor":7,"turns":3},{"damage":12,"enemies":"2 Fungi Beasts","floor":11,"turns":3},{"damage":6,"enemies":"3 Sentries","floor":12,"turns":4},{"damage":5,"enemies":"3 Louse","floor":13,"turns":3},{"damage":11,"enemies":"Lots of Slimes","floor":14,"turns":3},{"damage":10,"enemies":"Slime Boss","floor":16,"turns":6},{"damage":28,"enemies":"Shell Parasite","floor":18,"turns":4},{"damage":9,"enemies":"Chosen","floor":21,"turns":5},{"damage":32,"enemies":"Snake Plant","floor":22,"turns":2}],"relics_obtained":[{"floor":9,"key":"Oddly Smooth Stone"},{"floor":12,"key":"Lantern"}],"event_choices":[{"event_name":"Liars Game","player_choice":"disagreed","floor":2,"damage_taken":0},{"event_name":"Living Wall","player_choice":"Grow","floor":5,"damage_taken":0},{"event_name":"Forgotten Altar","player_choice":"Shed Blood","floor":20,"damage_taken":0}],"boss_relics":[{"not_picked":["Tiny House","Orrery"],"picked":"Ectoplasm"}],"items_purged_floors":[],"potions_floor_spawned":[1,4,11,13,16,18],"seed_played":"6659973409950779373","killed_by":"Snake Plant","ascension_level":0,"potions_obtained":[{"floor":1,"key":"FocusPotion"},{"floor":4,"key":"FearPotion"},{"floor":11,"key":"SneckoOil"},{"floor":13,"key":"PowerPotion"},{"floor":16,"key":"SteroidPotion"},{"floor":18,"key":"Swift Potion"}],"is_trial":false}