{"gold_per_floor":[112,132,152,169,94,94,94,94,94,108,177,177,177,187,187,287,287,305,305,117,137,152,152,166,166,166,166,91,91,107,137,137,239,239,255,255,268,280,297,297,297,297,323,342,357,371,144,159,159,159],"floor_reached":51,"playtime":2551,"items_purged":["Strike_R","Strike_R+1"],"score":1011,"play_id":"8100fdce-34d0-4852-be1f-0ae69043fbca","local_time":"20190826001110","is_ascension_mode":true,"campfire_choices":[{"data":"Bash","floor":6,"key":"SMITH"},{"data":"Metallicize","floor":8,"key":"SMITH"},{"data":"Shrug It Off","floor":12,"key":"SMITH"},{"data":"Barricade","floor":15,"key":"SMITH"},{"data":"Metamorphosis","floor":23,"key":"SMITH"},{"data":"Juggernaut","floor":25,"key":"SMITH"},{"data":"Iron Wave","floor":27,"key":"SMITH"},{"floor":32,"key":"REST"},{"floor":40,"key":"REST"},{"data":"Shrug It Off","floor":42,"key":"SMITH"},{"floor":49,"key":"REST"}],"neow_cost":"NONE","seed_source_timestamp":373157061882600,"circlet_count":0,"master_deck":["Strike_R+1","Defend_R+1","Defend_R+1","Defend_R+1","Defend_R+1","Bash+1","Metallicize+1","Shrug It Off+1","Barricade+1","Juggernaut+1","Metamorphosis+1","Iron Wave+1","Shrug It Off+1"],"relics":["Burning Blood","Oddly Smooth Stone","Anchor","Mark of Pain","Letter Opener","Darkstone Periapt","Orrery","Ancient Tea Set"],"potions_floor_usage":[16,31,31,44,46,50,50,50],"damage_taken":[{"damage":0,"enemies":"Jaw Worm","floor":1,"turns":5},{"damage":8,"enemies":"Small Slimes","floor":2,"turns":4},{"damage":4,"enemies":"2 Louse","floor":3,"turns":3},{"damage":5,"enemies":"Red Slaver","floor":4,"turns":6},{"damage":0,"enemies":"Exordium Wildlife","floor":10,"turns":5},{"damage":12,"enemies":"2 Fungi Beasts","floor":14,"turns":6},{"damage":20,"enemies":"Hexaghost","floor":16,"turns":15},{"damage":0,"enemies":"Spheric Guardian","floor":18,"turns":6},{"damage":1,"enemies":"Shell Parasite","floor":21,"turns":5},{"damage":0,"enemies":"Centurion and Healer","floor":22,"turns":10},{"damage":0,"enemies":"Snake Plant","floor":24,"turns":6},{"damage":0,"enemies":"Chosen and Byrds","floor":30,"turns":5},{"damage":17,"enemies":"Slavers","floor":31,"turns":6},{"damage":0,"enemies":"Automaton","floor":33,"turns":9},{"damage":21,"enemies":"3 Darklings","floor":35,"turns":6},{"damage":6,"enemies":"3 Shapes","floor":37,"turns":6},{"damage":32,"enemies":"Sphere and 2 Shapes","floor":38,"turns":11},{"damage":38,"enemies":"Maw","floor":39,"turns":8},{"damage":3,"enemies":"4 Shapes","floor":44,"turns":4},{"damage":36,"enemies":"Transient","floor":45,"turns":5},{"damage":15,"enemies":"3 Darklings","floor":46,"turns":6},{"damage":9,"enemies":"4 Shapes","floor":48,"turns":9},{"damage":34,"enemies":"Time Eater","floor":50,"turns":10}],"seed_played":"8312799009176604804","potions_obtained":[{"floor":2,"key":"AttackPotion"},{"floor":3,"key":"Energy Potion"},{"floor":4,"key":"GamblersBrew"},{"floor":14,"key":"Strength Potion"},{"floor":16,"key":"Block Potion"},{"floor":37,"key":"Fire Potion"},{"floor":44,"key":"EssenceOfSteel"},{"floor":48,"key":"Block Potion"}],"is_trial":false,"path_per_floor":["M","M","M","M","$","R","?","R","T","M","?","R","?","M","R","B",null,"M","?","$","M","M","R","M","R","T","R","?","$","M","E","R","B",null,"M","?","M","M","M","R","?","R","T","M","M","M","$","M","R","B",null],"character_chosen":"IRONCLAD","items_purchased":["Metamorphosis","EssenceOfSteel","PowerPotion"],"campfire_rested":3,"item_purchase_floors":[20,47,47],"current_hp_per_floor":[78,76,78,79,79,79,63,63,63,69,69,69,69,63,63,49,72,78,78,78,80,80,80,80,80,80,80,80,80,80,69,80,80,80,65,65,65,39,7,31,80,80,80,80,50,41,41,38,62,34],"gold":159,"neow_bonus":"RANDOM_COMMON_RELIC","is_prod":false,"is_daily":false,"chose_seed":false,"campfire_upgraded":8,"win_rate":0,"timestamp":1566792670,"path_taken":["M","M","M","M","$","R","?","R","T","M","?","R","?","M","R","BOSS","M","?","$","M","M","R","M","R","T","R","?","$","M","E","R","BOSS","M","?","M","M","M","R","?","R","T","M","M","M","$","M","R","BOSS"],"build_version":"2019-08-23","purchased_purges":2,"victory":true,"max_hp_per_floor":[80,80,80,80,80,80,80,80,80,80,80,80,80,80,80,80,80,80,80,80,80,80,80,80,80,80,80,80,80,80,80,80,80,80,80,80,80,80,80,80,80,80,80,80,80,80,80,80,80,80],"card_choices":[{"not_picked":["Cleave","Battle Trance"],"picked":"Metallicize","floor":1},{"not_picked":["Intimidate","Wild Strike","Pommel Strike"],"picked":"SKIP","floor":2},{"not_picked":["Iron Wave","Infernal Blade"],"picked":"Shrug It Off","floor":3},{"not_picked":["Warcry","Headbutt","Blood for Blood"],"picked":"SKIP","floor":4},{"not_picked":["Evolve","Perfected Strike","Pommel Strike"],"picked":"SKIP","floor":10},{"not_picked":["Cleave","Havoc","Burning Pact"],"picked":"SKIP","floor":14},{"not_picked":["Bludgeon","Immolate"],"picked":"Juggernaut","floor":16},{"not_picked":["Heavy Blade","Warcry","Sword Boomerang"],"picked":"SKIP","floor":18},{"not_picked":["Iron Wave","Havoc","Reaper"],"picked":"SKIP","floor":21},{"not_picked":["Havoc","Reaper"],"picked":"Iron Wave","floor":21},{"not_picked":["Wild Strike","Heavy Blade","Perfected Strike+1"],"picked":"SKIP","floor":22},{"not_picked":["Clash","True Grit","Cleave"],"picked":"SKIP","floor":24},{"not_picked":["Uppercut","Anger","Twin Strike"],"picked":"SKIP","floor":30},{"not_picked":["Havoc","Thunderclap+1","Cleave"],"picked":"SKIP","floor":31},{"not_picked":["Hemokinesis","Perfected Strike"],"picked":"Shrug It Off","floor":34},{"not_picked":["Headbutt","Perfected Strike"],"picked":"Inflame","floor":34},{"not_picked":["Burning Pact+1","Iron Wave","Pommel Strike+1"],"picked":"SKIP","floor":35},{"not_picked":["Searing Blow","Armaments+1","Havoc"],"picked":"SKIP","floor":37},{"not_picked":["Searing Blow+1","Infernal Blade+1","Bloodletting+1"],"picked":"SKIP","floor":38},{"not_picked":["Anger","Power Through","Burning Pact+1"],"picked":"SKIP","floor":39},{"not_picked":["Dual Wield+1","Clothesline+1","Searing Blow+1"],"picked":"SKIP","floor":44},{"not_picked":["Pommel Strike+1","Clothesline","Shrug It Off+1"],"picked":"SKIP","floor":45},{"not_picked":["Clothesline+1","Shrug It Off","Feed"],"picked":"SKIP","floor":46},{"not_picked":["Clothesline+1","Carnage+1","Rage+1"],"picked":"SKIP","floor":48}],"player_experience":985522,"relics_obtained":[{"floor":9,"key":"Anchor"},{"floor":26,"key":"Letter Opener"},{"floor":31,"key":"Darkstone Periapt"},{"floor":43,"key":"Ancient Tea Set"}],"event_choices":[{"damage_healed":0,"gold_gain":0,"player_choice":"Entered Light","damage_taken":16,"max_hp_gain":0,"max_hp_loss":0,"event_name":"Shining Light","floor":7,"gold_loss":0,"cards_upgraded":["Strike_R","Defend_R"]},{"damage_healed":0,"gold_gain":69,"player_choice":"Gained Gold","damage_taken":0,"max_hp_gain":0,"max_hp_loss":0,"event_name":"Golden Wing","floor":11,"gold_loss":0},{"damage_healed":0,"gold_gain":0,"cards_transformed":["Strike_R"],"player_choice":"Transformed","damage_taken":0,"max_hp_gain":0,"max_hp_loss":0,"event_name":"Transmorgrifier","floor":13,"gold_loss":0,"cards_obtained":["Barricade"]},{"damage_healed":0,"gold_gain":0,"player_choice":"Simplicity","damage_taken":0,"max_hp_gain":0,"max_hp_loss":0,"event_name":"Back to Basics","floor":19,"gold_loss":0,"cards_upgraded":["Strike_R","Strike_R","Defend_R","Defend_R","Defend_R"]},{"cards_removed":["Strike_R"],"damage_healed":0,"gold_gain":0,"player_choice":"Gave Gold","damage_taken":0,"max_hp_gain":0,"max_hp_loss":0,"event_name":"Beggar","floor":28,"gold_loss":75},{"damage_healed":0,"gold_gain":0,"player_choice":"Ignored","damage_taken":0,"max_hp_gain":0,"max_hp_loss":0,"event_name":"Tomb of Lord Red Mask","floor":36,"gold_loss":0},{"cards_removed":["Inflame"],"damage_healed":49,"gold_gain":0,"player_choice":"Offered Uncommon","damage_taken":0,"max_hp_gain":0,"max_hp_loss":0,"event_name":"Bonfire Elementals","floor":41,"gold_loss":0}],"is_beta":true,"boss_relics":[{"not_picked":["Pandora\u0027s Box","Runic Dome"],"picked":"Mark of Pain"},{"not_picked":["Sozu","Empty Cage"],"picked":"Orrery"}],"items_purged_floors":[5,47],"is_endless":false,"potions_floor_spawned":[2,3,4,14,16,22,24,30,37,44,48],"ascension_level":9}