{"gold_per_floor":[12,12,28,42,61,126,126,154,180,180],"floor_reached":10,"playtime":485,"items_purged":[],"score":105,"play_id":"795d1a58-16d6-40d9-a529-937d50f0aae0","local_time":"20180815015849","is_ascension_mode":true,"campfire_choices":[{"data":"Inflame","floor":7,"key":"SMITH"}],"neow_cost":"NO_GOLD","seed_source_timestamp":815698847656703,"circlet_count":0,"master_deck":["Strike_R","Strike_R","Strike_R","Defend_R+1","Defend_R","Defend_R","Bash","Inflame+1","Offering","Shockwave+1","Shrug It Off","Headbutt","Iron Wave","True Grit"],"relics":["Burning Blood","Tiny Chest","War Paint","Regal Pillow"],"potions_floor_usage":[10],"damage_taken":[{"damage":18,"enemies":"2 Louse","floor":1,"turns":4},{"damage":6,"enemies":"Small Slimes","floor":3,"turns":4},{"damage":0,"enemies":"Cultist","floor":4,"turns":4},{"damage":13,"enemies":"Red Slaver","floor":5,"turns":5},{"damage":41,"enemies":"Lagavulin","floor":6,"turns":6},{"damage":17,"enemies":"Gremlin Nob","floor":8,"turns":5},{"damage":15,"enemies":"3 Louse","floor":10,"turns":2}],"seed_played":"695680002142084563","potions_obtained":[{"floor":3,"key":"Swift Potion"},{"floor":4,"key":"SpeedPotion"}],"is_trial":false,"path_per_floor":["M","?","M","M","M","E","R","E","T"],"character_chosen":"IRONCLAD","items_purchased":[],"campfire_rested":0,"item_purchase_floors":[],"current_hp_per_floor":[60,60,60,66,59,24,24,13,13,0],"gold":180,"neow_bonus":"TRANSFORM_TWO_CARDS","is_prod":false,"is_daily":false,"chose_seed":false,"campfire_upgraded":1,"win_rate":0,"timestamp":1534312729,"path_taken":["M","?","M","?","M","E","R","E","T","M"],"build_version":"2018-08-13v2","purchased_purges":0,"victory":false,"max_hp_per_floor":[80,80,80,80,80,80,80,80,80,80],"card_choices":[{"not_picked":["Body Slam","Perfected Strike","Sentinel"],"picked":"SKIP","floor":1},{"not_picked":["Rupture","Wild Strike"],"picked":"Shrug It Off","floor":3},{"not_picked":["Power Through","Bloodletting","Clothesline"],"picked":"SKIP","floor":4},{"not_picked":["True Grit","Thunderclap"],"picked":"Headbutt","floor":5},{"not_picked":["Second Wind","Berserk"],"picked":"Iron Wave","floor":6},{"not_picked":["Body Slam","Fiend Fire"],"picked":"True Grit","floor":8}],"player_experience":867395,"relics_obtained":[{"floor":6,"key":"Tiny Chest"},{"floor":8,"key":"War Paint"},{"floor":9,"key":"Regal Pillow"}],"event_choices":[{"event_name":"Living Wall","player_choice":"Change","floor":2,"damage_taken":0}],"is_beta":true,"boss_relics":[],"items_purged_floors":[],"is_endless":false,"potions_floor_spawned":[3,4],"killed_by":"3 Louse","ascension_level":7}