{"path_per_floor":["M","?","?","$","?","R","E","M","T","E","R","M","?","E","R","B",null,"M","?","$","?","M","R","?","M","T","M","$","R","M","M","R","B",null,"M","?","M","M","?","R","M","R","T","M","E","?","$","M","R","B"],"character_chosen":"IRONCLAD","items_purchased":["Girya","Metallicize","Dodecahedron"],"gold_per_floor":[109,109,109,34,34,34,67,86,86,121,121,140,214,248,248,346,346,356,356,50,50,68,68,68,87,87,101,60,60,80,94,94,190,190,209,209,222,240,240,240,256,256,302,322,349,349,89,108,108,108],"floor_reached":51,"campfire_rested":2,"playtime":2302,"current_hp_per_floor":[80,80,80,80,80,80,60,57,57,31,55,57,57,31,55,7,80,67,67,67,90,73,73,57,87,87,90,90,90,90,90,90,34,90,85,85,90,71,71,71,76,76,76,90,97,97,97,97,97,76],"items_purged":["Strike_R"],"gold":108,"score":877,"play_id":"cd7af2b4-58d0-4519-a985-bb0ba1d96ed7","local_time":"20180315152256","is_prod":false,"is_daily":false,"is_ascension_mode":true,"campfire_upgraded":4,"timestamp":1521141776,"path_taken":["M","?","?","?","?","R","E","?","T","E","R","M","?","E","R","BOSS","M","?","$","?","M","R","?","M","T","?","?","R","M","M","R","BOSS","M","?","M","M","?","R","M","R","T","M","E","?","?","M","R","BOSS"],"build_version":"2018-03-09","purchased_purges":1,"victory":true,"master_deck":["Defend_R","Defend_R","Defend_R","Bash+1","Body Slam+1","Sword Boomerang+1","Shockwave+1","Battle Trance","Reaper","Feel No Pain+1","Dual Wield+1","Disarm+1","Bloodletting","Flex+1","Metallicize","Impervious","Pummel+1"],"max_hp_per_floor":[80,80,80,80,80,80,80,80,80,80,80,80,80,80,80,80,80,80,80,80,90,90,90,90,90,90,90,90,90,90,90,90,90,90,90,90,90,90,90,90,90,90,90,90,97,97,97,97,97,97],"relics":["Burning Blood","Blood Vial","Omamori","Self Forming Clay","Du-Vu Doll","Blue Candle","Astrolabe","Girya","Necronomicon","Thread and Needle","Philosopher\u0027s Stone","Bronze Scales","Strawberry","Dodecahedron"],"card_choices":[{"not_picked":["Headbutt","Twin Strike"],"picked":"Body Slam"},{"not_picked":["Wild Strike","Havoc"],"picked":"Sword Boomerang"},{"not_picked":["True Grit","Spot Weakness"],"picked":"Double Tap"},{"not_picked":["Cleave","Anger"],"picked":"Shockwave"},{"not_picked":["Bloodletting","Sword Boomerang"],"picked":"Battle Trance"},{"not_picked":["Offering","Impervious"],"picked":"Reaper"},{"not_picked":["Iron Wave","Havoc"],"picked":"Bloodletting"},{"not_picked":["Thunderclap","Cleave"],"picked":"Flex"},{"not_picked":["Fiend Fire","Berserk"],"picked":"Impervious"},{"not_picked":["Dropkick","Corruption"],"picked":"Pummel"}],"player_experience":186179,"potions_floor_usage":[50,50],"damage_taken":[{"damage":6,"enemies":"Cultist","floor":1,"turns":3},{"damage":26,"enemies":"Gremlin Nob","floor":7,"turns":4},{"damage":11,"enemies":"Jaw Worm","floor":8,"turns":2},{"damage":34,"enemies":"3 Sentries","floor":10,"turns":9},{"damage":6,"enemies":"2 Louse","floor":12,"turns":2},{"damage":34,"enemies":"Gremlin Nob","floor":14,"turns":5},{"damage":56,"enemies":"The Guardian","floor":16,"turns":15},{"damage":24,"enemies":"Chosen","floor":18,"turns":8},{"damage":23,"enemies":"Spheric Guardian","floor":22,"turns":6},{"damage":9,"enemies":"3 Cultists","floor":25,"turns":5},{"damage":8,"enemies":"Centurion and Healer","floor":27,"turns":7},{"damage":4,"enemies":"Snecko","floor":30,"turns":4},{"damage":11,"enemies":"Cultist and Chosen","floor":31,"turns":7},{"damage":62,"enemies":"Automaton","floor":33,"turns":8},{"damage":18,"enemies":"3 Shapes","floor":35,"turns":6},{"damage":40,"enemies":"3 Darklings","floor":37,"turns":4},{"damage":25,"enemies":"Sphere and 2 Shapes","floor":38,"turns":5},{"damage":20,"enemies":"Maw","floor":41,"turns":7},{"damage":32,"enemies":"4 Shapes","floor":44,"turns":4},{"damage":18,"enemies":"2 Orb Walkers","floor":45,"turns":4},{"damage":0,"enemies":"3 Darklings","floor":48,"turns":3},{"damage":103,"enemies":"Donu and Deca","floor":50,"turns":8}],"event_choices":[{"event_name":"Living Wall","player_choice":"Grow","floor":2,"damage_taken":0},{"event_name":"The Lab","player_choice":"Got Potions","floor":3,"damage_taken":0},{"event_name":"Liars Game","player_choice":"disagreed","floor":5,"damage_taken":0},{"event_name":"Golden Wing","player_choice":"Gained Gold","floor":13,"damage_taken":0},{"event_name":"Back to Basics","player_choice":"Elegance","floor":19,"damage_taken":0},{"event_name":"Bonfire Elementals","player_choice":"RARE","floor":21,"damage_taken":0},{"event_name":"Cursed Tome","player_choice":"Obtained Book","floor":24,"damage_taken":0},{"event_name":"Tomb of Lord Red Mask","player_choice":"Ignored","floor":39,"damage_taken":0},{"event_name":"Winding Halls","player_choice":"Writhe","floor":46,"damage_taken":0}],"boss_relics":[{"not_picked":["Tiny House","Pandora\u0027s Box"],"picked":"Astrolabe"},{"not_picked":["Black Blood","Runic Dome"],"picked":"Philosopher\u0027s Stone"}],"potions_floor_spawned":[8,16,30,33,38,41,44],"seed_played":"-6031053409868124358","ascension_level":1,"is_trial":false}