{"gold_per_floor":[114,39,54,54,69,69,84,84,109,124,124,124,139,169,169,269,269,284,299,314,314,329,329,244,244,269,299,299,314,264,279,279,379,379,394,409,424,439,454,454,484,484,484,499,499,249,249,39,39,39],"floor_reached":51,"playtime":1070,"items_purged":["Rupture","Rupture","Disarm","Disarm"],"score":776,"play_id":"6fea4265-58fe-4de1-8441-220b48f35bb5","local_time":"20181230100113","daily_mods":["Draft","Uncertain Future","Lethality"],"is_ascension_mode":false,"campfire_choices":[{"data":"Heavy Blade","floor":6,"key":"SMITH"},{"data":"Battle Trance","floor":8,"key":"SMITH"},{"data":"Armaments","floor":15,"key":"SMITH"},{"data":"Offering","floor":23,"key":"SMITH"},{"data":"Heavy Blade","floor":28,"key":"SMITH"},{"data":"Inflame","floor":32,"key":"SMITH"},{"data":"Flex","floor":40,"key":"SMITH"},{"data":"Shockwave","floor":42,"key":"SMITH"},{"data":"Offering","floor":49,"key":"SMITH"}],"neow_cost":"","seed_source_timestamp":833163589461430,"circlet_count":0,"master_deck":["Whirlwind","Shrug It Off","Heavy Blade+1","Sword Boomerang","Twin Strike","Battle Trance+1","Twin Strike","Flex+1","Shockwave+1","Heavy Blade+1","Hemokinesis","Pummel","Sword Boomerang","Armaments+1","Offering+1","Thunderclap","Inflame+1","Seeing Red+1","Heavy Blade+1","Warcry+1","Spot Weakness+1","Offering+1"],"special_seed":17895,"relics":["Burning Blood","Sundial","Anchor","Pantograph","Busted Crown","Bag of Marbles","Smiling Mask","Blue Candle","Black Star","Mango","Molten Egg 2","Art of War","Brimstone"],"potions_floor_usage":[14,35,36,50,50,50],"damage_taken":[{"damage":8,"enemies":"Small Slimes","floor":1,"turns":2},{"damage":0,"enemies":"2 Louse","floor":3,"turns":1},{"damage":0,"enemies":"Cultist","floor":5,"turns":2},{"damage":2,"enemies":"Exordium Thugs","floor":7,"turns":2},{"damage":1,"enemies":"Large Slime","floor":10,"turns":2},{"damage":0,"enemies":"Red Slaver","floor":13,"turns":2},{"damage":0,"enemies":"3 Sentries","floor":14,"turns":2},{"damage":39,"enemies":"Hexaghost","floor":16,"turns":5},{"damage":10,"enemies":"Shell Parasite","floor":18,"turns":3},{"damage":0,"enemies":"Chosen","floor":19,"turns":3},{"damage":0,"enemies":"Snake Plant","floor":20,"turns":1},{"damage":6,"enemies":"Centurion and Healer","floor":22,"turns":2},{"damage":7,"enemies":"Gremlin Leader","floor":27,"turns":3},{"damage":6,"enemies":"Chosen and Byrds","floor":29,"turns":2},{"damage":3,"enemies":"Snecko","floor":31,"turns":2},{"damage":26,"enemies":"Automaton","floor":33,"turns":6},{"damage":0,"enemies":"Orb Walker","floor":35,"turns":1},{"damage":18,"enemies":"3 Shapes","floor":36,"turns":2},{"damage":0,"enemies":"Transient","floor":37,"turns":5},{"damage":6,"enemies":"Spire Growth","floor":38,"turns":2},{"damage":6,"enemies":"Jaw Worm Horde","floor":39,"turns":1},{"damage":18,"enemies":"Giant Head","floor":41,"turns":3},{"damage":0,"enemies":"Sphere and 2 Shapes","floor":44,"turns":2},{"damage":22,"enemies":"Donu and Deca","floor":50,"turns":2}],"seed_played":"4116191872151590988","potions_obtained":[{"floor":1,"key":"Weak Potion"},{"floor":3,"key":"Energy Potion"},{"floor":13,"key":"GamblersBrew"},{"floor":14,"key":"EssenceOfSteel"},{"floor":31,"key":"Block Potion"},{"floor":35,"key":"Ancient Potion"},{"floor":37,"key":"LiquidBronze"}],"is_trial":false,"path_per_floor":["M","$","M","?","M","R","M","R","T","M","?","?","M","E","R","B",null,"M","M","M","?","M","R","?","?","T","E","R","M","$","M","R","B",null,"M","M","M","M","M","R","E","R","T","M","?","$","?","$","R","B",null],"character_chosen":"IRONCLAD","items_purchased":["Brimstone","Offering"],"campfire_rested":0,"item_purchase_floors":[46,48],"current_hp_per_floor":[78,78,80,73,79,79,80,80,80,80,80,85,85,85,85,52,85,81,85,85,85,85,85,85,85,85,84,84,84,84,85,85,65,85,85,73,79,79,79,79,81,81,81,87,87,87,87,87,87,83],"gold":39,"neow_bonus":"","is_prod":false,"is_daily":true,"chose_seed":false,"campfire_upgraded":9,"win_rate":0,"timestamp":1546160473,"path_taken":["M","$","M","?","M","R","M","R","T","M","?","?","M","E","R","BOSS","M","M","M","?","M","R","?","?","T","E","R","M","$","M","R","BOSS","M","M","M","M","M","R","E","R","T","M","?","?","?","$","R","BOSS"],"build_version":"2018-12-20","purchased_purges":4,"victory":true,"max_hp_per_floor":[80,80,80,80,80,80,80,80,80,80,80,85,85,85,85,85,85,85,85,85,85,85,85,85,85,85,85,85,85,85,85,85,85,85,85,85,85,85,85,85,99,99,99,99,99,99,99,99,99,99],"card_choices":[{"not_picked":["Bloodletting","Pummel"],"picked":"Whirlwind","floor":0},{"not_picked":["Searing Blow","Shrug It Off"],"picked":"Disarm","floor":0},{"not_picked":["Power Through","Havoc"],"picked":"Shrug It Off","floor":0},{"not_picked":["Iron Wave","Body Slam"],"picked":"Rupture","floor":0},{"not_picked":["Pommel Strike","Fire Breathing"],"picked":"Disarm","floor":0},{"not_picked":["Iron Wave","Perfected Strike"],"picked":"Heavy Blade","floor":0},{"not_picked":["Cleave","Bloodletting"],"picked":"Sword Boomerang","floor":0},{"not_picked":["Body Slam","Havoc"],"picked":"Rupture","floor":0},{"not_picked":["Clash","Carnage"],"picked":"Twin Strike","floor":0},{"not_picked":["Corruption","Shrug It Off"],"picked":"Battle Trance","floor":0},{"not_picked":["Anger","Burning Pact"],"picked":"Twin Strike","floor":0},{"not_picked":["Cleave","Flame Barrier"],"picked":"Flex","floor":0},{"not_picked":["Feel No Pain","Body Slam"],"picked":"Shockwave","floor":0},{"not_picked":["Iron Wave","Clash"],"picked":"Heavy Blade","floor":0},{"not_picked":["Anger","Thunderclap"],"picked":"Hemokinesis","floor":0},{"not_picked":["Reckless Charge","Heavy Blade","Headbutt"],"picked":"SKIP","floor":1},{"not_picked":["Headbutt","Cleave","Hemokinesis"],"picked":"SKIP","floor":3},{"not_picked":["Pommel Strike","Twin Strike"],"picked":"Pummel","floor":5},{"not_picked":["Sentinel","Rage","Clothesline"],"picked":"SKIP","floor":7},{"not_picked":["Heavy Blade","Warcry","Flame Barrier"],"picked":"SKIP","floor":10},{"not_picked":["Flame Barrier","Twin Strike"],"picked":"Sword Boomerang","floor":13},{"not_picked":["Sever Soul","Flame Barrier"],"picked":"Armaments","floor":14},{"not_picked":["Fiend Fire","Brutality"],"picked":"Offering","floor":16},{"not_picked":["Armaments"],"picked":"SKIP","floor":18},{"not_picked":["Sever Soul"],"picked":"SKIP","floor":19},{"not_picked":["Thunderclap"],"picked":"SKIP","floor":20},{"not_picked":[],"picked":"Thunderclap","floor":20},{"not_picked":[],"picked":"Seeing Red+1","floor":22},{"not_picked":["Warcry"],"picked":"SKIP","floor":27},{"not_picked":["Carnage"],"picked":"SKIP","floor":29},{"not_picked":["Shrug It Off"],"picked":"SKIP","floor":31},{"not_picked":[],"picked":"Heavy Blade+1","floor":35},{"not_picked":["Cleave+1"],"picked":"SKIP","floor":36},{"not_picked":["Havoc+1"],"picked":"SKIP","floor":37},{"not_picked":["Burning Pact+1"],"picked":"SKIP","floor":38},{"not_picked":["Perfected Strike+1"],"picked":"SKIP","floor":39},{"not_picked":[],"picked":"Warcry+1","floor":41},{"not_picked":["Spot Weakness+1"],"picked":"SKIP","floor":44},{"not_picked":[],"picked":"Spot Weakness+1","floor":44}],"player_experience":354644,"relics_obtained":[{"floor":9,"key":"Anchor"},{"floor":14,"key":"Pantograph"},{"floor":26,"key":"Smiling Mask"},{"floor":27,"key":"Blue Candle"},{"floor":41,"key":"Mango"},{"floor":41,"key":"Molten Egg 2"},{"floor":43,"key":"Art of War"}],"event_choices":[{"damage_healed":0,"gold_gain":0,"player_choice":"Success","damage_taken":7,"relics_obtained":["Sundial"],"max_hp_gain":0,"max_hp_loss":0,"event_name":"Scrap Ooze","floor":4,"gold_loss":0},{"damage_healed":0,"gold_gain":0,"player_choice":"Searched \u00270\u0027 times","damage_taken":0,"max_hp_gain":0,"max_hp_loss":0,"event_name":"Dead Adventurer","floor":11,"gold_loss":0},{"damage_healed":0,"gold_gain":0,"player_choice":"Donut","damage_taken":0,"max_hp_gain":5,"max_hp_loss":0,"event_name":"Big Fish","floor":12,"gold_loss":0},{"damage_healed":0,"gold_gain":0,"player_choice":"Read","damage_taken":0,"max_hp_gain":0,"max_hp_loss":0,"event_name":"The Library","floor":21,"gold_loss":0,"cards_obtained":["Inflame"]},{"damage_healed":0,"gold_gain":0,"player_choice":"Obtained Relic","damage_taken":0,"relics_obtained":["Bag of Marbles"],"max_hp_gain":0,"max_hp_loss":0,"event_name":"Addict","floor":24,"gold_loss":85},{"damage_healed":0,"gold_gain":0,"player_choice":"Ignored","damage_taken":0,"max_hp_gain":0,"max_hp_loss":0,"event_name":"N\u0027loth","floor":25,"gold_loss":0},{"damage_healed":0,"gold_gain":0,"player_choice":"Leave","damage_taken":0,"max_hp_gain":0,"max_hp_loss":0,"event_name":"FaceTrader","floor":45,"gold_loss":0},{"damage_healed":0,"gold_gain":0,"player_choice":"Bought 0 Potions","damage_taken":0,"max_hp_gain":0,"max_hp_loss":0,"event_name":"The Woman in Blue","floor":47,"gold_loss":0}],"is_beta":false,"boss_relics":[{"not_picked":["Ectoplasm","Orrery"],"picked":"Busted Crown"},{"not_picked":["Runic Dome","Runic Cube"],"picked":"Black Star"}],"items_purged_floors":[2,30,46,48],"is_endless":false,"potions_floor_spawned":[1,3,13,14,18,20,27,29,31,35,37],"ascension_level":0}