{"gold_per_floor":[109,109,109,109,109,109,132,170,170,170,190,225,225,249,249,377,377,401,10,26,44,59,84,84,104,104,104,127,55,55,55],"floor_reached":31,"playtime":40331,"items_purged":[],"score":247,"play_id":"f9c9982b-c8f6-4b2f-b304-a04eb9600924","local_time":"20180726124744","is_ascension_mode":false,"campfire_choices":[{"data":"Neutralize","floor":6,"key":"SMITH"},{"data":"Accuracy","floor":10,"key":"SMITH"},{"floor":15,"key":"REST"},{"floor":24,"key":"REST"}],"neow_cost":"NONE","seed_source_timestamp":764568574084,"circlet_count":0,"master_deck":["Defend_G","Defend_G","Defend_G","Defend_G","Defend_G","Strike_G","Strike_G","Strike_G","Strike_G","Strike_G","Survivor","Neutralize+1","Blade Dance+1","Accuracy+1","Dagger Throw","Finisher","Envenom","Noxious Fumes","Backstab","Terror","Well Laid Plans"],"relics":["Lizard Tail","Golden Idol","Art of War","Bottled Flame","Gambling Chip","Regal Pillow","Cursed Key","ClockworkSouvenir","Lantern","Blue Candle"],"potions_floor_usage":[8,16,16,18,28,31,31],"damage_taken":[{"damage":8,"enemies":"Cultist","floor":1,"turns":5},{"damage":0,"enemies":"Jaw Worm","floor":7,"turns":5},{"damage":29,"enemies":"Gremlin Nob","floor":8,"turns":5},{"damage":0,"enemies":"2 Louse","floor":11,"turns":3},{"damage":21,"enemies":"Lagavulin","floor":12,"turns":6},{"damage":0,"enemies":"2 Fungi Beasts","floor":14,"turns":2},{"damage":46,"enemies":"The Guardian","floor":16,"turns":15},{"damage":14,"enemies":"2 Thieves","floor":18,"turns":3},{"damage":2,"enemies":"Spheric Guardian","floor":20,"turns":4},{"damage":27,"enemies":"Snake Plant","floor":21,"turns":5},{"damage":28,"enemies":"Slaver and Parasite","floor":22,"turns":5},{"damage":1,"enemies":"Cultist and Chosen","floor":23,"turns":6},{"damage":28,"enemies":"Sentry and Sphere","floor":25,"turns":8},{"damage":7,"enemies":"Snecko","floor":28,"turns":4},{"damage":5,"enemies":"Snake Plant","floor":31,"turns":1}],"seed_played":"4493904951879927990","potions_obtained":[{"floor":7,"key":"FearPotion"},{"floor":12,"key":"SkillPotion"},{"floor":16,"key":"Swift Potion"},{"floor":23,"key":"Strength Potion"},{"floor":25,"key":"Weak Potion"},{"floor":28,"key":"Poison Potion"}],"is_trial":false,"path_per_floor":["M","?","?","?","?","R","M","E","T","R","M","E","?","M","R","B",null,"M","$","M","M","M","M","R","M","T","?","M","$","T"],"character_chosen":"THE_SILENT","items_purchased":["Noxious Fumes","ClockworkSouvenir","Lantern","Well Laid Plans"],"campfire_rested":2,"item_purchase_floors":[19,19,19,29],"current_hp_per_floor":[62,62,45,50,50,50,50,21,21,21,21,37,19,19,56,10,75,61,61,59,32,4,3,40,12,12,12,5,5,5,0],"gold":55,"neow_bonus":"BOSS_RELIC","is_prod":false,"is_daily":false,"chose_seed":false,"campfire_upgraded":2,"win_rate":0,"timestamp":1532623664,"path_taken":["M","?","?","?","?","R","M","E","T","R","?","E","?","M","R","BOSS","M","$","M","?","M","M","R","?","T","?","M","?","?","M"],"build_version":"2018-07-24","purchased_purges":0,"victory":false,"max_hp_per_floor":[70,70,70,75,75,75,75,75,75,75,75,75,75,75,75,75,75,75,75,75,75,75,75,75,75,75,75,75,75,75,75],"card_choices":[{"not_picked":["Quick Slash","Dodge and Roll"],"picked":"Blade Dance","floor":1},{"not_picked":["Acrobatics","Calculated Gamble","Poisoned Stab"],"picked":"SKIP","floor":7},{"not_picked":["Backflip","Acrobatics"],"picked":"Accuracy","floor":8},{"not_picked":["Catalyst","Tools of the Trade","Flechettes"],"picked":"SKIP","floor":11},{"not_picked":["Deadly Poison","Tactician"],"picked":"Dagger Throw","floor":12},{"not_picked":["Masterful Stab","Acrobatics"],"picked":"Finisher","floor":14},{"not_picked":["Die Die Die","Night Terror"],"picked":"Envenom","floor":16},{"not_picked":["Prepared+1","Dodge and Roll","Dagger Throw"],"picked":"SKIP","floor":18},{"not_picked":["Bouncing Flask+1","Distraction+1","Outmaneuver"],"picked":"SKIP","floor":20},{"not_picked":["Dagger Spray+1","Underhanded Strike+1"],"picked":"Backstab","floor":21},{"not_picked":["PiercingWail+1","Poisoned Stab","Blur"],"picked":"SKIP","floor":22},{"not_picked":["Endless Agony","Outmaneuver","Underhanded Strike"],"picked":"SKIP","floor":23},{"not_picked":["Slice","Masterful Stab"],"picked":"Terror","floor":25},{"not_picked":["Backstab","Catalyst","Riddle With Holes+1"],"picked":"SKIP","floor":28}],"player_experience":806635,"relics_obtained":[{"floor":8,"key":"Art of War"},{"floor":9,"key":"Bottled Flame"},{"floor":12,"key":"Gambling Chip"},{"floor":26,"key":"Blue Candle"}],"event_choices":[{"event_name":"Living Wall","player_choice":"Grow","floor":2,"damage_taken":0},{"event_name":"Golden Idol","player_choice":"Take Damage","floor":3,"damage_taken":0},{"event_name":"Big Fish","player_choice":"Donut","floor":4,"damage_taken":0},{"event_name":"Liars Game","player_choice":"disagreed","floor":5,"damage_taken":0},{"event_name":"Scrap Ooze","player_choice":"success","floor":13,"damage_taken":18},{"event_name":"Back to Basics","player_choice":"Elegance","floor":27,"damage_taken":0}],"is_beta":true,"boss_relics":[{"not_picked":["Fusion Hammer","Orrery"],"picked":"Cursed Key"}],"items_purged_floors":[],"is_endless":false,"potions_floor_spawned":[7,12,16,23,25,28],"killed_by":"Snake Plant","ascension_level":0}