{"gold_per_floor":[119,119,44,63,75,75,150,170,170,170,70,83,94,94,94,94],"floor_reached":16,"playtime":728,"items_purged":["Strike_R","Strike_R"],"score":92,"play_id":"29d39faf-ffdf-4bb6-959c-42e3073bbd9d","local_time":"20190914171449","is_ascension_mode":false,"campfire_choices":[{"data":"Body Slam","floor":6,"key":"SMITH"},{"data":"Defend_R","floor":10,"key":"SMITH"},{"data":"Barricade","floor":15,"key":"SMITH"}],"neow_cost":"NONE","seed_source_timestamp":2465712366584500,"circlet_count":0,"master_deck":["Strike_R","Strike_R","Defend_R+1","Defend_R","Defend_R","Defend_R","Bash","Body Slam+1","Barricade+1"],"relics":["Lizard Tail"],"potions_floor_usage":[8,8,16],"damage_taken":[{"damage":1,"enemies":"Jaw Worm","floor":1,"turns":5},{"damage":2,"enemies":"Cultist","floor":4,"turns":5},{"damage":0,"enemies":"2 Louse","floor":5,"turns":3},{"damage":8,"enemies":"Exordium Wildlife","floor":8,"turns":7},{"damage":5,"enemies":"Looter","floor":12,"turns":3},{"damage":9,"enemies":"Large Slime","floor":13,"turns":8},{"damage":85,"enemies":"Slime Boss","floor":16,"turns":20}],"seed_played":"-1485011766014376660","potions_obtained":[{"floor":1,"key":"Swift Potion"},{"floor":4,"key":"SkillPotion"},{"floor":5,"key":"Dexterity Potion"}],"is_trial":false,"path_per_floor":["M","?","$","M","M","R","?","M","T","R","$","M","M","T","R","B"],"character_chosen":"IRONCLAD","items_purchased":[],"campfire_rested":0,"item_purchase_floors":[],"current_hp_per_floor":[79,79,79,77,77,77,66,58,58,58,58,53,44,44,44,0],"gold":94,"neow_bonus":"BOSS_RELIC","is_prod":false,"is_daily":false,"chose_seed":false,"campfire_upgraded":3,"win_rate":0,"timestamp":1568495689,"path_taken":["M","?","$","M","?","R","?","M","T","R","$","M","M","?","R","BOSS"],"build_version":"2019-07-17","purchased_purges":2,"victory":false,"max_hp_per_floor":[80,80,80,80,80,80,80,80,80,80,80,80,80,80,80,80],"card_choices":[{"not_picked":["Inflame","Heavy Blade"],"picked":"Body Slam","floor":1},{"not_picked":["Havoc","Perfected Strike","Clothesline"],"picked":"SKIP","floor":4},{"not_picked":["True Grit","Dual Wield","Evolve"],"picked":"SKIP","floor":5},{"not_picked":["Perfected Strike","Rupture","Armaments"],"picked":"SKIP","floor":8},{"not_picked":["Sword Boomerang","Cleave","Warcry"],"picked":"SKIP","floor":12},{"not_picked":["Blood for Blood","Searing Blow"],"picked":"Barricade","floor":13}],"player_experience":459273,"relics_obtained":[],"event_choices":[{"cards_removed":["Strike_R"],"damage_healed":0,"gold_gain":0,"player_choice":"Offered Basic","damage_taken":0,"max_hp_gain":0,"max_hp_loss":0,"event_name":"Bonfire Elementals","floor":2,"gold_loss":0},{"damage_healed":0,"gold_gain":75,"player_choice":"Gather Gold","damage_taken":11,"max_hp_gain":0,"max_hp_loss":0,"event_name":"World of Goop","floor":7,"gold_loss":0}],"is_beta":false,"boss_relics":[],"items_purged_floors":[3,11],"is_endless":false,"potions_floor_spawned":[1,4,5],"killed_by":"Slime Boss","ascension_level":0}