{"gold_per_floor":[117,117,134,149,35,35,35,46,46,46,46,57,68,101,101,180,180,180,180,180,180,74,74,74,74,74,74,74,74,74,74,74,74,74,74,74,74,74,74,74,74,74,74,74,74,74,74,74,74,74],"floor_reached":50,"playtime":6009,"items_purged":["Defend_B"],"score":1162,"play_id":"ba02266b-a109-41cd-9a08-65b5a3fe0c97","local_time":"20190830132125","is_ascension_mode":true,"campfire_choices":[{"data":"Zap","floor":6.0,"key":"SMITH"},{"data":"Static Discharge","floor":10.0,"key":"SMITH"},{"data":"Biased Cognition","floor":15.0,"key":"SMITH"},{"data":"Dualcast","floor":24.0,"key":"SMITH"},{"data":"Fission","floor":28.0,"key":"SMITH"},{"data":"Turbo","floor":30.0,"key":"SMITH"},{"data":"Darkness","floor":32.0,"key":"SMITH"},{"data":"Impatience","floor":40.0,"key":"SMITH"},{"data":"Coolheaded","floor":42.0,"key":"SMITH"},{"floor":49.0,"key":"RECALL"}],"neow_cost":"NONE","seed_source_timestamp":597086838111741,"circlet_count":0,"master_deck":["AscendersBane","Strike_B+1","Defend_B+1","Defend_B+1","Defend_B+1","Zap+1","Dualcast+1","Static Discharge+1","Barrage","Conserve Battery","Self Repair+1","BootSequence","Darkness+1","Biased Cognition+1","Undo","Fission+1","Compile Driver","All For One","Turbo+1","Glacier","Impatience+1","Go for the Eyes","Coolheaded+1","White Noise","Echo Form","Doom and Gloom+1","Gash","Glacier","Compile Driver","Meteor Strike","Redo","Stack+1","Magnetism+1","Dark Shackles"],"special_seed":0,"relics":["Cracked Core","Regal Pillow","Ornamental Fan","Matryoshka","Ectoplasm","Red Mask","Lantern","Gremlin Horn","Bag of Preparation","Blood Vial","Shuriken","White Beast Statue","Boot","Dodecahedron","Pen Nib","Frozen Egg 2","PreservedInsect"],"potions_floor_usage":[50,50],"damage_taken":[{"damage":4.0,"enemies":"Jaw Worm","floor":1.0,"turns":4.0},{"damage":0.0,"enemies":"Cultist","floor":3.0,"turns":4.0},{"damage":12.0,"enemies":"Small Slimes","floor":4.0,"turns":4.0},{"damage":7.0,"enemies":"Looter","floor":8.0,"turns":4.0},{"damage":0.0,"enemies":"2 Fungi Beasts","floor":12.0,"turns":3.0},{"damage":3.0,"enemies":"Blue Slaver","floor":13.0,"turns":3.0},{"damage":24.0,"enemies":"Gremlin Nob","floor":14.0,"turns":4.0},{"damage":27.0,"enemies":"Hexaghost","floor":16.0,"turns":9.0},{"damage":26.0,"enemies":"Chosen","floor":18.0,"turns":6.0},{"damage":16.0,"enemies":"Masked Bandits","floor":21.0,"turns":3.0},{"damage":0.0,"enemies":"Book of Stabbing","floor":23.0,"turns":6.0},{"damage":0.0,"enemies":"Shell Parasite","floor":27.0,"turns":5.0},{"damage":19.0,"enemies":"Gremlin Leader","floor":29.0,"turns":7.0},{"damage":4.0,"enemies":"Book of Stabbing","floor":31.0,"turns":6.0},{"damage":53.0,"enemies":"Automaton","floor":33.0,"turns":8.0},{"damage":12.0,"enemies":"Orb Walker","floor":35.0,"turns":4.0},{"damage":0.0,"enemies":"3 Shapes","floor":38.0,"turns":5.0},{"damage":7.0,"enemies":"Spire Growth","floor":39.0,"turns":4.0},{"damage":12.0,"enemies":"Giant Head","floor":41.0,"turns":7.0},{"damage":0.0,"enemies":"Jaw Worm Horde","floor":44.0,"turns":5.0},{"damage":0.0,"enemies":"4 Shapes","floor":45.0,"turns":3.0},{"damage":6.0,"enemies":"Nemesis","floor":47.0,"turns":6.0},{"damage":71,"enemies":"Time Eater","floor":50,"turns":9}],"seed_played":"-1389251938208817062","potions_obtained":[{"floor":4.0,"key":"Regen Potion"},{"floor":8.0,"key":"GamblersBrew"},{"floor":12.0,"key":"Weak Potion"},{"floor":16.0,"key":"Swift Potion"},{"floor":18.0,"key":"GamblersBrew"},{"floor":21.0,"key":"AttackPotion"},{"floor":35.0,"key":"Strength Potion"},{"floor":38.0,"key":"Weak Potion"},{"floor":39.0,"key":"FearPotion"},{"floor":41.0,"key":"Ancient Potion"},{"floor":44.0,"key":"SpeedPotion"},{"floor":47.0,"key":"Poison Potion"}],"is_trial":false,"path_per_floor":["M","?","M","M","$","R","T","M","T","R","?","M","M","E","R","B",null,"M","?","?","?","$","E","R","$","T","M","R","E","R","E","R","B",null,"M","?","$","M","M","R","E","R","T","M","M","$","E","?","R","B"],"character_chosen":"DEFECT","items_purchased":["BootSequence","Impatience"],"campfire_rested":0,"item_purchase_floors":[5,22],"current_hp_per_floor":[60,60,60,48,48,48,48,48,48,48,48,58,65,51,51,34,62,46,46,46,39,39,49,49,49,49,59,59,50,50,58,58,17,58,58,58,58,71,64,64,71,71,71,71,71,71,71,61,61,0],"gold":74,"neow_bonus":"RANDOM_COMMON_RELIC","is_prod":false,"is_daily":false,"chose_seed":false,"campfire_upgraded":9,"win_rate":0,"timestamp":1567196485,"path_taken":["M","?","?","M","?","R","?","?","T","R","?","M","M","E","R","BOSS","M","?","?","?","$","E","R","?","T","M","R","E","R","E","R","BOSS","M","?","$","M","?","R","E","R","T","M","M","?","E","?","R","BOSS"],"build_version":"2019-07-17","purchased_purges":1,"victory":false,"max_hp_per_floor":[71,71,71,71,71,71,71,71,71,71,71,71,71,71,71,71,71,71,71,71,71,71,71,71,71,71,71,71,71,71,71,71,71,71,71,71,71,71,71,71,71,71,71,71,71,71,71,71,71,71],"card_choices":[{"not_picked":["Conserve Battery","Gash"],"picked":"Static Discharge","floor":1.0},{"not_picked":["Hologram","Reprogram"],"picked":"Conserve Battery","floor":3.0},{"not_picked":["Gash","Sweeping Beam"],"picked":"Self Repair","floor":4.0},{"not_picked":["Force Field","Steam"],"picked":"Darkness","floor":8.0},{"not_picked":["Static Discharge","Hologram"],"picked":"Biased Cognition","floor":12.0},{"not_picked":["Chaos","Static Discharge"],"picked":"Conserve Battery","floor":13.0},{"not_picked":["Cold Snap","Steam"],"picked":"Undo","floor":14.0},{"not_picked":["Thunder Strike","Meteor Strike"],"picked":"Fission","floor":16.0},{"not_picked":["Barrage","Ball Lightning"],"picked":"Compile Driver","floor":18.0},{"not_picked":["Compile Driver","Sweeping Beam"],"picked":"Glacier","floor":21.0},{"not_picked":["Storm","Lockon"],"picked":"Go for the Eyes","floor":23.0},{"not_picked":["Barrage","Beam Cell","Cold Snap"],"picked":"SKIP","floor":27.0},{"not_picked":["Hologram","Darkness+1"],"picked":"Coolheaded","floor":29.0},{"not_picked":["Darkness","Steam"],"picked":"White Noise","floor":31.0},{"not_picked":["Biased Cognition","Amplify"],"picked":"Echo Form","floor":33.0},{"not_picked":["Redo","Beam Cell"],"picked":"Doom and Gloom+1","floor":35.0},{"not_picked":["Conserve Battery","Turbo"],"picked":"Gash","floor":38.0},{"not_picked":["Cold Snap","Self Repair+1"],"picked":"Glacier","floor":39.0},{"not_picked":["Rebound","Go for the Eyes"],"picked":"Compile Driver","floor":41.0},{"not_picked":["Coolheaded+1","Turbo"],"picked":"Meteor Strike","floor":44.0},{"not_picked":["Chill","Streamline"],"picked":"Redo","floor":45.0},{"not_picked":["Auto Shields","Consume"],"picked":"Stack+1","floor":47.0},{"not_picked":["The Bomb","Impatience"],"picked":"Magnetism+1","floor":48.0},{"not_picked":["Secret Technique","Purity"],"picked":"Dark Shackles","floor":48.0}],"player_experience":811292,"relics_obtained":[{"floor":7.0,"key":"Ornamental Fan"},{"floor":14.0,"key":"Matryoshka"},{"floor":21.0,"key":"Red Mask"},{"floor":23.0,"key":"Lantern"},{"floor":26.0,"key":"Gremlin Horn"},{"floor":26.0,"key":"Bag of Preparation"},{"floor":29.0,"key":"Blood Vial"},{"floor":31.0,"key":"Shuriken"},{"floor":41.0,"key":"Dodecahedron"},{"floor":43.0,"key":"Pen Nib"},{"floor":43.0,"key":"Frozen Egg 2"},{"floor":47.0,"key":"PreservedInsect"}],"event_choices":[{"damage_healed":0.0,"max_hp_gain":0.0,"max_hp_loss":0.0,"gold_gain":0.0,"cards_transformed":["Strike_B"],"event_name":"Transmorgrifier","player_choice":"Transformed","floor":2.0,"gold_loss":0.0,"damage_taken":0.0,"cards_obtained":["Barrage"]},{"damage_healed":0.0,"max_hp_gain":0.0,"max_hp_loss":0.0,"gold_gain":0.0,"event_name":"Living Wall","player_choice":"Grow","floor":11.0,"gold_loss":0.0,"damage_taken":0.0,"cards_upgraded":["Self Repair"]},{"damage_healed":0.0,"max_hp_gain":0.0,"max_hp_loss":0.0,"gold_gain":0.0,"cards_transformed":["Strike_B","Strike_B"],"event_name":"Drug Dealer","player_choice":"Became Test Subject","floor":19.0,"gold_loss":0.0,"damage_taken":0.0,"cards_obtained":["All For One","Turbo"]},{"damage_healed":0.0,"max_hp_gain":0.0,"max_hp_loss":0.0,"gold_gain":0.0,"event_name":"Back to Basics","player_choice":"Simplicity","floor":20.0,"gold_loss":0.0,"damage_taken":0.0,"cards_upgraded":["Strike_B","Defend_B","Defend_B","Defend_B"]},{"damage_healed":0.0,"max_hp_gain":0.0,"max_hp_loss":0.0,"gold_gain":0.0,"event_name":"Masked Bandits","player_choice":"Fought Bandits","floor":21.0,"gold_loss":0.0,"damage_taken":0.0},{"cards_removed":["Conserve Battery"],"damage_healed":0.0,"max_hp_gain":0.0,"max_hp_loss":0.0,"gold_gain":0.0,"event_name":"WeMeetAgain","player_choice":"Gave Card","floor":36.0,"gold_loss":0.0,"damage_taken":0.0,"relics_obtained":["Boot"]},{"damage_healed":0.0,"max_hp_gain":0.0,"max_hp_loss":0.0,"gold_gain":0.0,"event_name":"SensoryStone","player_choice":"Memory 3","floor":48.0,"gold_loss":0.0,"damage_taken":10.0}],"is_beta":false,"boss_relics":[{"not_picked":["Velvet Choker","Astrolabe"],"picked":"Ectoplasm"},{"not_picked":["FrozenCore","Fusion Hammer"],"picked":"White Beast Statue"}],"items_purged_floors":[5],"is_endless":false,"potions_floor_spawned":[4,8,12,16,18,21,27,35,38,39,41,44,45,47],"killed_by":"Time Eater","ascension_level":20}