{"gold_per_floor":[116,191,203,214,233,233,266,266,266,276,290,310,310,0,0,98,98,116,126,126,138,237,237],"floor_reached":23,"playtime":1351,"items_purged":["Strike_B"],"score":195,"play_id":"2fe47b25-74ea-44de-9569-e7b1bf5084ff","local_time":"20190915171832","is_ascension_mode":false,"campfire_choices":[{"floor":6,"key":"REST"},{"floor":8,"key":"REST"},{"floor":13,"key":"REST"},{"data":"Defragment","floor":15,"key":"SMITH"}],"neow_cost":"NONE","seed_source_timestamp":421160006923600,"circlet_count":0,"master_deck":["Strike_B","Strike_B","Strike_B","Defend_B","Defend_B","Defend_B","Defend_B","Zap","Dualcast","Compile Driver","Redo","Darkness","Skim","Redo","Defragment+1","Coolheaded","Blizzard","Seek","Coolheaded","BootSequence","Writhe"],"relics":["Cracked Core","Blood Vial","Dodecahedron","Bag of Preparation","Eternal Feather","Kunai"],"potions_floor_usage":[7,23,23,23],"damage_taken":[{"damage":5,"enemies":"Small Slimes","floor":1,"turns":3},{"damage":2,"enemies":"2 Louse","floor":3,"turns":3},{"damage":1,"enemies":"Jaw Worm","floor":4,"turns":3},{"damage":11,"enemies":"Red Slaver","floor":5,"turns":3},{"damage":37,"enemies":"Gremlin Nob","floor":7,"turns":5},{"damage":13,"enemies":"Exordium Thugs","floor":10,"turns":4},{"damage":12,"enemies":"3 Louse","floor":11,"turns":4},{"damage":13,"enemies":"2 Fungi Beasts","floor":12,"turns":3},{"damage":34,"enemies":"Hexaghost","floor":16,"turns":9},{"damage":35,"enemies":"3 Byrds","floor":18,"turns":7},{"damage":12,"enemies":"Shell Parasite","floor":19,"turns":11},{"damage":8,"enemies":"Chosen and Byrds","floor":21,"turns":7},{"damage":34,"enemies":"Slavers","floor":23,"turns":3}],"seed_played":"-8207403223348296875","potions_obtained":[{"floor":1,"key":"FearPotion"},{"floor":4,"key":"Swift Potion"},{"floor":11,"key":"Swift Potion"},{"floor":12,"key":"FearPotion"},{"floor":18,"key":"PowerPotion"}],"is_trial":false,"path_per_floor":["M","?","M","M","M","R","E","R","T","M","M","M","R","$","R","B",null,"M","M","?","M","?","E"],"character_chosen":"DEFECT","items_purchased":["Bag of Preparation","Blizzard"],"campfire_rested":3,"item_purchase_floors":[14,14],"current_hp_per_floor":[77,66,64,63,52,76,39,63,63,52,42,31,55,55,55,23,82,47,37,37,31,31,0],"gold":237,"neow_bonus":"TEN_PERCENT_HP_BONUS","is_prod":false,"is_daily":false,"chose_seed":false,"campfire_upgraded":1,"win_rate":0,"timestamp":1568560712,"path_taken":["M","?","M","M","M","R","E","R","T","M","M","M","R","$","R","BOSS","M","M","?","M","?","E"],"build_version":"2019-07-17","purchased_purges":1,"victory":false,"max_hp_per_floor":[82,82,82,82,82,82,82,82,82,82,82,82,82,82,82,82,82,82,82,82,82,82,82],"card_choices":[{"not_picked":["Lockon","Static Discharge"],"picked":"Compile Driver","floor":1},{"not_picked":["Beam Cell","Loop"],"picked":"Redo","floor":3},{"not_picked":["Tempest","Reinforced Body"],"picked":"Darkness","floor":4},{"not_picked":["Steam Power","Streamline"],"picked":"Skim","floor":5},{"not_picked":["Beam Cell","Scrape","Go for the Eyes"],"picked":"SKIP","floor":7},{"not_picked":["Heatsinks","Stack"],"picked":"Redo","floor":10},{"not_picked":["Capacitor","Beam Cell"],"picked":"Defragment","floor":11},{"not_picked":["Streamline","Auto Shields"],"picked":"Coolheaded","floor":12},{"not_picked":["All For One","Electrodynamics"],"picked":"Seek","floor":16},{"not_picked":["Barrage+1","Leap"],"picked":"Coolheaded","floor":18},{"not_picked":["Auto Shields","Ball Lightning"],"picked":"BootSequence","floor":19},{"not_picked":["Fusion+1","Electrodynamics","Go for the Eyes"],"picked":"SKIP","floor":21}],"player_experience":84984,"relics_obtained":[{"floor":7,"key":"Blood Vial"},{"floor":9,"key":"Dodecahedron"}],"event_choices":[{"damage_healed":0,"gold_gain":75,"player_choice":"Gather Gold","damage_taken":11,"max_hp_gain":0,"max_hp_loss":0,"event_name":"World of Goop","floor":2,"gold_loss":0},{"damage_healed":0,"gold_gain":0,"player_choice":"Opened","damage_taken":0,"relics_obtained":["Kunai"],"max_hp_gain":0,"max_hp_loss":0,"event_name":"The Mausoleum","floor":20,"gold_loss":0,"cards_obtained":["Writhe"]},{"damage_healed":0,"gold_gain":99,"player_choice":"Stole From Cult","damage_taken":0,"max_hp_gain":0,"max_hp_loss":0,"event_name":"Nest","floor":22,"gold_loss":0}],"is_beta":false,"boss_relics":[{"not_picked":["Ectoplasm","Orrery"],"picked":"Eternal Feather"}],"items_purged_floors":[14],"is_endless":false,"potions_floor_spawned":[1,4,11,12,18,19],"killed_by":"Slavers","ascension_level":0}