{"path_per_floor":["M","M","M","$","?","E","M","R","T","E","T","E","R","M","R","B",null,"M","M","?","T","M","E","R","E","T","M","E","?","R","M","R","B",null,"M","M","M","M","$","R","E","R","T","$","E","M","M","?","R","B"],"character_chosen":"DEFECT","items_purchased":["Cold Snap","Dexterity Potion"],"gold_per_floor":[116,126,146,46,46,77,92,92,149,176,199,229,229,243,243,322,322,322,262,177,177,177,177,177,177,177,177,177,177,177,177,177,177,177,177,177,177,177,77,77,77,77,77,28,28,28,28,28,28,28],"floor_reached":51,"campfire_rested":1,"playtime":6991,"current_hp_per_floor":[68,62,55,55,48,23,30,30,30,20,20,21,21,28,50,55,70,74,68,68,68,66,59,59,66,73,80,82,82,82,60,60,42,72,51,60,67,71,71,71,40,40,40,40,49,70,79,69,69,44],"items_purged":["Strike_B","Decay"],"gold":28,"score":1324,"play_id":"7c3d1c71-c030-4117-b28c-41a6735b28fb","local_time":"20180507160225","is_prod":false,"is_daily":false,"chose_seed":false,"is_ascension_mode":true,"campfire_upgraded":8,"timestamp":1525734145,"path_taken":["M","M","M","$","?","E","M","R","T","E","?","E","R","M","R","BOSS","M","?","?","?","?","E","R","E","T","M","E","?","R","?","R","BOSS","M","M","M","M","$","R","E","R","T","$","E","?","M","?","R","BOSS"],"build_version":"2018-05-03","seed_source_timestamp":185309338639336,"purchased_purges":2,"victory":true,"master_deck":["Strike_B+1","Strike_B","Strike_B","Defend_B+1","Defend_B","Defend_B","Defend_B","Zap+1","Dualcast","AscendersBane","Go for the Eyes+1","Defragment+1","Undo+1","Cold Snap+1","Go for the Eyes","Stack","Self Repair","White Noise","Echo Form","Skim+1","All For One","Turbo","Stack","Sunder","Hologram+1","Stack+1","Recycle+1","Machine Learning","Turbo+1","Skim+1","Glacier+1","Chill","Skim","All For One","Scrape+1","Deep Breath+1","Mind Blast","Trip"],"max_hp_per_floor":[75,75,75,75,75,75,75,75,75,75,75,75,75,75,75,75,75,75,75,75,75,75,75,75,75,82,82,82,82,82,82,82,82,82,82,82,82,82,82,82,82,82,82,82,82,82,82,82,82,82],"relics":["White Beast Statue","Oddly Smooth Stone","Bronze Scales","Tiny Chest","War Paint","Dream Catcher","Bag of Marbles","Ectoplasm","Vajra","Pen Nib","Whetstone","Symbiotic Virus","Strawberry","Blood Vial","Philosopher\u0027s Stone","Mummified Hand","Centennial Puzzle","Bag of Preparation"],"card_choices":[{"not_picked":["Storm","Cold Snap"],"picked":"Go for the Eyes","floor":1.0},{"not_picked":["Cold Snap","Capacitor"],"picked":"Defragment","floor":2.0},{"not_picked":["Rebound","Aggregate"],"picked":"Undo","floor":3.0},{"not_picked":["Thunder Strike","Capacitor"],"picked":"Go for the Eyes","floor":6.0},{"not_picked":["Coolheaded","Defragment"],"picked":"Stack","floor":7.0},{"not_picked":["Beam Cell","Sweeping Beam"],"picked":"Self Repair","floor":10.0},{"not_picked":["Sweeping Beam","Rebound"],"picked":"White Noise","floor":12.0},{"not_picked":["Cold Snap","Auto Shields"],"picked":"Echo Form","floor":14.0},{"not_picked":["Beam Cell","Steam Power"],"picked":"Skim","floor":15.0},{"not_picked":["Multi-Cast","Thunder Strike"],"picked":"All For One","floor":16.0},{"not_picked":["Rebound","Stack"],"picked":"Turbo","floor":18},{"not_picked":["Self Repair","Axe Kick"],"picked":"Stack","floor":19},{"not_picked":["Beam Cell","Auto Shields"],"picked":"Sunder","floor":22},{"not_picked":["Barrage","Impulse"],"picked":"Hologram","floor":23},{"not_picked":["Static Discharge","Hello World"],"picked":"Stack","floor":25},{"not_picked":["Reprogram","Double Energy"],"picked":"Recycle","floor":31},{"not_picked":["Nova","Rainbow"],"picked":"Machine Learning","floor":33},{"not_picked":["Darkness","Auto Shields"],"picked":"Turbo","floor":35},{"not_picked":["Heatsinks","Axe Kick"],"picked":"Skim","floor":36},{"not_picked":["Barrage","Leap"],"picked":"Glacier","floor":38},{"not_picked":["Stack","Defragment"],"picked":"Chill","floor":41},{"not_picked":["BootSequence","Axe Kick"],"picked":"Skim","floor":45},{"not_picked":["Streamline","Glacier"],"picked":"All For One","floor":46},{"not_picked":["BootSequence","Capacitor"],"picked":"Scrape","floor":47},{"not_picked":["Swift Strike","Master of Strategy"],"picked":"Deep Breath","floor":48},{"not_picked":["Bandage Up","Sadistic Nature"],"picked":"Mind Blast","floor":48},{"not_picked":["Panacea","Mind Blast"],"picked":"Trip","floor":48}],"player_experience":582018,"potions_floor_usage":[18,23,23,25,27,28,33,33,35,37,37,41,41,45,46,47,50,50,50],"damage_taken":[{"damage":0.0,"enemies":"2 Louse","floor":1.0,"turns":3.0},{"damage":6.0,"enemies":"Small Slimes","floor":2.0,"turns":5.0},{"damage":7.0,"enemies":"Jaw Worm","floor":3.0,"turns":4.0},{"damage":28.0,"enemies":"3 Sentries","floor":6.0,"turns":10.0},{"damage":5.0,"enemies":"Gremlin Gang","floor":7.0,"turns":6.0},{"damage":14.0,"enemies":"Lagavulin","floor":10.0,"turns":9.0},{"damage":6.0,"enemies":"3 Sentries","floor":12.0,"turns":7.0},{"damage":0.0,"enemies":"Looter","floor":14.0,"turns":4.0},{"damage":6.0,"enemies":"Hexaghost","floor":16.0,"turns":9.0},{"damage":25,"enemies":"Chosen","floor":18,"turns":6},{"damage":20,"enemies":"2 Thieves","floor":19,"turns":4},{"damage":9,"enemies":"Snecko","floor":22,"turns":5},{"damage":14,"enemies":"Book of Stabbing","floor":23,"turns":5},{"damage":0,"enemies":"Slavers","floor":25,"turns":4},{"damage":0,"enemies":"Centurion and Healer","floor":27,"turns":4},{"damage":13,"enemies":"Book of Stabbing","floor":28,"turns":5},{"damage":22,"enemies":"Snake Plant","floor":31,"turns":3},{"damage":27,"enemies":"Champ","floor":33,"turns":13},{"damage":23,"enemies":"Orb Walker","floor":35,"turns":3},{"damage":29,"enemies":"3 Darklings","floor":36,"turns":6},{"damage":28,"enemies":"Flame Bruiser 2 Orb","floor":37,"turns":5},{"damage":38,"enemies":"Sphere and 2 Shapes","floor":38,"turns":6},{"damage":40,"enemies":"Nemesis","floor":41,"turns":5},{"damage":13,"enemies":"Giant Head","floor":45,"turns":7},{"damage":0,"enemies":"4 Shapes","floor":46,"turns":6},{"damage":0,"enemies":"3 Darklings","floor":47,"turns":3},{"damage":58,"enemies":"Awakened One","floor":50,"turns":7}],"event_choices":[{"event_name":"Scrap Ooze","player_choice":"success","floor":5.0,"damage_taken":7.0},{"event_name":"Addict","player_choice":"Obtained Relic","floor":20,"damage_taken":0},{"event_name":"Wheel of Change","player_choice":"Curse","floor":29,"damage_taken":0},{"event_name":"SensoryStone","player_choice":"Memory 3","floor":48,"damage_taken":0}],"boss_relics":[{"not_picked":["Velvet Choker","Tiny House"],"picked":"Philosopher\u0027s Stone"}],"potions_floor_spawned":[1,2,3,6,7,10,12,14,16,18,19,22,23,25,27,28,31,33,35,36,37,38,41,45,46,47],"seed_played":"6298472245130379825","ascension_level":13,"is_trial":false}