{"path_per_floor":["M","M","M","M","?","R","?","M","T","$","M","M","M","M","R","B",null,"M","$","M","M","?","R","?","R","T","R","?","?","M","$","R","B",null,"M","M","M","M","$","E","R","M","T","R","M","E","M","?","R","B"],"character_chosen":"IRONCLAD","items_purchased":["Shrug It Off","Omamori","Bottled Tornado"],"gold_per_floor":[114,130,146,158,158,158,158,169,169,40,50,64,79,91,91,193,193,175,22,34,46,146,146,146,146,221,221,221,221,240,140,140,245,275,285,303,320,336,84,109,109,126,126,126,136,171,190,0,0,0],"floor_reached":51,"campfire_rested":2,"playtime":2552,"item_purchase_floors":[10,19,39],"current_hp_per_floor":[53,59,51,43,43,43,43,49,56,56,59,60,69,71,71,53,115,118,118,119,117,117,117,101,101,101,101,101,101,100,100,100,113,131,104,107,54,27,27,31,72,64,64,64,82,88,73,73,115,129],"items_purged":["Strike_R","Strike_R"],"gold":0,"score":805,"play_id":"210fbe20-7997-4ed5-9b04-0ff92f91ce2a","local_time":"20180526010610","is_prod":false,"is_daily":false,"chose_seed":false,"is_ascension_mode":false,"campfire_upgraded":7,"win_rate":0,"timestamp":1527311170,"campfire_choices":[{"data":"Sword Boomerang","floor":6,"key":"SMITH"},{"data":"Feed","floor":15,"key":"SMITH"},{"data":"Barricade","floor":23,"key":"SMITH"},{"data":"Armaments","floor":25,"key":"SMITH"},{"data":"Inflame","floor":27,"key":"SMITH"},{"data":"Body Slam","floor":32,"key":"SMITH"},{"floor":41,"key":"REST"},{"data":"Metallicize","floor":44,"key":"SMITH"},{"floor":49,"key":"REST"}],"path_taken":["M","M","M","?","?","R","?","M","T","?","M","?","?","M","R","BOSS","M","$","M","M","?","R","?","R","T","R","?","?","M","?","R","BOSS","M","M","M","M","?","E","R","M","T","R","M","E","?","?","R","BOSS"],"build_version":"2018-05-24","seed_source_timestamp":258154515697025,"purchased_purges":2,"victory":true,"master_deck":["Strike_R","Strike_R","Strike_R","Defend_R","Defend_R","Defend_R","Defend_R","Bash","Sword Boomerang+1","Shrug It Off","Shrug It Off","Anger","Feed+1","Shrug It Off","Inflame+1","Flex","Pommel Strike","Barricade+1","Disarm+1","Metallicize+1","Armaments+1","Body Slam+1","Power Through","Impervious+1","Headbutt","Flex+1","True Grit+1","Disarm+1"],"max_hp_per_floor":[96,96,96,96,96,96,96,96,103,103,106,109,112,115,115,115,115,119,119,119,123,123,123,123,123,123,123,123,123,126,126,126,126,131,131,135,139,139,139,139,139,143,143,143,143,143,143,143,143,143],"relics":["Burning Blood","Strawberry","Velvet Choker","Omamori","Nilry\u0027s Codex","Pantograph","Tiny House","Bottled Tornado","Bronze Scales","Meat on the Bone","Mercury Hourglass","Red Mask"],"card_choices":[{"not_picked":["Armaments","Bloodletting"],"picked":"Sword Boomerang","floor":1},{"not_picked":["Battle Trance","Corruption"],"picked":"Shrug It Off","floor":2},{"not_picked":["Sword Boomerang","Headbutt"],"picked":"Shrug It Off","floor":3},{"not_picked":["Burning Pact","Headbutt"],"picked":"Anger","floor":4},{"not_picked":["Clash","Hemokinesis"],"picked":"Feed","floor":8},{"not_picked":["Body Slam","Clash"],"picked":"Inflame","floor":11},{"not_picked":["Bloodletting","Pommel Strike","Wild Strike"],"picked":"SKIP","floor":12},{"not_picked":["Blood for Blood","Corruption"],"picked":"Flex","floor":13},{"not_picked":["Clothesline","Corruption"],"picked":"Pommel Strike","floor":14},{"not_picked":["Exhume","Double Tap"],"picked":"Barricade","floor":16},{"not_picked":["Carnage","Anger"],"picked":"Disarm+1","floor":18},{"not_picked":["Heavy Blade","Anger"],"picked":"Metallicize","floor":20},{"not_picked":["Anger+1","Inflame"],"picked":"Armaments","floor":21},{"not_picked":["Armaments+1","Clash"],"picked":"Power Through","floor":30},{"not_picked":["Berserk","Exhume"],"picked":"Impervious","floor":33},{"not_picked":["Shockwave","Bloodletting"],"picked":"Headbutt","floor":34},{"not_picked":["Iron Wave","Blood for Blood+1"],"picked":"Flex+1","floor":35},{"not_picked":["Limit Break","Iron Wave+1"],"picked":"True Grit+1","floor":36},{"not_picked":["Whirlwind+1","Perfected Strike+1","Warcry+1"],"picked":"SKIP","floor":37},{"not_picked":["Sword Boomerang","Thunderclap","Headbutt+1"],"picked":"SKIP","floor":38},{"not_picked":["Power Through","Anger","Sword Boomerang+1"],"picked":"SKIP","floor":40},{"not_picked":["Wild Strike","Cleave","Twin Strike"],"picked":"SKIP","floor":42},{"not_picked":["Exhume","Headbutt","Armaments+1"],"picked":"SKIP","floor":45},{"not_picked":["Exhume","Headbutt+1"],"picked":"Disarm+1","floor":46},{"not_picked":["Cleave+1","Anger+1","Spot Weakness+1"],"picked":"SKIP","floor":47}],"player_experience":498121,"potions_floor_usage":[11,16,20,30,35,42,50],"damage_taken":[{"damage":1,"enemies":"Cultist","floor":1,"turns":3},{"damage":0,"enemies":"Small Slimes","floor":2,"turns":3},{"damage":14,"enemies":"2 Louse","floor":3,"turns":3},{"damage":14,"enemies":"Exordium Thugs","floor":4,"turns":9},{"damage":0,"enemies":"Blue Slaver","floor":8,"turns":3},{"damage":6,"enemies":"Exordium Wildlife","floor":11,"turns":5},{"damage":8,"enemies":"Gremlin Gang","floor":12,"turns":5},{"damage":0,"enemies":"Large Slime","floor":13,"turns":5},{"damage":7,"enemies":"Lots of Slimes","floor":14,"turns":3},{"damage":24,"enemies":"Hexaghost","floor":16,"turns":9},{"damage":7,"enemies":"2 Thieves","floor":18,"turns":4},{"damage":0,"enemies":"Chosen","floor":20,"turns":4},{"damage":12,"enemies":"Snake Plant","floor":21,"turns":6},{"damage":10,"enemies":"Centurion and Healer","floor":30,"turns":8},{"damage":18,"enemies":"Collector","floor":33,"turns":14},{"damage":33,"enemies":"Flame Bruiser 1 Orb","floor":35,"turns":6},{"damage":7,"enemies":"3 Shapes","floor":36,"turns":5},{"damage":63,"enemies":"Flame Bruiser 2 Orb","floor":37,"turns":9},{"damage":33,"enemies":"Spire Growth","floor":38,"turns":10},{"damage":2,"enemies":"Nemesis","floor":40,"turns":17},{"damage":31,"enemies":"4 Shapes","floor":42,"turns":7},{"damage":0,"enemies":"3 Darklings","floor":45,"turns":5},{"damage":0,"enemies":"Giant Head","floor":46,"turns":8},{"damage":33,"enemies":"Spire Growth","floor":47,"turns":7},{"damage":17,"enemies":"Time Eater","floor":50,"turns":16}],"relics_obtained":[{"floor":9,"key":"Strawberry"},{"floor":24,"key":"Nilry\u0027s Codex"},{"floor":26,"key":"Pantograph"},{"floor":40,"key":"Bronze Scales"},{"floor":43,"key":"Meat on the Bone"},{"floor":46,"key":"Mercury Hourglass"}],"event_choices":[{"event_name":"Liars Game","player_choice":"disagreed","floor":5,"damage_taken":0},{"event_name":"The Lab","player_choice":"Got Potions","floor":7,"damage_taken":0},{"event_name":"Golden Shrine","player_choice":"Pray","floor":22,"damage_taken":0},{"event_name":"Cursed Tome","player_choice":"Obtained Book","floor":24,"damage_taken":0},{"event_name":"Drug Dealer","player_choice":"Ignored","floor":28,"damage_taken":0},{"event_name":"The Library","player_choice":"Read","floor":29,"damage_taken":0},{"event_name":"Tomb of Lord Red Mask","player_choice":"Paid","floor":48,"damage_taken":0}],"boss_relics":[{"not_picked":["Runic Dome","Runic Pyramid"],"picked":"Velvet Choker"},{"not_picked":["Calling Bell","Snecko Eye"],"picked":"Tiny House"}],"items_purged_floors":[10,31],"potions_floor_spawned":[3,8,11,12,13,20,33,35,37,38,47],"seed_played":"6097821853505834921","ascension_level":0,"potions_obtained":[{"floor":3,"key":"GamblersBrew"},{"floor":7,"key":"Weak Potion"},{"floor":7,"key":"Poison Potion"},{"floor":11,"key":"LiquidBronze"},{"floor":20,"key":"FearPotion"},{"floor":33,"key":"Poison Potion"},{"floor":34,"key":"FairyPotion"},{"floor":35,"key":"Dexterity Potion"},{"floor":38,"key":"BloodPotion"},{"floor":47,"key":"Fire Potion"}],"is_trial":false}