{"gold_per_floor":[116,128,128,78,78,121,121,145,145,145,183,183,221,221,221,350,350,369,389,389,71,88,113,113,145,145,170,170,188,188,203,203,203],"floor_reached":33,"playtime":3746,"items_purged":["Strike_G"],"score":498,"play_id":"62fb45a5-3522-4f56-a2d8-c0d611bf0975","local_time":"20190228154516","is_ascension_mode":true,"campfire_choices":[{"data":"Neutralize","floor":7,"key":"SMITH"},{"floor":12,"key":"REST"},{"floor":15,"key":"REST"},{"floor":24,"key":"REST"},{"floor":28,"key":"REST"},{"data":"Wraith Form v2","floor":30,"key":"SMITH"},{"data":"Crippling Poison","floor":32,"key":"SMITH"}],"neow_cost":"CURSE","seed_source_timestamp":95932659138245,"circlet_count":0,"master_deck":["AscendersBane","Defend_G","Strike_G","Strike_G","Strike_G","Strike_G","Survivor","Neutralize+1","Sucker Punch+1","Dodge and Roll","Die Die Die","Flying Knee","Poisoned Stab","Venomology","Wraith Form v2+1","Grand Finale+1","Footwork+1","Outmaneuver+1","Catalyst","Dagger Spray","Terror+1","Blur","Crippling Poison+1","PiercingWail","Blade Dance+1","Dodge and Roll+1"],"relics":["Ring of the Snake","Bloody Idol","Juzu Bracelet","Pantograph","Ginger","Centennial Puzzle","Astrolabe","Paper Crane","Turnip","Frozen Egg 2","Oddly Smooth Stone","Molten Egg 2"],"potions_floor_usage":[16,19,22,23,23,23,25,27,27,31,33,33,33],"damage_taken":[{"damage":0,"enemies":"Cultist","floor":1,"turns":5},{"damage":3,"enemies":"2 Louse","floor":2,"turns":4},{"damage":33,"enemies":"Gremlin Nob","floor":6,"turns":6},{"damage":1,"enemies":"Jaw Worm","floor":8,"turns":4},{"damage":27,"enemies":"3 Sentries","floor":11,"turns":9},{"damage":19,"enemies":"Gremlin Nob","floor":13,"turns":5},{"damage":54,"enemies":"Slime Boss","floor":16,"turns":17},{"damage":13,"enemies":"Shell Parasite","floor":18,"turns":8},{"damage":15,"enemies":"3 Byrds","floor":19,"turns":6},{"damage":4,"enemies":"Snecko","floor":22,"turns":7},{"damage":18,"enemies":"Gremlin Leader","floor":23,"turns":6},{"damage":30,"enemies":"Slavers","floor":25,"turns":7},{"damage":18,"enemies":"Book of Stabbing","floor":27,"turns":7},{"damage":16,"enemies":"Cultist and Chosen","floor":29,"turns":7},{"damage":7,"enemies":"Snake Plant","floor":31,"turns":5},{"damage":59,"enemies":"Champ","floor":33,"turns":15}],"seed_played":"3524644005748901337","potions_obtained":[{"floor":6,"key":"Ancient Potion"},{"floor":13,"key":"Ancient Potion"},{"floor":18,"key":"Poison Potion"},{"floor":23,"key":"Fruit Juice"},{"floor":25,"key":"LiquidBronze"},{"floor":29,"key":"Block Potion"}],"is_trial":false,"path_per_floor":["M","M","?","?","?","E","R","M","T","?","E","R","E","?","R","B",null,"M","M","?","$","M","E","R","E","T","E","R","M","R","M","R","B"],"character_chosen":"THE_SILENT","items_purchased":["Paper Crane"],"campfire_rested":4,"item_purchase_floors":[21],"current_hp_per_floor":[77,74,67,67,67,34,34,33,33,33,6,29,10,10,33,4,60,47,32,32,32,33,25,49,24,24,11,35,24,24,22,22,0],"gold":203,"neow_bonus":"TWENTY_PERCENT_HP_BONUS","is_prod":false,"is_daily":false,"chose_seed":false,"campfire_upgraded":3,"win_rate":0,"timestamp":1551397516,"path_taken":["M","M","?","?","?","E","R","M","T","?","E","R","E","?","R","BOSS","M","M","?","$","M","E","R","E","T","E","R","M","R","M","R","BOSS"],"build_version":"2019-01-23","purchased_purges":1,"victory":false,"max_hp_per_floor":[84,84,84,84,78,78,78,78,78,78,78,78,78,78,78,78,78,78,78,78,78,78,83,83,83,83,83,83,83,83,83,83,83],"card_choices":[{"not_picked":["Acrobatics","Flying Knee"],"picked":"Sucker Punch","floor":1},{"not_picked":["Flying Knee","Poisoned Stab"],"picked":"Dodge and Roll","floor":2},{"not_picked":["Backstab","PiercingWail"],"picked":"Die Die Die","floor":6},{"not_picked":["Acrobatics","Outmaneuver"],"picked":"Flying Knee","floor":8},{"not_picked":["Backflip","Flying Knee"],"picked":"Poisoned Stab","floor":11},{"not_picked":["Poisoned Stab","Underhanded Strike"],"picked":"Venomology","floor":13},{"not_picked":["Doppelganger","Bullet Time"],"picked":"Wraith Form v2","floor":16},{"not_picked":["Setup","Backflip"],"picked":"Catalyst","floor":18},{"not_picked":["Escape Plan","Slice"],"picked":"Dagger Spray","floor":19},{"not_picked":["Bane","PiercingWail"],"picked":"Terror+1","floor":22},{"not_picked":["Dagger Spray","Distraction"],"picked":"Blur","floor":23},{"not_picked":["Die Die Die","Sucker Punch"],"picked":"Crippling Poison","floor":25},{"not_picked":["Reflex","Backflip"],"picked":"PiercingWail","floor":27},{"not_picked":["Accuracy+1","Terror"],"picked":"Blade Dance+1","floor":29},{"not_picked":["Prepared+1","Heel Hook+1"],"picked":"Dodge and Roll+1","floor":31}],"player_experience":519912,"relics_obtained":[{"floor":6,"key":"Juzu Bracelet"},{"floor":9,"key":"Pantograph"},{"floor":11,"key":"Ginger"},{"floor":13,"key":"Centennial Puzzle"},{"floor":23,"key":"Turnip"},{"floor":25,"key":"Frozen Egg 2"},{"floor":26,"key":"Oddly Smooth Stone"},{"floor":27,"key":"Molten Egg 2"}],"event_choices":[{"cards_removed":["Writhe"],"damage_healed":0,"gold_gain":0,"player_choice":"Card Removal","damage_taken":7,"max_hp_gain":0,"max_hp_loss":0,"event_name":"Golden Wing","floor":3,"gold_loss":0},{"cards_removed":["Defend_G"],"damage_healed":0,"gold_gain":0,"player_choice":"Card Removal","damage_taken":0,"max_hp_gain":0,"max_hp_loss":0,"event_name":"The Cleric","floor":4,"gold_loss":50},{"damage_healed":0,"gold_gain":0,"player_choice":"Lose Max HP","damage_taken":0,"relics_obtained":["Golden Idol"],"max_hp_gain":0,"max_hp_loss":6,"event_name":"Golden Idol","floor":5,"gold_loss":0},{"damage_healed":0,"gold_gain":0,"player_choice":"Grow","damage_taken":0,"max_hp_gain":0,"max_hp_loss":0,"event_name":"Living Wall","floor":10,"gold_loss":0,"cards_upgraded":["Sucker Punch"]},{"damage_healed":0,"gold_gain":0,"player_choice":"Ignored","damage_taken":0,"max_hp_gain":0,"max_hp_loss":0,"event_name":"Shining Light","floor":14,"gold_loss":0},{"damage_healed":0,"gold_gain":0,"player_choice":"Gave Idol","damage_taken":0,"relics_obtained":["Bloody Idol"],"max_hp_gain":0,"max_hp_loss":0,"event_name":"Forgotten Altar","floor":20,"relics_lost":["Golden Idol"],"gold_loss":0}],"is_beta":false,"boss_relics":[{"not_picked":["Velvet Choker","Runic Dome"],"picked":"Astrolabe"}],"items_purged_floors":[21],"is_endless":false,"potions_floor_spawned":[6,13,18,23,25,29],"killed_by":"Champ","ascension_level":11}