{"gold_per_floor":[118,132,63,79,91,91,110,110,180,66,66,66,83,101,101,200,200,212,311,322,372,124,124,138,38,38,50,50,77,104,24,24,120,120,135,135,153,153,171,171,137,157,157,32,32,32,62,78,78,78],"floor_reached":50,"playtime":1954,"items_purged":["Strike_B","Strike_B","Pain"],"score":578,"play_id":"c5cdc39e-39e0-46c9-b1b7-bd6536a5fb1b","local_time":"20181224212808","is_ascension_mode":true,"campfire_choices":[{"data":"Hologram","floor":6.0,"key":"SMITH"},{"data":"Zap","floor":8.0,"key":"SMITH"},{"data":"Self Repair","floor":12.0,"key":"SMITH"},{"data":"Lockon","floor":15.0,"key":"SMITH"},{"data":"Tempest","floor":23.0,"key":"SMITH"},{"data":"Electrodynamics","floor":28.0,"key":"SMITH"},{"floor":32.0,"key":"REST"},{"data":"Loop","floor":40.0,"key":"SMITH"},{"data":"White Noise","floor":45.0,"key":"SMITH"},{"floor":49,"key":"REST"}],"neow_cost":"NONE","seed_source_timestamp":357372957878503,"circlet_count":0,"master_deck":["Strike_B+1","Defend_B","Defend_B","Defend_B","Defend_B","Zap+1","Dualcast+1","Hologram+1","Self Repair+1","Ball Lightning+1","Glacier","Self Repair","Heatsinks","Lockon+1","Electrodynamics+1","Tempest+1","Steam+1","Leap","Loop+1","Amplify","Dramatic Entrance","Reinforced Body+1","Loop","White Noise+1"],"special_seed":0,"relics":["Cracked Core","Blue Candle","Inserter","Runic Capacitor","Boot","Whetstone","Nunchaku","Cursed Key","Thread and Needle","Anchor"],"potions_floor_usage":[],"damage_taken":[{"damage":2.0,"enemies":"Jaw Worm","floor":1.0,"turns":3.0},{"damage":0.0,"enemies":"Cultist","floor":2.0,"turns":2.0},{"damage":2.0,"enemies":"Small Slimes","floor":4.0,"turns":3.0},{"damage":14.0,"enemies":"Red Slaver","floor":5.0,"turns":3.0},{"damage":13.0,"enemies":"Exordium Wildlife","floor":7.0,"turns":2.0},{"damage":0.0,"enemies":"Large Slime","floor":13.0,"turns":6.0},{"damage":3.0,"enemies":"Blue Slaver","floor":14.0,"turns":2.0},{"damage":68.0,"enemies":"Slime Boss","floor":16.0,"turns":12.0},{"damage":22.0,"enemies":"3 Byrds","floor":18.0,"turns":4.0},{"damage":34.0,"enemies":"2 Thieves","floor":20.0,"turns":3.0},{"damage":0.0,"enemies":"3 Cultists","floor":24.0,"turns":2.0},{"damage":26.0,"enemies":"Snecko","floor":27.0,"turns":5.0},{"damage":52.0,"enemies":"Book of Stabbing","floor":30.0,"turns":7.0},{"damage":12.0,"enemies":"Champ","floor":33.0,"turns":11.0},{"damage":15.0,"enemies":"3 Shapes","floor":35.0,"turns":4.0},{"damage":49.0,"enemies":"3 Darklings","floor":37.0,"turns":4.0},{"damage":18.0,"enemies":"Maw","floor":39.0,"turns":9.0},{"damage":28.0,"enemies":"Jaw Worm Horde","floor":42.0,"turns":5.0},{"damage":45.0,"enemies":"Giant Head","floor":47.0,"turns":9.0},{"damage":13,"enemies":"Writhing Mass","floor":48,"turns":7},{"damage":65,"enemies":"Time Eater","floor":50,"turns":4}],"seed_played":"-2675101220020128132","potions_obtained":[{"floor":1.0,"key":"GamblersBrew"},{"floor":4.0,"key":"SteroidPotion"},{"floor":7.0,"key":"Weak Potion"},{"floor":16.0,"key":"Regen Potion"},{"floor":18.0,"key":"PowerPotion"},{"floor":27.0,"key":"Block Potion"},{"floor":33.0,"key":"PowerPotion"},{"floor":37.0,"key":"Weak Potion"},{"floor":39.0,"key":"Regen Potion"}],"is_trial":false,"path_per_floor":["M","M","$","M","M","R","M","R","T","$","?","R","M","M","R","B",null,"M","?","M","?","$","R","M","$","T","M","R","T","E","$","R","B",null,"M","?","M","?","M","R","$","M","T","$","R","?","E","M","R","B"],"character_chosen":"DEFECT","items_purchased":["Self Repair","Self Repair","Runic Capacitor","Tempest","Loop","Loop"],"campfire_rested":2,"item_purchase_floors":[3,10,22,22,31,41],"current_hp_per_floor":[73,73,73,75,68,68,62,62,62,62,62,62,75,75,75,24,75,70,70,53,53,53,53,53,53,53,44,44,44,21,21,43,48,75,75,75,43,43,42,42,42,52,52,52,52,52,31,35,56,0],"gold":78,"neow_bonus":"UPGRADE_CARD","is_prod":false,"is_daily":false,"chose_seed":false,"campfire_upgraded":8,"win_rate":0,"timestamp":1545683288,"path_taken":["M","M","$","M","M","R","M","R","T","$","?","R","?","M","R","BOSS","M","?","M","?","$","R","M","$","T","?","R","?","E","$","R","BOSS","M","?","?","?","M","R","$","M","T","$","R","?","E","M","R","BOSS"],"build_version":"2018-12-20","purchased_purges":3,"victory":false,"max_hp_per_floor":[75,75,75,75,75,75,75,75,75,75,75,75,75,75,75,75,75,75,75,75,75,75,75,75,75,75,75,75,75,75,75,75,75,75,75,75,75,71,71,71,71,71,71,71,71,71,71,71,71,71],"card_choices":[{"not_picked":["Static Discharge","Cold Snap"],"picked":"Hologram","floor":1.0},{"not_picked":["Barrage","Hello World","Redo"],"picked":"SKIP","floor":2.0},{"not_picked":["Force Field","Steam Power"],"picked":"Ball Lightning","floor":4.0},{"not_picked":["Lockon","Gash"],"picked":"Glacier","floor":5.0},{"not_picked":["Steam","Stack","Skim"],"picked":"SKIP","floor":7.0},{"not_picked":["FTL","Steam","Redo"],"picked":"SKIP","floor":13.0},{"not_picked":["Ball Lightning","Go for the Eyes"],"picked":"Lockon","floor":14.0},{"not_picked":["Multi-Cast","Meteor Strike"],"picked":"Electrodynamics","floor":16.0},{"not_picked":["Double Energy","Blizzard+1","Sweeping Beam"],"picked":"SKIP","floor":18.0},{"not_picked":["Hello World","Aggregate","Barrage"],"picked":"SKIP","floor":20.0},{"not_picked":["Force Field","Ball Lightning","Reinforced Body"],"picked":"SKIP","floor":24.0},{"not_picked":["Darkness","Chaos+1"],"picked":"Steam+1","floor":27.0},{"not_picked":["Redo+1","Loop+1"],"picked":"Leap","floor":30.0},{"not_picked":["Rainbow","Core Surge"],"picked":"Amplify","floor":33.0},{"not_picked":["Scrape","Tempest","Gash"],"picked":"SKIP","floor":35.0},{"not_picked":["Gash","Leap"],"picked":"Reinforced Body+1","floor":37.0},{"not_picked":["Ball Lightning","Auto Shields+1","Stack+1"],"picked":"SKIP","floor":39.0},{"not_picked":["Gash","Static Discharge+1"],"picked":"White Noise","floor":42.0},{"not_picked":["Steam Power+1","Barrage+1","Undo"],"picked":"SKIP","floor":47.0},{"not_picked":["Scrape+1","Biased Cognition","Sweeping Beam+1"],"picked":"SKIP","floor":48}],"player_experience":332876,"relics_obtained":[{"floor":9.0,"key":"Blue Candle"},{"floor":26.0,"key":"Boot"},{"floor":29.0,"key":"Whetstone"},{"floor":30.0,"key":"Nunchaku"},{"floor":43.0,"key":"Thread and Needle"},{"floor":47.0,"key":"Anchor"}],"event_choices":[{"damage_healed":0.0,"max_hp_gain":0.0,"max_hp_loss":0.0,"gold_gain":0.0,"cards_transformed":["Strike_B"],"event_name":"Transmorgrifier","player_choice":"Transformed","floor":11.0,"gold_loss":0.0,"damage_taken":0.0,"cards_obtained":["Heatsinks"]},{"damage_healed":0.0,"max_hp_gain":0.0,"max_hp_loss":0.0,"gold_gain":99.0,"event_name":"Nest","player_choice":"Stole From Cult","floor":19.0,"gold_loss":0.0,"damage_taken":0.0},{"damage_healed":0.0,"max_hp_gain":0.0,"max_hp_loss":0.0,"gold_gain":100.0,"event_name":"The Joust","player_choice":"Bet on Murderer","floor":21.0,"gold_loss":50.0,"damage_taken":0.0},{"damage_healed":0.0,"max_hp_gain":0.0,"max_hp_loss":0.0,"gold_gain":0.0,"event_name":"Match and Keep!","player_choice":"1 cards matched","floor":36.0,"gold_loss":0.0,"damage_taken":0.0,"cards_obtained":["Dramatic Entrance"]},{"damage_healed":0.0,"max_hp_gain":0.0,"max_hp_loss":4.0,"gold_gain":0.0,"event_name":"Winding Halls","player_choice":"Max HP","floor":38.0,"gold_loss":0.0,"damage_taken":0.0},{"damage_healed":0.0,"max_hp_gain":0.0,"max_hp_loss":0.0,"gold_gain":0.0,"event_name":"Mysterious Sphere","player_choice":"Ignored","floor":46.0,"gold_loss":0.0,"damage_taken":0.0}],"is_beta":false,"boss_relics":[{"not_picked":["Nuclear Battery","White Beast Statue"],"picked":"Inserter"},{"not_picked":["Runic Pyramid","FrozenCore"],"picked":"Cursed Key"}],"items_purged_floors":[10,25,44],"is_endless":false,"potions_floor_spawned":[1,4,7,16,18,24,27,33,37,39],"killed_by":"Time Eater","ascension_level":4}