{"gold_per_floor":[114,128,143,143,156,188,204,204],"floor_reached":8,"playtime":735,"items_purged":[],"score":63,"play_id":"14b74e83-903e-4c69-831d-4ee07c342724","local_time":"20190205115459","is_ascension_mode":true,"campfire_choices":[],"neow_cost":"NONE","seed_source_timestamp":18731358016263,"circlet_count":0,"master_deck":["Strike_R","Strike_R","Strike_R","Strike_R","Strike_R","Defend_R","Defend_R","Defend_R","Defend_R","Bash","Limit Break","Armaments","Heavy Blade","Armaments","Pommel Strike","Flex"],"relics":["Burning Blood","Boot"],"potions_floor_usage":[6,6,7],"damage_taken":[{"damage":1,"enemies":"Cultist","floor":1,"turns":4},{"damage":4,"enemies":"Small Slimes","floor":2,"turns":4},{"damage":0,"enemies":"2 Louse","floor":3,"turns":2},{"damage":27,"enemies":"Exordium Thugs","floor":5,"turns":11},{"damage":27,"enemies":"3 Sentries","floor":6,"turns":6},{"damage":9,"enemies":"Exordium Wildlife","floor":7,"turns":2},{"damage":42,"enemies":"Lagavulin","floor":8,"turns":6}],"seed_played":"-2304843453787102627","potions_obtained":[{"floor":2,"key":"Strength Potion"},{"floor":3,"key":"SpeedPotion"},{"floor":4,"key":"PowerPotion"},{"floor":6,"key":"SteroidPotion"}],"is_trial":false,"path_per_floor":["M","M","M","?","M","E","M","E"],"character_chosen":"IRONCLAD","items_purchased":[],"campfire_rested":0,"item_purchase_floors":[],"current_hp_per_floor":[80,80,80,80,59,38,35,0],"gold":204,"neow_bonus":"ONE_RANDOM_RARE_CARD","is_prod":false,"is_daily":false,"chose_seed":false,"campfire_upgraded":0,"win_rate":0,"timestamp":1549364099,"path_taken":["M","M","M","?","M","E","M","E"],"build_version":"2019-01-23","purchased_purges":0,"victory":false,"max_hp_per_floor":[80,80,80,80,80,80,80,80],"card_choices":[{"not_picked":["Wild Strike","Sword Boomerang"],"picked":"Armaments","floor":1},{"not_picked":["Twin Strike","True Grit"],"picked":"Heavy Blade","floor":2},{"not_picked":["Warcry","Wild Strike","Reaper"],"picked":"SKIP","floor":3},{"not_picked":["Sever Soul","True Grit"],"picked":"Armaments","floor":5},{"not_picked":["Impervious","Shockwave"],"picked":"Pommel Strike","floor":6},{"not_picked":["Intimidate","Thunderclap"],"picked":"Flex","floor":7}],"player_experience":128042,"relics_obtained":[{"floor":6,"key":"Boot"}],"event_choices":[{"damage_healed":0,"gold_gain":0,"player_choice":"Got Potions","damage_taken":0,"max_hp_gain":0,"max_hp_loss":0,"event_name":"Lab","floor":4,"gold_loss":0}],"is_beta":false,"boss_relics":[],"items_purged_floors":[],"is_endless":false,"potions_floor_spawned":[2,3,6],"killed_by":"Lagavulin","ascension_level":1}