{"gold_per_floor":[118,43,43,43,61,61,80,80,80,104,148,148,163,184,184,304,304,325,325,325,346,261,261,277,277,277,302,302,318,341,364,364,488,488,508,508,529,529,545,545,545],"floor_reached":41,"playtime":2220,"items_purged":["Strike_R"],"score":397,"play_id":"2ab25bd3-f6f4-416b-ba59-d438fa5a8abc","local_time":"20190311232250","is_ascension_mode":false,"campfire_choices":[{"data":"Bash","floor":6,"key":"SMITH"},{"data":"True Grit","floor":8,"key":"SMITH"},{"data":"Sword Boomerang","floor":12,"key":"SMITH"},{"data":"Anger","floor":15,"key":"SMITH"},{"data":"Demon Form","floor":23,"key":"SMITH"},{"data":"Spot Weakness","floor":25,"key":"SMITH"},{"floor":28,"key":"REST"},{"data":"Seeing Red","floor":32,"key":"SMITH"},{"data":"Limit Break","floor":40,"key":"SMITH"}],"neow_cost":"NONE","seed_source_timestamp":1754468825872307,"circlet_count":0,"master_deck":["Bash+1","Sword Boomerang+1","Anger+1","True Grit+1","Whirlwind+1","Dropkick+1","Reaper+1","Corruption","Seeing Red+1","Demon Form+1","Second Wind","Spot Weakness+1","Dual Wield","Twin Strike+1","Iron Wave+1","Sword Boomerang+1","Heavy Blade+1","Uppercut+1","Limit Break+1","Madness","Madness","Sword Boomerang+1"],"relics":["Black Blood","Ancient Tea Set","Golden Idol","Ginger","Molten Egg 2","Pandora\u0027s Box","Centennial Puzzle","Sundial"],"potions_floor_usage":[18,24,33,33,41],"damage_taken":[{"damage":6,"enemies":"Cultist","floor":1,"turns":3},{"damage":4,"enemies":"Small Slimes","floor":5,"turns":4},{"damage":1,"enemies":"Jaw Worm","floor":7,"turns":2},{"damage":9,"enemies":"Lots of Slimes","floor":10,"turns":5},{"damage":22,"enemies":"Lagavulin","floor":11,"turns":5},{"damage":1,"enemies":"Looter","floor":13,"turns":3},{"damage":1,"enemies":"Exordium Wildlife","floor":14,"turns":3},{"damage":45,"enemies":"The Guardian","floor":16,"turns":10},{"damage":16,"enemies":"3 Byrds","floor":18,"turns":3},{"damage":34,"enemies":"Shell Parasite","floor":21,"turns":4},{"damage":17,"enemies":"Cultist and Chosen","floor":24,"turns":4},{"damage":15,"enemies":"Snecko","floor":27,"turns":3},{"damage":12,"enemies":"3 Cultists","floor":29,"turns":3},{"damage":39,"enemies":"Sentry and Sphere","floor":30,"turns":4},{"damage":15,"enemies":"Snake Plant","floor":31,"turns":2},{"damage":34,"enemies":"Champ","floor":33,"turns":7},{"damage":35,"enemies":"3 Shapes","floor":35,"turns":4},{"damage":34,"enemies":"3 Darklings","floor":37,"turns":4},{"damage":36,"enemies":"Transient","floor":39,"turns":5},{"damage":57,"enemies":"Spire Growth","floor":41,"turns":4}],"seed_played":"-2922066784489935005","potions_obtained":[{"floor":1,"key":"Explosive Potion"},{"floor":7,"key":"PowerPotion"},{"floor":14,"key":"EssenceOfSteel"},{"floor":18,"key":"Poison Potion"},{"floor":27,"key":"EssenceOfSteel"},{"floor":29,"key":"Block Potion"},{"floor":33,"key":"GamblersBrew"},{"floor":37,"key":"Poison Potion"}],"is_trial":false,"path_per_floor":["M","$","?","?","M","R","M","R","T","M","E","R","M","M","R","B",null,"M","?","?","M","?","R","M","R","T","M","R","M","M","M","R","B",null,"M","?","M","?","M","R","M"],"character_chosen":"IRONCLAD","items_purchased":[],"campfire_rested":1,"item_purchase_floors":[],"current_hp_per_floor":[80,80,60,60,62,62,67,67,67,64,48,48,53,58,58,19,80,70,70,70,54,54,54,65,65,65,56,80,80,47,38,38,32,80,72,62,64,64,45,45,0],"gold":545,"neow_bonus":"RANDOM_COMMON_RELIC","is_prod":false,"is_daily":false,"chose_seed":false,"campfire_upgraded":8,"win_rate":0,"timestamp":1552360970,"path_taken":["M","$","?","?","?","R","M","R","T","M","E","R","M","M","R","BOSS","M","?","?","?","?","R","M","R","T","M","R","M","M","M","R","BOSS","M","?","M","?","M","R","M"],"build_version":"2019-01-23","purchased_purges":1,"victory":false,"max_hp_per_floor":[80,80,80,80,80,80,80,80,80,80,80,80,80,80,80,80,80,80,80,80,80,80,80,80,80,80,80,80,80,80,80,80,80,80,80,80,80,80,80,80,80],"card_choices":[{"not_picked":["Ghostly Armor","Flex"],"picked":"Sword Boomerang","floor":1},{"not_picked":["Blood for Blood","Searing Blow"],"picked":"Anger","floor":5},{"not_picked":["Twin Strike","Fiend Fire"],"picked":"True Grit","floor":7},{"not_picked":["Havoc","Pommel Strike","Thunderclap"],"picked":"SKIP","floor":10},{"not_picked":["Evolve","Shrug It Off"],"picked":"Whirlwind","floor":11},{"not_picked":["Shrug It Off","Armaments"],"picked":"Dropkick+1","floor":13},{"not_picked":["Cleave+1","Intimidate","Clothesline+1"],"picked":"SKIP","floor":14},{"not_picked":["Berserk","Fiend Fire+1"],"picked":"Reaper+1","floor":16},{"not_picked":["Headbutt+1","Entrench"],"picked":"Twin Strike+1","floor":18},{"not_picked":["Warcry","Clothesline+1"],"picked":"Iron Wave+1","floor":21},{"not_picked":["Iron Wave+1","Uppercut+1"],"picked":"Sword Boomerang+1","floor":24},{"not_picked":["Clash+1","Cleave+1"],"picked":"Heavy Blade+1","floor":27},{"not_picked":["Headbutt+1","Rupture"],"picked":"Uppercut+1","floor":29},{"not_picked":["Rampage+1","Feel No Pain","Wild Strike+1"],"picked":"SKIP","floor":30},{"not_picked":["Corruption+1","Pommel Strike+1","Armaments+1"],"picked":"SKIP","floor":31},{"not_picked":["Immolate+1","Berserk"],"picked":"Limit Break","floor":33},{"not_picked":["Bloodletting","True Grit+1","Clothesline+1"],"picked":"SKIP","floor":35},{"not_picked":["Thunderclap+1","Armaments","Flex"],"picked":"SKIP","floor":37},{"not_picked":["Blood for Blood+1","Warcry+1"],"picked":"Sword Boomerang+1","floor":39}],"player_experience":717621,"relics_obtained":[{"floor":9,"key":"Ginger"},{"floor":11,"key":"Molten Egg 2"},{"floor":26,"key":"Sundial"}],"event_choices":[{"damage_healed":0,"gold_gain":0,"player_choice":"Take Damage","damage_taken":20,"relics_obtained":["Golden Idol"],"max_hp_gain":0,"max_hp_loss":0,"event_name":"Golden Idol","floor":3,"gold_loss":0},{"cards_removed":["Strike_R"],"damage_healed":0,"gold_gain":0,"player_choice":"Purged","damage_taken":0,"max_hp_gain":0,"max_hp_loss":0,"event_name":"Purifier","floor":4,"gold_loss":0},{"damage_healed":0,"gold_gain":0,"player_choice":"Ignored","damage_taken":0,"max_hp_gain":0,"max_hp_loss":0,"event_name":"The Mausoleum","floor":19,"gold_loss":0},{"damage_healed":0,"gold_gain":0,"player_choice":"Bought 0 Potions","damage_taken":0,"max_hp_gain":0,"max_hp_loss":0,"event_name":"The Woman in Blue","floor":20,"gold_loss":0},{"damage_healed":0,"gold_gain":0,"player_choice":"Obtained Relic","damage_taken":0,"relics_obtained":["Centennial Puzzle"],"max_hp_gain":0,"max_hp_loss":0,"event_name":"Addict","floor":22,"gold_loss":85},{"damage_healed":0,"gold_gain":0,"player_choice":"Embrace Madness","damage_taken":10,"max_hp_gain":0,"max_hp_loss":0,"event_name":"Winding Halls","floor":36,"gold_loss":0,"cards_obtained":["Madness","Madness"]},{"cards_removed":["Warcry"],"damage_healed":0,"gold_gain":0,"player_choice":"Removed Skill","damage_taken":0,"max_hp_gain":0,"max_hp_loss":0,"event_name":"Falling","floor":38,"gold_loss":0}],"is_beta":false,"boss_relics":[{"not_picked":["Coffee Dripper","Runic Dome"],"picked":"Pandora\u0027s Box"},{"not_picked":["Fusion Hammer","Runic Pyramid"],"picked":"Black Blood"}],"items_purged_floors":[2],"is_endless":false,"potions_floor_spawned":[1,7,14,18,27,29,31,33,37,39],"killed_by":"Spire Growth","ascension_level":0}