{"path_per_floor":["M","M","?","M","?","E","?","R","T","M","R","E","M","M","R","B",null,"M","M","?","$","?","R","M"],"character_chosen":"THE_SILENT","items_purchased":["Bane","Panacea","Noxious Fumes","Prepared"],"gold_per_floor":[13,32,32,52,52,77,102,102,172,183,183,210,221,240,240,342,342,360,374,374,44,44,44,57,57],"floor_reached":25,"campfire_rested":2,"playtime":3102,"current_hp_per_floor":[70,68,68,68,68,38,26,26,26,21,42,15,17,19,40,35,61,63,64,51,51,51,51,40,0],"items_purged":["Strike_G"],"gold":57,"score":266,"play_id":"36437b80-6ad6-444f-bf89-faa2b22cfb4e","local_time":"20180414181458","is_prod":false,"is_daily":false,"chose_seed":false,"is_ascension_mode":true,"campfire_upgraded":2,"timestamp":1523754898,"path_taken":["M","M","?","M","?","E","?","R","T","M","R","E","M","M","R","BOSS","M","M","?","?","?","R","?","E"],"build_version":"2018-04-12","seed_source_timestamp":952336469790500,"purchased_purges":1,"victory":false,"master_deck":["Defend_G","Defend_G","Defend_G","Strike_G","Survivor","Neutralize+1","Well Laid Plans","Quick Slash","Infinite Blades","Night Terror","Blind","Quick Slash","Escape Plan","Noxious Fumes+1","Terror","Noxious Fumes","Burst+1","Blur","Blur","Die Die Die","Catalyst+1","Dash+1","Backstab+1","Blur","Deflect","Bane","Panacea","Noxious Fumes","Prepared","Choke+1"],"max_hp_per_floor":[70,70,70,70,70,70,70,70,70,70,70,70,70,70,70,70,70,70,70,75,75,75,75,75,75],"relics":["Ring of the Snake","Blood Vial","Odd Mushroom","Question Card","Thread and Needle","Astrolabe"],"card_choices":[{"not_picked":["Quick Slash","Backflip"],"picked":"Well Laid Plans","floor":1},{"not_picked":["Eviscerate","Dodge and Roll"],"picked":"Quick Slash","floor":2},{"not_picked":["Dodge and Roll","Bouncing Flask"],"picked":"Infinite Blades","floor":4},{"not_picked":["Die Die Die","Sucker Punch"],"picked":"Noxious Fumes","floor":6},{"not_picked":["Outmaneuver","Skewer"],"picked":"Terror","floor":7},{"not_picked":["PiercingWail","Slice","All Out Attack"],"picked":"Noxious Fumes","floor":10},{"not_picked":["Expertise","Deflect","Leg Sweep"],"picked":"Burst","floor":12},{"not_picked":["Sucker Punch","Poisoned Stab","Outmaneuver"],"picked":"Blur","floor":13},{"not_picked":["Dodge and Roll","Sucker Punch","Prepared"],"picked":"Blur","floor":14},{"not_picked":["Night Terror","Glass Knife","Storm of Steel"],"picked":"Die Die Die","floor":16},{"not_picked":["Calculated Gamble","Distraction","Flying Knee"],"picked":"Blur","floor":18},{"not_picked":["Infinite Blades","Acrobatics","Outmaneuver"],"picked":"Deflect","floor":19},{"not_picked":["Slice","Deadly Poison","Corpse Explosion"],"picked":"Choke","floor":24}],"player_experience":288051,"potions_floor_usage":[13,13,24,24],"damage_taken":[{"damage":0,"enemies":"2 Louse","floor":1,"turns":3},{"damage":2,"enemies":"Cultist","floor":2,"turns":4},{"damage":0,"enemies":"Jaw Worm","floor":4,"turns":4},{"damage":30,"enemies":"Gremlin Nob","floor":6,"turns":5},{"damage":14,"enemies":"The Mushroom Lair","floor":7,"turns":4},{"damage":7,"enemies":"2 Fungi Beasts","floor":10,"turns":3},{"damage":29,"enemies":"3 Sentries","floor":12,"turns":6},{"damage":0,"enemies":"Lots of Slimes","floor":13,"turns":3},{"damage":0,"enemies":"Blue Slaver","floor":14,"turns":4},{"damage":7,"enemies":"Slime Boss","floor":16,"turns":10},{"damage":0,"enemies":"Spheric Guardian","floor":18,"turns":5},{"damage":1,"enemies":"Shell Parasite","floor":19,"turns":5},{"damage":13,"enemies":"Snake Plant","floor":24,"turns":5},{"damage":54,"enemies":"Slavers","floor":25,"turns":4}],"event_choices":[{"event_name":"Upgrade Shrine","player_choice":"Upgraded","floor":3,"damage_taken":0},{"event_name":"Match and Keep!","player_choice":"4 cards matched","floor":5,"damage_taken":0},{"event_name":"Match and Keep!","player_choice":"4 cards matched","floor":5,"damage_taken":0},{"event_name":"Mushrooms","player_choice":"Fought Mushrooms","floor":7,"damage_taken":0},{"event_name":"Forgotten Altar","player_choice":"Shed Blood","floor":20,"damage_taken":0},{"event_name":"The Lab","player_choice":"Got Potions","floor":22,"damage_taken":0}],"boss_relics":[{"not_picked":["Black Star","Lizard Tail"],"picked":"Astrolabe"}],"potions_floor_spawned":[2,7,10,12,18],"seed_played":"3858483734292705283","killed_by":"Slavers","ascension_level":5,"is_trial":false}