{"gold_per_floor":[115,40,40,6,23,51,51,61,86,114,114,114,114,137,137,268,268,289,214,214,227,241,241,241,280,328,328,328],"floor_reached":28,"playtime":724,"items_purged":[],"score":377,"play_id":"9bfc2b52-ede8-4efb-a827-33e6b7e2b7ea","local_time":"20181231034812","is_ascension_mode":true,"campfire_choices":[{"data":"Defragment","floor":7,"key":"SMITH"},{"data":"Zap","floor":12,"key":"SMITH"},{"data":"Defragment","floor":15,"key":"SMITH"},{"floor":23,"key":"REST"}],"neow_cost":"NONE","seed_source_timestamp":899873807048703,"circlet_count":0,"master_deck":["Strike_B","Strike_B","Defend_B","Defend_B","Defend_B","Defend_B","Zap+1","Dualcast+1","Tempest","Defragment+1","White Noise","Hologram","Defragment+1","Core Surge","Leap","Echo Form","Steam+1"],"relics":["Cracked Core","NeowsBlessing","Regal Pillow","Smiling Mask","Shuriken","Golden Idol","WarpedTongs","Empty Cage","Bag of Marbles","Potion Belt","Ginger"],"potions_floor_usage":[10,16,22,25,28],"damage_taken":[{"damage":0,"enemies":"2 Louse","floor":1,"turns":1},{"damage":0,"enemies":"Jaw Worm","floor":5,"turns":1},{"damage":0,"enemies":"Lagavulin","floor":6,"turns":1},{"damage":6,"enemies":"Cultist","floor":8,"turns":3},{"damage":19,"enemies":"Gremlin Nob","floor":10,"turns":3},{"damage":7,"enemies":"Looter","floor":14,"turns":3},{"damage":15,"enemies":"Hexaghost","floor":16,"turns":8},{"damage":11,"enemies":"Shell Parasite","floor":18,"turns":6},{"damage":10,"enemies":"Spheric Guardian","floor":21,"turns":6},{"damage":12,"enemies":"3 Cultists","floor":22,"turns":5},{"damage":48,"enemies":"Gremlin Leader","floor":25,"turns":7},{"damage":13,"enemies":"Snecko","floor":28,"turns":3}],"seed_played":"-7463789345339946367","potions_obtained":[{"floor":5,"key":"Swift Potion"},{"floor":6,"key":"LiquidBronze"},{"floor":10,"key":"Fire Potion"},{"floor":22,"key":"Block Potion"},{"floor":25,"key":"Swift Potion"}],"is_trial":false,"path_per_floor":["M","$","?","$","M","E","R","M","T","E","?","R","?","M","R","B",null,"M","?","?","M","M","R","?","E","T","T","M"],"character_chosen":"DEFECT","items_purchased":["Defragment","White Noise"],"campfire_rested":1,"item_purchase_floors":[2,4],"current_hp_per_floor":[68,68,68,68,68,68,68,62,62,43,43,43,43,36,36,21,57,46,46,46,36,24,59,59,11,11,11,0],"gold":328,"neow_bonus":"THREE_ENEMY_KILL","is_prod":false,"is_daily":false,"chose_seed":false,"campfire_upgraded":3,"win_rate":0,"timestamp":1546224492,"path_taken":["M","$","?","$","M","E","R","M","T","E","?","R","?","?","R","BOSS","M","?","?","M","M","R","?","E","T","?","M"],"build_version":"2018-12-20","purchased_purges":0,"victory":false,"max_hp_per_floor":[75,75,75,75,75,75,75,75,75,75,69,69,69,69,69,69,69,69,69,69,69,69,69,69,69,69,69,69],"card_choices":[{"not_picked":["Go for the Eyes","Sweeping Beam"],"picked":"Tempest","floor":1},{"not_picked":["FTL","Beam Cell","Gash"],"picked":"SKIP","floor":5},{"not_picked":["Reinforced Body","Coolheaded"],"picked":"Hologram","floor":6},{"not_picked":["Chill","Stack","Barrage"],"picked":"SKIP","floor":8},{"not_picked":["Scrape","Chill","Doom and Gloom"],"picked":"SKIP","floor":10},{"not_picked":["Rainbow","Steam"],"picked":"Defragment","floor":14},{"not_picked":["Hyperbeam","Rainbow"],"picked":"Core Surge","floor":16},{"not_picked":["Redo","Tempest"],"picked":"Leap","floor":18},{"not_picked":["Chaos","Hologram","Rebound"],"picked":"SKIP","floor":21},{"not_picked":["Doom and Gloom+1","Genetic Algorithm","Streamline+1"],"picked":"SKIP","floor":22},{"not_picked":["Stack","Sweeping Beam"],"picked":"Steam+1","floor":25}],"player_experience":360044,"relics_obtained":[{"floor":6,"key":"Regal Pillow"},{"floor":9,"key":"Smiling Mask"},{"floor":10,"key":"Shuriken"},{"floor":25,"key":"Bag of Marbles"},{"floor":26,"key":"Potion Belt"},{"floor":27,"key":"Ginger"}],"event_choices":[{"damage_healed":0,"gold_gain":0,"player_choice":"Grow","damage_taken":0,"max_hp_gain":0,"max_hp_loss":0,"event_name":"Living Wall","floor":3,"gold_loss":0,"cards_upgraded":["Dualcast"]},{"damage_healed":0,"gold_gain":0,"player_choice":"Lose Max HP","damage_taken":0,"relics_obtained":["Golden Idol"],"max_hp_gain":0,"max_hp_loss":6,"event_name":"Golden Idol","floor":11,"gold_loss":0},{"damage_healed":0,"gold_gain":0,"player_choice":"Rummage","damage_taken":0,"relics_obtained":["WarpedTongs"],"max_hp_gain":0,"max_hp_loss":0,"event_name":"Accursed Blacksmith","floor":13,"gold_loss":0,"cards_obtained":["Pain"]},{"cards_removed":["Strike_B"],"damage_healed":0,"gold_gain":0,"player_choice":"Gave Gold","damage_taken":0,"max_hp_gain":0,"max_hp_loss":0,"event_name":"Beggar","floor":19,"gold_loss":75},{"damage_healed":0,"gold_gain":0,"player_choice":"Ignored","damage_taken":0,"max_hp_gain":0,"max_hp_loss":0,"event_name":"Cursed Tome","floor":20,"gold_loss":0},{"damage_healed":0,"gold_gain":0,"player_choice":"Read","damage_taken":0,"max_hp_gain":0,"max_hp_loss":0,"event_name":"The Library","floor":24,"gold_loss":0,"cards_obtained":["Echo Form"]}],"is_beta":false,"boss_relics":[{"not_picked":["Black Star","Runic Pyramid"],"picked":"Empty Cage"}],"items_purged_floors":[],"is_endless":false,"potions_floor_spawned":[5,6,10,22,25],"killed_by":"Snecko","ascension_level":8}