{"gold_per_floor":[164,164,144,160,3,3,30,30,81,46,60,92,112,112,112,215,215,233,250,268,268,287,287,313,313,313,331,349,367,382,410,410,410],"floor_reached":33,"playtime":2982,"items_purged":[],"score":293,"play_id":"c8d0c906-ee76-4c31-b6d1-599acd9a8bba","local_time":"20190723040145","is_ascension_mode":true,"campfire_choices":[{"data":"Infinite Blades","floor":6,"key":"SMITH"},{"data":"Flying Knee","floor":8,"key":"SMITH"},{"floor":15,"key":"REST"},{"floor":23,"key":"REST"},{"floor":32,"key":"REST"}],"neow_cost":"NONE","seed_source_timestamp":1245130670311,"circlet_count":0,"master_deck":["Strike_G","Strike_G+1","Strike_G","Strike_G+1","Strike_G","Defend_G","Defend_G","Defend_G","Defend_G","Defend_G","Survivor+1","Neutralize","Poisoned Stab","Infinite Blades+1","Blur","Flying Knee+1","Flying Knee","Die Die Die","Deadly Poison","Malaise","Eviscerate","PiercingWail","Heel Hook","RitualDagger","Flying Knee","Predator","Finisher","Night Terror","Choke","Underhanded Strike","Bane"],"relics":["Tiny House","Omamori","Pocketwatch","Ancient Tea Set","Boot","Snecko Eye","Oddly Smooth Stone","Girya","Matryoshka"],"potions_floor_usage":[12,16,16,19,27,30,31,31],"damage_taken":[{"damage":0,"enemies":"Small Slimes","floor":1,"turns":3},{"damage":0,"enemies":"2 Louse","floor":4,"turns":3},{"damage":22,"enemies":"3 Sentries","floor":7,"turns":11},{"damage":0,"enemies":"Cultist","floor":11,"turns":3},{"damage":24,"enemies":"Gremlin Nob","floor":12,"turns":4},{"damage":2,"enemies":"3 Louse","floor":13,"turns":2},{"damage":4,"enemies":"The Guardian","floor":16,"turns":10},{"damage":8,"enemies":"3 Byrds","floor":18,"turns":4},{"damage":2,"enemies":"Shell Parasite","floor":19,"turns":4},{"damage":22,"enemies":"Snecko","floor":20,"turns":5},{"damage":0,"enemies":"Chosen and Byrds","floor":22,"turns":5},{"damage":9,"enemies":"Snake Plant","floor":27,"turns":5},{"damage":16,"enemies":"Shelled Parasite and Fungi","floor":28,"turns":5},{"damage":8,"enemies":"Centurion and Healer","floor":29,"turns":6},{"damage":0,"enemies":"Snecko","floor":30,"turns":4},{"damage":31,"enemies":"Book of Stabbing","floor":31,"turns":5},{"damage":26,"enemies":"Automaton","floor":33,"turns":5}],"seed_played":"-1425578269374035269","potions_obtained":[{"floor":0,"key":"SteroidPotion"},{"floor":1,"key":"SteroidPotion"},{"floor":3,"key":"FairyPotion"},{"floor":12,"key":"Dexterity Potion"},{"floor":16,"key":"SpeedPotion"},{"floor":18,"key":"Ancient Potion"},{"floor":19,"key":"GhostInAJar"},{"floor":28,"key":"Poison Potion"},{"floor":30,"key":"Swift Potion"}],"is_trial":false,"path_per_floor":["M","?","?","M","$","R","E","R","T","?","M","E","M","?","R","B",null,"M","M","M","?","M","R","T","?","T","M","M","M","M","E","R","B"],"character_chosen":"THE_SILENT","items_purchased":["Omamori"],"campfire_rested":3,"item_purchase_floors":[5],"current_hp_per_floor":[75,75,75,75,75,75,53,53,53,71,71,47,45,30,52,48,75,67,65,43,37,37,59,59,59,59,50,34,26,26,3,25,0],"gold":410,"neow_bonus":"BOSS_RELIC","is_prod":false,"is_daily":false,"chose_seed":false,"campfire_upgraded":2,"win_rate":0,"timestamp":1563868905,"path_taken":["M","?","?","?","$","R","E","R","T","?","M","E","M","?","R","BOSS","M","M","M","?","M","R","?","?","T","M","M","M","M","E","R","BOSS"],"build_version":"2019-07-17","purchased_purges":0,"victory":false,"max_hp_per_floor":[75,75,75,75,75,75,75,75,75,75,75,75,75,75,75,75,75,75,75,75,75,75,75,75,75,75,75,75,75,75,75,75,75],"card_choices":[{"not_picked":["Leg Sweep","Flechettes"],"picked":"Poisoned Stab","floor":0},{"not_picked":["Dagger Spray","All Out Attack"],"picked":"Infinite Blades","floor":1},{"not_picked":["Poisoned Stab","Outmaneuver"],"picked":"Blur","floor":4},{"not_picked":["Prepared","All Out Attack"],"picked":"Flying Knee","floor":7},{"not_picked":["Cloak And Dagger","Dagger Throw"],"picked":"Flying Knee","floor":11},{"not_picked":["Escape Plan","Footwork"],"picked":"Die Die Die","floor":12},{"not_picked":["Sucker Punch","Slice"],"picked":"Deadly Poison","floor":13},{"not_picked":["Unload","Doppelganger"],"picked":"Malaise","floor":16},{"not_picked":["Poisoned Stab","Deadly Poison+1"],"picked":"Eviscerate","floor":18},{"not_picked":["Slice","Terror+1"],"picked":"PiercingWail","floor":19},{"not_picked":["Prepared+1","Blade Dance"],"picked":"Heel Hook","floor":20},{"not_picked":["Quick Slash","Outmaneuver"],"picked":"Flying Knee","floor":22},{"not_picked":["Acrobatics","Slice+1"],"picked":"Finisher","floor":27},{"not_picked":["Backflip+1","Acrobatics"],"picked":"Night Terror","floor":28},{"not_picked":["PiercingWail","Blade Dance"],"picked":"Choke","floor":29},{"not_picked":["All Out Attack","Endless Agony"],"picked":"Underhanded Strike","floor":30},{"not_picked":["Blade Dance","Reflex"],"picked":"Bane","floor":31}],"player_experience":163014,"relics_obtained":[{"floor":7,"key":"Pocketwatch"},{"floor":9,"key":"Ancient Tea Set"},{"floor":12,"key":"Boot"},{"floor":24,"key":"Oddly Smooth Stone"},{"floor":26,"key":"Girya"},{"floor":31,"key":"Matryoshka"}],"event_choices":[{"damage_healed":0,"gold_gain":0,"player_choice":"Ignored","damage_taken":0,"max_hp_gain":0,"max_hp_loss":0,"event_name":"Golden Wing","floor":2,"gold_loss":0},{"damage_healed":0,"gold_gain":0,"player_choice":"Bought 1 Potion","damage_taken":0,"max_hp_gain":0,"max_hp_loss":0,"event_name":"The Woman in Blue","floor":3,"gold_loss":0},{"damage_healed":18,"gold_gain":0,"player_choice":"Healed","damage_taken":0,"max_hp_gain":0,"max_hp_loss":0,"event_name":"The Cleric","floor":10,"gold_loss":35},{"damage_healed":0,"gold_gain":0,"player_choice":"Entered Light","damage_taken":15,"max_hp_gain":0,"max_hp_loss":0,"event_name":"Shining Light","floor":14,"gold_loss":0,"cards_upgraded":["Strike_G","Strike_G"]},{"damage_healed":0,"gold_gain":0,"player_choice":"Joined the Cult","damage_taken":6,"max_hp_gain":0,"max_hp_loss":0,"event_name":"Nest","floor":21,"gold_loss":0,"cards_obtained":["RitualDagger"]},{"damage_healed":0,"gold_gain":0,"player_choice":"Read","damage_taken":0,"max_hp_gain":0,"max_hp_loss":0,"event_name":"The Library","floor":25,"gold_loss":0,"cards_obtained":["Predator"]}],"is_beta":false,"boss_relics":[{"not_picked":["Lizard Tail","Busted Crown"],"picked":"Snecko Eye"}],"items_purged_floors":[],"is_endless":false,"potions_floor_spawned":[1,4,11,12,16,18,19,22,28,30],"killed_by":"Automaton","ascension_level":1}