{"gold_per_floor":[119,85,85,102,116,147,147,163,163,163,190,204,214,214,214,318,318,329,340,360,360,379,412,412,422,447,447,466,466,497,509,509,609,609,623,639,639,658,227,227,243,263,288,301,632,650,666,701,701,701],"floor_reached":51,"playtime":2095,"items_purged":["Strike_G"],"score":967,"play_id":"ca3fac16-c572-4a01-b996-67e0f37f7f4c","local_time":"20190825232809","is_ascension_mode":false,"campfire_choices":[{"data":"Dash","floor":7,"key":"SMITH"},{"data":"Cloak And Dagger","floor":10,"key":"SMITH"},{"data":"Neutralize","floor":15,"key":"SMITH"},{"floor":24,"key":"REST"},{"data":"Infinite Blades","floor":27,"key":"SMITH"},{"data":"Footwork","floor":29,"key":"SMITH"},{"data":"Caltrops","floor":32,"key":"SMITH"},{"data":"Blade Dance","floor":40,"key":"SMITH"},{"data":"Glass Knife","floor":49,"key":"SMITH"}],"neow_cost":"NONE","seed_source_timestamp":370704059552200,"circlet_count":0,"master_deck":["Strike_G","Strike_G","Strike_G","Strike_G","Defend_G","Defend_G","Defend_G","Defend_G","Defend_G","Survivor","Neutralize+1","Sucker Punch+1","Dash+1","Cloak And Dagger+1","Slice","Adrenaline","Backstab","Infinite Blades+1","Footwork+1","Caltrops+1","Glass Knife+1","Blade Dance+1","Flash of Steel"],"relics":["Ring of the Serpent","Singing Bowl","Art of War","Ornamental Fan","Shuriken","Philosopher\u0027s Stone","Question Card","Bag of Preparation","Ninja Scroll","Kunai","Pen Nib","Old Coin","Smiling Mask"],"potions_floor_usage":[11,23,23,33],"damage_taken":[{"damage":1,"enemies":"Cultist","floor":1,"turns":4},{"damage":0,"enemies":"Small Slimes","floor":4,"turns":4},{"damage":0,"enemies":"Jaw Worm","floor":5,"turns":3},{"damage":15,"enemies":"3 Sentries","floor":6,"turns":11},{"damage":0,"enemies":"Blue Slaver","floor":8,"turns":5},{"damage":6,"enemies":"Lagavulin","floor":11,"turns":6},{"damage":0,"enemies":"Large Slime","floor":12,"turns":5},{"damage":1,"enemies":"3 Louse","floor":13,"turns":3},{"damage":30,"enemies":"Hexaghost","floor":16,"turns":10},{"damage":3,"enemies":"Spheric Guardian","floor":18,"turns":4},{"damage":1,"enemies":"3 Byrds","floor":19,"turns":5},{"damage":0,"enemies":"Centurion and Healer","floor":20,"turns":6},{"damage":1,"enemies":"Shelled Parasite and Fungi","floor":22,"turns":4},{"damage":50,"enemies":"Slavers","floor":23,"turns":8},{"damage":1,"enemies":"Cultist and Chosen","floor":25,"turns":5},{"damage":0,"enemies":"Chosen and Byrds","floor":28,"turns":6},{"damage":6,"enemies":"Book of Stabbing","floor":30,"turns":5},{"damage":10,"enemies":"Snake Plant","floor":31,"turns":4},{"damage":13,"enemies":"Champ","floor":33,"turns":9},{"damage":3,"enemies":"3 Darklings","floor":35,"turns":4},{"damage":2,"enemies":"Orb Walker","floor":36,"turns":3},{"damage":6,"enemies":"Maw","floor":38,"turns":6},{"damage":0,"enemies":"Transient","floor":41,"turns":5},{"damage":0,"enemies":"Sphere and 2 Shapes","floor":42,"turns":4},{"damage":0,"enemies":"Spire Growth","floor":44,"turns":3},{"damage":2,"enemies":"Giant Head","floor":45,"turns":6},{"damage":0,"enemies":"4 Shapes","floor":46,"turns":4},{"damage":6,"enemies":"Writhing Mass","floor":47,"turns":4},{"damage":0,"enemies":"Reptomancer","floor":48,"turns":5},{"damage":11,"enemies":"Awakened One","floor":50,"turns":12}],"seed_played":"2862858834098954810","potions_obtained":[{"floor":1,"key":"Fire Potion"},{"floor":4,"key":"Energy Potion"},{"floor":13,"key":"PowerPotion"},{"floor":19,"key":"FearPotion"},{"floor":20,"key":"AttackPotion"},{"floor":28,"key":"Block Potion"},{"floor":31,"key":"EssenceOfSteel"},{"floor":41,"key":"Poison Potion"},{"floor":45,"key":"LiquidBronze"}],"is_trial":false,"path_per_floor":["M","$","T","M","M","E","R","M","T","R","E","M","M","?","R","B",null,"M","M","M","?","M","E","R","M","T","R","M","R","E","M","R","B",null,"M","M","?","M","$","R","M","M","T","M","E","M","M","E","R","B",null],"character_chosen":"THE_SILENT","items_purchased":["Dash","Kunai","Flash of Steel"],"campfire_rested":1,"item_purchase_floors":[2,39,39],"current_hp_per_floor":[76,76,76,78,80,67,67,67,67,67,61,63,64,64,64,34,87,86,87,87,87,88,40,68,67,67,67,67,67,63,53,53,40,97,96,94,94,90,90,90,92,94,94,96,96,98,94,96,96,85],"gold":701,"neow_bonus":"TEN_PERCENT_HP_BONUS","is_prod":false,"is_daily":false,"chose_seed":false,"campfire_upgraded":8,"win_rate":0,"timestamp":1566790089,"path_taken":["M","$","?","M","M","E","R","M","T","R","E","M","M","?","R","BOSS","M","M","M","?","M","E","R","M","T","R","M","R","E","M","R","BOSS","M","M","?","M","$","R","M","M","T","M","E","M","M","E","R","BOSS"],"build_version":"2019-08-23","purchased_purges":1,"victory":true,"max_hp_per_floor":[77,77,77,79,81,83,83,83,83,83,83,85,87,87,87,87,87,89,91,91,91,93,95,95,95,95,95,95,95,97,97,97,97,97,99,99,99,101,101,101,103,105,105,107,109,111,113,115,115,115],"card_choices":[{"not_picked":["Setup","Underhanded Strike"],"picked":"Sucker Punch","floor":1},{"not_picked":["Underhanded Strike","Caltrops","Deflect"],"picked":"Singing Bowl","floor":4},{"not_picked":["Concentrate","Poisoned Stab","Predator"],"picked":"Singing Bowl","floor":5},{"not_picked":["Catalyst","Endless Agony","Predator"],"picked":"Singing Bowl","floor":6},{"not_picked":["Sucker Punch","Blade Dance"],"picked":"Cloak And Dagger","floor":8},{"not_picked":["PiercingWail","Dagger Spray"],"picked":"Slice","floor":11},{"not_picked":["Choke","Concentrate","Flying Knee"],"picked":"Singing Bowl","floor":12},{"not_picked":["Choke","Tactician","Tools of the Trade"],"picked":"Singing Bowl","floor":13},{"not_picked":["Burst","Die Die Die"],"picked":"Adrenaline","floor":16},{"not_picked":["Quick Slash+1","Dagger Throw","Dagger Spray+1"],"picked":"Singing Bowl","floor":18},{"not_picked":["Catalyst","Acrobatics","Tactician"],"picked":"Singing Bowl","floor":19},{"not_picked":["Dagger Spray","Masterful Stab"],"picked":"Backstab","floor":20},{"not_picked":["Bane","Eviscerate","Backflip"],"picked":"Singing Bowl","floor":22},{"not_picked":["Backflip","Escape Plan","Accuracy"],"picked":"Singing Bowl","floor":23},{"not_picked":["Blur+1","Catalyst+1","Quick Slash+1"],"picked":"Infinite Blades","floor":25},{"not_picked":["Burst","Catalyst","Dodge and Roll+1"],"picked":"Footwork","floor":28},{"not_picked":["Slice","Outmaneuver+1","Sucker Punch","Catalyst"],"picked":"Singing Bowl","floor":30},{"not_picked":["Dagger Spray","Deflect","Sucker Punch"],"picked":"Caltrops","floor":31},{"not_picked":["Corpse Explosion","Envenom","Wraith Form v2"],"picked":"Glass Knife","floor":33},{"not_picked":["Poisoned Stab+1","Backflip","Underhanded Strike","Escape Plan+1"],"picked":"Singing Bowl","floor":35},{"not_picked":["Deflect","Bane","Backflip+1"],"picked":"Blade Dance","floor":36},{"not_picked":["Dagger Throw","Flying Knee","Outmaneuver+1","Quick Slash+1"],"picked":"Singing Bowl","floor":38},{"not_picked":["Dagger Throw","Dash+1","Quick Slash","Skewer"],"picked":"Singing Bowl","floor":41},{"not_picked":["Outmaneuver","A Thousand Cuts","Poisoned Stab+1","Prepared"],"picked":"Singing Bowl","floor":42},{"not_picked":["Deadly Poison","Escape Plan","Tactician+1","Backflip"],"picked":"Singing Bowl","floor":44},{"not_picked":["PiercingWail+1","Slice+1","Outmaneuver","Malaise"],"picked":"Singing Bowl","floor":45},{"not_picked":["Endless Agony+1","Distraction","Backflip","Slice+1"],"picked":"Singing Bowl","floor":46},{"not_picked":["Noxious Fumes","Dodge and Roll+1","PiercingWail+1","Backflip"],"picked":"Singing Bowl","floor":47},{"not_picked":["Quick Slash","Deadly Poison+1","Night Terror","Well Laid Plans+1"],"picked":"Singing Bowl","floor":48}],"player_experience":983427,"relics_obtained":[{"floor":3,"key":"Singing Bowl"},{"floor":6,"key":"Art of War"},{"floor":9,"key":"Ornamental Fan"},{"floor":11,"key":"Shuriken"},{"floor":23,"key":"Question Card"},{"floor":26,"key":"Bag of Preparation"},{"floor":30,"key":"Ninja Scroll"},{"floor":43,"key":"Pen Nib"},{"floor":45,"key":"Old Coin"},{"floor":48,"key":"Smiling Mask"}],"event_choices":[{"damage_healed":0,"gold_gain":0,"player_choice":"Grow","damage_taken":0,"max_hp_gain":0,"max_hp_loss":0,"event_name":"Living Wall","floor":14,"gold_loss":0,"cards_upgraded":["Sucker Punch"]},{"damage_healed":0,"gold_gain":0,"player_choice":"Ignored","damage_taken":0,"max_hp_gain":0,"max_hp_loss":0,"event_name":"The Mausoleum","floor":21,"gold_loss":0},{"damage_healed":0,"gold_gain":0,"player_choice":"Ignored","damage_taken":0,"max_hp_gain":0,"max_hp_loss":0,"event_name":"Tomb of Lord Red Mask","floor":37,"gold_loss":0}],"is_beta":true,"boss_relics":[{"not_picked":["Runic Pyramid","White Beast Statue"],"picked":"Philosopher\u0027s Stone"},{"not_picked":["Fusion Hammer","Busted Crown"],"picked":"Ring of the Serpent"}],"items_purged_floors":[39],"is_endless":false,"potions_floor_spawned":[1,4,13,19,20,28,31,41,42,44,45,48],"ascension_level":0}