{"gold_per_floor":[118,68,41,51,51,78,92,92,92,10,22,22,22,22,22,117,117,129,129,54,72,172,172,189,202,202,112,112,112,122,46,46,46],"floor_reached":33,"playtime":791,"items_purged":["Strike_B"],"score":292,"play_id":"1d27e05c-7a51-46e9-b584-040f488d88e9","local_time":"20181002180034","is_ascension_mode":true,"campfire_choices":[{"data":"Zap","floor":8,"key":"SMITH"},{"data":"Echo Form","floor":12,"key":"SMITH"},{"floor":15,"key":"REST"},{"data":"Barrage","floor":23,"key":"SMITH"},{"floor":28,"key":"REST"},{"floor":32,"key":"REST"}],"neow_cost":"TEN_PERCENT_HP_LOSS","seed_source_timestamp":637319334693102,"circlet_count":0,"master_deck":["Defend_B","Defend_B","Zap+1","Dualcast","Ball Lightning+1","Rebound","Barrage+1","Glacier","Echo Form+1","Reboot","Machine Learning","Barrage","Leap","Chill"],"relics":["Cracked Core","Bag of Preparation","Ornamental Fan","Inserter","Bottled Tornado"],"potions_floor_usage":[24,24,24,24,25,30],"damage_taken":[{"damage":1,"enemies":"Small Slimes","floor":1,"turns":3},{"damage":8,"enemies":"2 Louse","floor":4,"turns":2},{"damage":35,"enemies":"Lagavulin","floor":6,"turns":4},{"damage":0,"enemies":"Cultist","floor":7,"turns":2},{"damage":12,"enemies":"2 Fungi Beasts","floor":11,"turns":2},{"damage":21,"enemies":"Hexaghost","floor":16,"turns":8},{"damage":12,"enemies":"Shell Parasite","floor":18,"turns":5},{"damage":31,"enemies":"2 Thieves","floor":21,"turns":4},{"damage":15,"enemies":"Snake Plant","floor":24,"turns":3},{"damage":7,"enemies":"Cultist and Chosen","floor":25,"turns":4},{"damage":9,"enemies":"Colosseum Slavers","floor":29,"turns":4},{"damage":9,"enemies":"Shelled Parasite and Fungi","floor":30,"turns":5},{"damage":29,"enemies":"Automaton","floor":33,"turns":6}],"seed_played":"-6475664049016214828","potions_obtained":[{"floor":1,"key":"Strength Potion"},{"floor":11,"key":"SkillPotion"},{"floor":16,"key":"Ancient Potion"},{"floor":19,"key":"EntropicBrew"},{"floor":24,"key":"SpeedPotion"},{"floor":30,"key":"SmokeBomb"}],"is_trial":false,"path_per_floor":["M","?","$","M","?","E","M","R","T","$","M","R","$","?","R","B",null,"M","?","$","M","?","R","M","M","T","?","R","?","M","$","R"],"character_chosen":"DEFECT","items_purchased":["Ball Lightning","Echo Form","Chill"],"campfire_rested":3,"item_purchase_floors":[3,10,31],"current_hp_per_floor":[67,67,67,59,59,24,24,24,24,24,12,12,12,12,32,11,68,56,56,56,25,25,25,10,3,3,3,23,14,5,5,25,0],"gold":46,"neow_bonus":"REMOVE_TWO","is_prod":false,"is_daily":false,"chose_seed":false,"campfire_upgraded":3,"win_rate":0,"timestamp":1538517634,"path_taken":["M","?","$","M","?","E","M","R","T","$","?","R","?","?","R","BOSS","M","?","$","M","?","R","M","M","T","?","R","?","M","$","R","BOSS"],"build_version":"2018-10-01","purchased_purges":1,"victory":false,"max_hp_per_floor":[68,68,68,68,68,68,68,68,68,68,68,68,68,68,68,68,68,68,68,68,68,68,68,68,68,68,68,68,68,68,68,68,68],"card_choices":[{"not_picked":["Capacitor","Stack","Hologram"],"picked":"SKIP","floor":1},{"not_picked":["Recycle","Go for the Eyes"],"picked":"Rebound","floor":4},{"not_picked":["Streamline","Hologram"],"picked":"Barrage","floor":6},{"not_picked":["Sweeping Beam","White Noise"],"picked":"Glacier","floor":7},{"not_picked":["Compile Driver","Go for the Eyes"],"picked":"Reboot","floor":11},{"not_picked":["Echo Form","Rainbow"],"picked":"Machine Learning","floor":16},{"not_picked":["FTL","Steam","Undo"],"picked":"SKIP","floor":18},{"not_picked":["White Noise","Genetic Algorithm"],"picked":"Barrage","floor":21},{"not_picked":["Skim","Gash","Double Energy"],"picked":"SKIP","floor":24},{"not_picked":["Gash","Streamline"],"picked":"Leap","floor":25},{"not_picked":["Conserve Battery","Streamline","All For One"],"picked":"SKIP","floor":30}],"player_experience":917321,"relics_obtained":[{"floor":6,"key":"Bag of Preparation"},{"floor":9,"key":"Ornamental Fan"},{"floor":26,"key":"Bottled Tornado"}],"event_choices":[{"event_name":"The Cleric","player_choice":"Card Removal","floor":2,"damage_taken":0},{"event_name":"Bonfire Elementals","player_choice":"BASIC","floor":5,"damage_taken":0},{"event_name":"Golden Wing","player_choice":"Ignored","floor":14,"damage_taken":0},{"event_name":"The Lab","player_choice":"Got Potions","floor":19,"damage_taken":0},{"event_name":"Golden Shrine","player_choice":"Pray","floor":22,"damage_taken":0},{"event_name":"Designer","player_choice":"Full Service","floor":27,"damage_taken":0},{"event_name":"Colosseum","player_choice":"Fight","floor":29,"damage_taken":0},{"event_name":"Colosseum","player_choice":"Fled From Nobs","floor":29,"damage_taken":0}],"is_beta":true,"boss_relics":[{"not_picked":["Calling Bell","Busted Crown"],"picked":"Inserter"}],"items_purged_floors":[20],"is_endless":false,"potions_floor_spawned":[1,11,16,24,29,30],"killed_by":"Automaton","ascension_level":4}