{"gold_per_floor":[111,61,61,61,136,136,136,170,170,205,205,205,221,235,235,328,328,348,38,38,38,51,51,82,82,82,82,95,95,128,28,28,122,122,147,171,192,102,116,155,169,207,234,234,33,33,76,89,89,89,89,89,9,49,49],"floor_reached":56,"playtime":5545,"items_purged":["Strike_R","Strike_R","Shame"],"score":2030,"play_id":"c3869acf-823c-4d99-b52e-5d14995036fe","local_time":"20190820134040","is_ascension_mode":true,"campfire_choices":[{"data":"Juggernaut","floor":6,"key":"SMITH"},{"data":"Searing Blow","floor":12,"key":"SMITH"},{"data":"Searing Blow+1","floor":15,"key":"SMITH"},{"data":"Searing Blow+2","floor":23,"key":"SMITH"},{"data":"Searing Blow+3","floor":25,"key":"SMITH"},{"data":"Searing Blow+4","floor":27,"key":"SMITH"},{"data":"Searing Blow+5","floor":29,"key":"SMITH"},{"data":"Searing Blow+6","floor":32,"key":"SMITH"},{"data":"Searing Blow+7","floor":44,"key":"SMITH"},{"data":"Searing Blow+8","floor":46,"key":"SMITH"},{"floor":49,"key":"RECALL"},{"data":"Searing Blow+9","floor":52,"key":"SMITH"}],"neow_cost":"NONE","seed_source_timestamp":524544296859294,"circlet_count":0,"master_deck":["AscendersBane","Strike_R","Defend_R","Defend_R","Defend_R+1","Defend_R+1","Bash+1","Juggernaut+1","Reckless Charge","Anger","Searing Blow+10","Shrug It Off","Disarm+1","Double Tap","Corruption","Shrug It Off","Entrench","Metallicize","Evolve","Offering","Sword Boomerang+1","True Grit+1","Shockwave+1","Rage","Combust+1","Metallicize","Impervious","Twin Strike+1","Feel No Pain"],"special_seed":0,"relics":["Burning Blood","War Paint","Blood Vial","Paper Frog","Orichalcum","Golden Idol","Runic Pyramid","Bag of Preparation","Bronze Scales","Enchiridion","Self Forming Clay","Shuriken","Potion Belt","Sozu","Letter Opener","Mummified Hand","Red Skull","Happy Flower"],"potions_floor_usage":[24,30,30],"damage_taken":[{"damage":8,"enemies":"Jaw Worm","floor":1,"turns":4},{"damage":35,"enemies":"3 Sentries","floor":8,"turns":10},{"damage":27,"enemies":"Lagavulin","floor":10,"turns":6},{"damage":0,"enemies":"2 Louse","floor":13,"turns":2},{"damage":0,"enemies":"Small Slimes","floor":14,"turns":3},{"damage":24,"enemies":"The Guardian","floor":16,"turns":12},{"damage":1,"enemies":"3 Byrds","floor":18,"turns":6},{"damage":2,"enemies":"Spheric Guardian","floor":22,"turns":3},{"damage":25,"enemies":"Book of Stabbing","floor":24,"turns":4},{"damage":0,"enemies":"Snake Plant","floor":28,"turns":2},{"damage":0,"enemies":"Gremlin Leader","floor":30,"turns":2},{"damage":10,"enemies":"Champ","floor":33,"turns":7},{"damage":12,"enemies":"3 Darklings","floor":35,"turns":4},{"damage":6,"enemies":"Orb Walker","floor":36,"turns":3},{"damage":8,"enemies":"Spire Growth","floor":37,"turns":4},{"damage":9,"enemies":"Writhing Mass","floor":39,"turns":3},{"damage":23,"enemies":"Reptomancer","floor":40,"turns":5},{"damage":9,"enemies":"Transient","floor":41,"turns":5},{"damage":12,"enemies":"Nemesis","floor":42,"turns":3},{"damage":8,"enemies":"Giant Head","floor":47,"turns":5},{"damage":3,"enemies":"3 Darklings","floor":48,"turns":3},{"damage":12,"enemies":"Time Eater","floor":50,"turns":6},{"damage":17,"enemies":"Shield and Spear","floor":54,"turns":5},{"damage":47,"enemies":"The Heart","floor":55,"turns":7}],"seed_played":"-1798726101234227131","potions_obtained":[{"floor":10,"key":"GamblersBrew"},{"floor":13,"key":"Fire Potion"},{"floor":14,"key":"SkillPotion"},{"floor":18,"key":"FearPotion"},{"floor":24,"key":"Explosive Potion"},{"floor":28,"key":"Energy Potion"}],"is_trial":false,"path_per_floor":["M","?","?","?","?","R","?","E","T","E","?","R","M","M","R","B",null,"M","$","?","?","M","R","E","R","T","R","M","R","E","$","R","B",null,"M","M","M","?","M","E","M","E","T","R","$","R","E","M","R","B",null,"R","$","E","B",null],"character_chosen":"IRONCLAD","items_purchased":["Corruption","Bag of Preparation","Metallicize","Feel No Pain"],"campfire_rested":0,"item_purchase_floors":[19,19,45,53],"current_hp_per_floor":[70,70,70,70,59,59,59,30,30,11,11,11,19,27,27,11,58,65,65,65,49,55,55,38,38,38,38,46,46,54,54,54,52,69,65,67,67,67,66,51,50,46,46,46,46,46,46,51,51,47,67,67,67,58,19],"gold":49,"neow_bonus":"ONE_RANDOM_RARE_CARD","is_prod":false,"is_daily":false,"chose_seed":false,"campfire_upgraded":11,"win_rate":0,"timestamp":1566333640,"path_taken":["M","?","?","?","?","R","?","E","T","E","?","R","M","M","R","BOSS","M","$","?","?","M","R","E","R","T","R","M","R","E","?","R","BOSS","M","M","M","?","?","E","M","E","T","R","$","R","E","M","R","BOSS","R","$","E","BOSS"],"build_version":"2019-07-17","purchased_purges":3,"victory":true,"max_hp_per_floor":[80,80,80,80,80,80,80,80,80,80,74,74,74,74,74,74,74,74,74,74,74,74,74,74,74,74,74,74,74,74,74,74,74,74,74,74,74,74,74,74,74,74,74,74,74,74,74,74,74,74,74,74,74,74,74],"card_choices":[{"not_picked":["Headbutt","Body Slam"],"picked":"Reckless Charge","floor":1},{"not_picked":["Sword Boomerang","Blood for Blood"],"picked":"Anger","floor":8},{"not_picked":["Sword Boomerang","Hemokinesis"],"picked":"Searing Blow","floor":10},{"not_picked":["Sentinel","Sever Soul"],"picked":"Shrug It Off","floor":13},{"not_picked":["Limit Break","Rupture"],"picked":"Disarm","floor":14},{"not_picked":["Reaper","Feed"],"picked":"Double Tap","floor":16},{"not_picked":["Infernal Blade","Second Wind","Warcry"],"picked":"SKIP","floor":18},{"not_picked":["Cleave+1","Entrench"],"picked":"Shrug It Off","floor":22},{"not_picked":["Twin Strike+1","Sword Boomerang"],"picked":"Entrench","floor":24},{"not_picked":["Brutality","Perfected Strike"],"picked":"Metallicize","floor":28},{"not_picked":["Pummel","Iron Wave"],"picked":"Evolve","floor":30},{"not_picked":["Bludgeon","Demon Form"],"picked":"Offering","floor":33},{"not_picked":["Sever Soul","Dropkick"],"picked":"Sword Boomerang+1","floor":35},{"not_picked":["Reckless Charge+1","Shrug It Off"],"picked":"True Grit+1","floor":36},{"not_picked":["Clothesline","Corruption","Perfected Strike+1"],"picked":"SKIP","floor":37},{"not_picked":["Wild Strike","Hemokinesis"],"picked":"Shockwave+1","floor":39},{"not_picked":["Fire Breathing","Evolve+1","Pommel Strike"],"picked":"SKIP","floor":40},{"not_picked":["Thunderclap+1","Searing Blow"],"picked":"Rage","floor":41},{"not_picked":["Twin Strike","Pommel Strike"],"picked":"Combust+1","floor":42},{"not_picked":["Anger","Sword Boomerang"],"picked":"Impervious","floor":47},{"not_picked":["Blood for Blood","Hemokinesis"],"picked":"Twin Strike+1","floor":48},{"not_picked":["Clash","Second Wind+1","Corruption"],"picked":"SKIP","floor":54}],"player_experience":705449,"relics_obtained":[{"floor":8,"key":"Blood Vial"},{"floor":9,"key":"Paper Frog"},{"floor":10,"key":"Orichalcum"},{"floor":21,"key":"Enchiridion"},{"floor":24,"key":"Self Forming Clay"},{"floor":26,"key":"Shuriken"},{"floor":30,"key":"Potion Belt"},{"floor":40,"key":"Letter Opener"},{"floor":42,"key":"Mummified Hand"},{"floor":47,"key":"Red Skull"},{"floor":54,"key":"Happy Flower"}],"event_choices":[{"cards_removed":["Strike_R"],"damage_healed":0,"gold_gain":0,"player_choice":"Card Removal","damage_taken":0,"max_hp_gain":0,"max_hp_loss":0,"event_name":"The Cleric","floor":2,"gold_loss":50},{"damage_healed":0,"gold_gain":0,"player_choice":"Grow","damage_taken":0,"max_hp_gain":0,"max_hp_loss":0,"event_name":"Living Wall","floor":3,"gold_loss":0,"cards_upgraded":["Bash"]},{"damage_healed":0,"gold_gain":0,"player_choice":"Ignored","damage_taken":0,"max_hp_gain":0,"max_hp_loss":0,"event_name":"Liars Game","floor":4,"gold_loss":0},{"damage_healed":0,"gold_gain":75,"player_choice":"Gather Gold","damage_taken":11,"max_hp_gain":0,"max_hp_loss":0,"event_name":"World of Goop","floor":5,"gold_loss":0},{"damage_healed":0,"gold_gain":0,"player_choice":"Searched \u00271\u0027 times","damage_taken":0,"relics_obtained":["War Paint"],"max_hp_gain":0,"max_hp_loss":0,"event_name":"Dead Adventurer","floor":7,"gold_loss":0},{"damage_healed":0,"gold_gain":0,"player_choice":"Lose Max HP","damage_taken":0,"relics_obtained":["Golden Idol"],"max_hp_gain":0,"max_hp_loss":6,"event_name":"Golden Idol","floor":11,"gold_loss":0},{"damage_healed":0,"gold_gain":0,"player_choice":"Stole Relic","damage_taken":0,"relics_obtained":["Bronze Scales"],"max_hp_gain":0,"max_hp_loss":0,"event_name":"Addict","floor":20,"gold_loss":0,"cards_obtained":["Shame"]},{"damage_healed":0,"gold_gain":0,"player_choice":"Obtained Book","damage_taken":16,"max_hp_gain":0,"max_hp_loss":0,"event_name":"Cursed Tome","floor":21,"gold_loss":0},{"cards_removed":["Strike_R"],"damage_healed":0,"gold_gain":0,"player_choice":"Upgrade and Remove","damage_taken":0,"max_hp_gain":0,"max_hp_loss":0,"event_name":"Designer","floor":38,"gold_loss":90,"cards_upgraded":["Disarm"]}],"is_beta":false,"boss_relics":[{"not_picked":["Calling Bell","Cursed Key"],"picked":"Runic Pyramid"},{"not_picked":["Eternal Feather","Lizard Tail"],"picked":"Sozu"}],"items_purged_floors":[19,31,45],"is_endless":false,"potions_floor_spawned":[10,13,14,18,24,28,35,39,41,48,54],"ascension_level":13}