{"gold_per_floor":[110,185,185,198,210,239,0,28,103,134,134,134,154,186,186,288,288,278,238,45,65,82,109,128,128,128,162,180,191,210,17,17,17],"floor_reached":33,"playtime":1775,"items_purged":[],"score":383,"play_id":"23a8f403-8446-4783-8c22-f4d39a5f810b","local_time":"20190916135932","is_ascension_mode":true,"campfire_choices":[{"floor":12,"key":"REST"},{"floor":15,"key":"REST"},{"floor":25,"key":"REST"},{"floor":32,"key":"REST"}],"neow_cost":"NONE","seed_source_timestamp":33743002144000,"circlet_count":0,"master_deck":["Strike_R","Strike_R+1","Strike_R","Strike_R+1","Strike_R","Defend_R+1","Defend_R","Defend_R","Defend_R+1","Bash+1","Shrug It Off","Shrug It Off"],"relics":["Burning Blood","Nunchaku","Sundial","Bronze Scales","Matryoshka","Whetstone","Singing Bowl","Busted Crown","Lantern","Ginger","PreservedInsect","Strawberry","Dead Branch","Toolbox"],"potions_floor_usage":[6,10,16,23,29,33,33],"damage_taken":[{"damage":5,"enemies":"2 Louse","floor":1,"turns":3},{"damage":3,"enemies":"Jaw Worm","floor":4,"turns":4},{"damage":3,"enemies":"Small Slimes","floor":5,"turns":4},{"damage":19,"enemies":"Gremlin Nob","floor":6,"turns":5},{"damage":35,"enemies":"3 Sentries","floor":8,"turns":16},{"damage":10,"enemies":"Gremlin Nob","floor":10,"turns":5},{"damage":13,"enemies":"Exordium Thugs","floor":13,"turns":5},{"damage":23,"enemies":"Lagavulin","floor":14,"turns":6},{"damage":50,"enemies":"Hexaghost","floor":16,"turns":9},{"damage":20,"enemies":"2 Thieves","floor":18,"turns":4},{"damage":4,"enemies":"Shell Parasite","floor":21,"turns":5},{"damage":0,"enemies":"Snecko","floor":22,"turns":5},{"damage":63,"enemies":"Gremlin Leader","floor":23,"turns":5},{"damage":6,"enemies":"3 Cultists","floor":24,"turns":6},{"damage":22,"enemies":"Book of Stabbing","floor":27,"turns":5},{"damage":5,"enemies":"Shelled Parasite and Fungi","floor":28,"turns":8},{"damage":15,"enemies":"Cultist and Chosen","floor":29,"turns":6},{"damage":14,"enemies":"Centurion and Healer","floor":30,"turns":7},{"damage":135,"enemies":"Champ","floor":33,"turns":12}],"seed_played":"-6354851250926731323","potions_obtained":[{"floor":4,"key":"Block Potion"},{"floor":8,"key":"Block Potion"},{"floor":14,"key":"Strength Potion"},{"floor":23,"key":"Fruit Juice"},{"floor":27,"key":"BloodPotion"},{"floor":28,"key":"Block Potion"},{"floor":30,"key":"Dexterity Potion"}],"is_trial":false,"path_per_floor":["M","?","?","M","M","E","$","E","T","E","?","R","M","E","R","B",null,"M","?","$","M","M","E","M","R","T","E","M","M","M","$","R","B"],"character_chosen":"IRONCLAD","items_purchased":["Sundial","Lantern","Shrug It Off","Toolbox"],"campfire_rested":4,"item_purchase_floors":[7,20,20,31],"current_hp_per_floor":[88,77,77,80,83,70,70,41,41,37,37,63,56,41,68,26,92,80,80,80,84,92,42,44,76,83,69,72,65,59,59,95,0],"gold":17,"neow_bonus":"TEN_PERCENT_HP_BONUS","is_prod":false,"is_daily":false,"chose_seed":false,"campfire_upgraded":0,"win_rate":0,"timestamp":1568656772,"path_taken":["M","?","?","M","M","E","?","E","T","E","?","R","M","E","R","BOSS","M","?","?","M","M","E","M","R","T","E","M","M","M","$","R","BOSS"],"build_version":"2019-07-17","purchased_purges":0,"victory":false,"max_hp_per_floor":[88,88,88,88,88,88,88,88,88,88,88,88,88,90,90,92,92,94,94,94,96,98,105,107,107,114,116,118,120,122,122,122,122],"card_choices":[{"not_picked":["Heavy Blade","Clothesline","True Grit"],"picked":"SKIP","floor":1},{"not_picked":["Sword Boomerang","Anger","Searing Blow"],"picked":"SKIP","floor":4},{"not_picked":["Havoc","Blood for Blood"],"picked":"Shrug It Off","floor":5},{"not_picked":["Sever Soul","Battle Trance","Warcry"],"picked":"SKIP","floor":6},{"not_picked":["Cleave","Pommel Strike","Thunderclap"],"picked":"SKIP","floor":8},{"not_picked":["Spot Weakness","Juggernaut","Anger"],"picked":"SKIP","floor":10},{"not_picked":["Havoc","Armaments","True Grit"],"picked":"SKIP","floor":13},{"not_picked":["Havoc","Disarm","Burning Pact"],"picked":"Singing Bowl","floor":14},{"not_picked":["Reaper","Demon Form","Juggernaut"],"picked":"Singing Bowl","floor":16},{"not_picked":["Battle Trance"],"picked":"Singing Bowl","floor":18},{"not_picked":["Thunderclap"],"picked":"Singing Bowl","floor":21},{"not_picked":["Pommel Strike"],"picked":"Singing Bowl","floor":22},{"not_picked":["Havoc+1"],"picked":"Singing Bowl","floor":23},{"not_picked":["Cleave"],"picked":"Singing Bowl","floor":24},{"not_picked":["Heavy Blade"],"picked":"Singing Bowl","floor":27},{"not_picked":["Battle Trance"],"picked":"Singing Bowl","floor":28},{"not_picked":["Wild Strike"],"picked":"Singing Bowl","floor":29},{"not_picked":["Cleave+1"],"picked":"Singing Bowl","floor":30}],"player_experience":532803,"relics_obtained":[{"floor":6,"key":"Nunchaku"},{"floor":8,"key":"Bronze Scales"},{"floor":9,"key":"Matryoshka"},{"floor":10,"key":"Whetstone"},{"floor":14,"key":"Singing Bowl"},{"floor":23,"key":"Ginger"},{"floor":26,"key":"PreservedInsect"},{"floor":26,"key":"Strawberry"},{"floor":27,"key":"Dead Branch"}],"event_choices":[{"damage_healed":0,"gold_gain":75,"player_choice":"Gather Gold","damage_taken":11,"max_hp_gain":0,"max_hp_loss":0,"event_name":"World of Goop","floor":2,"gold_loss":0},{"damage_healed":0,"gold_gain":0,"player_choice":"Grow","damage_taken":0,"max_hp_gain":0,"max_hp_loss":0,"event_name":"Living Wall","floor":3,"gold_loss":0,"cards_upgraded":["Bash"]},{"damage_healed":0,"gold_gain":0,"player_choice":"0 cards matched","damage_taken":0,"max_hp_gain":0,"max_hp_loss":0,"event_name":"Match and Keep!","floor":11,"gold_loss":0,"cards_obtained":[]},{"damage_healed":0,"gold_gain":0,"player_choice":"Upgraded Two","damage_taken":0,"max_hp_gain":0,"max_hp_loss":0,"event_name":"Designer","floor":19,"gold_loss":40,"cards_upgraded":["Defend_R","Defend_R"]}],"is_beta":false,"boss_relics":[{"not_picked":["Fusion Hammer","Lizard Tail"],"picked":"Busted Crown"}],"items_purged_floors":[],"is_endless":false,"potions_floor_spawned":[4,8,14,23,27,28,30],"killed_by":"Champ","ascension_level":1}