{"path_per_floor":["M","?","M","M","$","R","?","R","T","M","?","T","M","E","R","B",null,"M","M","?","?","$","E","R","E","T","?","E","M","$","M","R"],"character_chosen":"THE_SILENT","items_purchased":["Snake Skull","Deadly Poison","Footwork","Medical Kit","Bouncing Flask","Deep Breath","Lantern","Footwork"],"gold_per_floor":[368,318,331,344,19,19,19,19,19,38,62,62,73,104,104,208,208,220,239,239,489,63,91,91,118,196,196,231,242,47,66,66,66],"floor_reached":33,"campfire_rested":0,"playtime":2858,"current_hp_per_floor":[62,62,62,62,62,62,67,67,67,65,65,65,65,58,58,55,65,58,58,58,58,58,45,45,37,37,37,22,34,34,36,36,0],"items_purged":["Strike_G","Regret"],"gold":66,"score":419,"play_id":"6e9476fe-195f-4972-a551-3fd2362b20db","local_time":"20180416125040","is_prod":false,"is_daily":false,"chose_seed":false,"is_ascension_mode":true,"campfire_upgraded":5,"timestamp":1523908240,"path_taken":["M","?","M","?","$","R","?","R","T","?","?","?","M","E","R","BOSS","M","M","?","?","$","E","R","E","T","?","E","?","$","M","R","BOSS"],"build_version":"2018-04-12","seed_source_timestamp":139382670518173,"purchased_purges":2,"victory":false,"master_deck":["Defend_G+1","Defend_G+1","Defend_G+1","Defend_G+1","Defend_G+1","Survivor","Neutralize+1","Dodge and Roll+1","Deadly Poison","Dagger Spray","Deadly Poison","Footwork+1","PiercingWail","Catalyst","Adrenaline","A Thousand Cuts","Finisher+1","Slice+1","Flying Knee+1","Noxious Fumes+1","Escape Plan","Bouncing Flask","Deep Breath+1","Deflect","Malaise","Cloak And Dagger","Footwork","Footwork+1"],"max_hp_per_floor":[63,63,63,63,63,63,68,68,68,68,68,68,68,68,68,68,68,68,68,68,68,68,68,68,68,68,68,68,68,68,68,68,68],"relics":["Ring of the Snake","Snake Skull","Bottled Tornado","Odd Mushroom","Ninja Scroll","Oddly Smooth Stone","Astrolabe","Meat on the Bone","Medical Kit","Peace Pipe","Question Card","Toolbox","Art of War","Lantern"],"card_choices":[{"not_picked":["Underhanded Strike","PiercingWail"],"picked":"Dodge and Roll","floor":1},{"not_picked":["Riddle With Holes","Cloak And Dagger"],"picked":"Deadly Poison","floor":3},{"not_picked":["Backflip","Malaise"],"picked":"Dagger Spray","floor":4},{"not_picked":["Skewer","Poisoned Stab"],"picked":"PiercingWail","floor":10},{"not_picked":["Cloak And Dagger","Slice"],"picked":"Catalyst","floor":13},{"not_picked":["Sucker Punch","Dagger Spray"],"picked":"Adrenaline","floor":14},{"not_picked":["Doppelganger","Grand Finale"],"picked":"A Thousand Cuts","floor":16},{"not_picked":["Infinite Blades","Slice"],"picked":"Noxious Fumes","floor":18},{"not_picked":["Riddle With Holes","PiercingWail"],"picked":"Escape Plan","floor":19},{"not_picked":["Calculated Gamble","Skewer"],"picked":"Deflect","floor":23},{"not_picked":["Acrobatics","Poisoned Stab","Deadly Poison"],"picked":"Malaise","floor":28},{"not_picked":["Dagger Spray","Die Die Die","Poisoned Stab"],"picked":"Cloak And Dagger","floor":29},{"not_picked":["Eviscerate","Flechettes","Slice"],"picked":"Footwork","floor":31}],"player_experience":326179,"potions_floor_usage":[25,28,33,33,33],"damage_taken":[{"damage":1,"enemies":"Jaw Worm","floor":1,"turns":3},{"damage":0,"enemies":"Small Slimes","floor":3,"turns":5},{"damage":0,"enemies":"Cultist","floor":4,"turns":4},{"damage":2,"enemies":"3 Louse","floor":10,"turns":4},{"damage":0,"enemies":"The Mushroom Lair","floor":11,"turns":4},{"damage":0,"enemies":"Looter","floor":13,"turns":4},{"damage":7,"enemies":"Gremlin Nob","floor":14,"turns":4},{"damage":3,"enemies":"Hexaghost","floor":16,"turns":9},{"damage":7,"enemies":"Spheric Guardian","floor":18,"turns":4},{"damage":0,"enemies":"3 Byrds","floor":19,"turns":4},{"damage":13,"enemies":"Gremlin Leader","floor":23,"turns":6},{"damage":8,"enemies":"Book of Stabbing","floor":25,"turns":5},{"damage":27,"enemies":"Slavers","floor":28,"turns":7},{"damage":0,"enemies":"Centurion and Healer","floor":29,"turns":7},{"damage":10,"enemies":"3 Cultists","floor":31,"turns":5},{"damage":42,"enemies":"Automaton","floor":33,"turns":6}],"event_choices":[{"event_name":"The Cleric","player_choice":"Card Removal","floor":2,"damage_taken":0},{"event_name":"Big Fish","player_choice":"Donut","floor":7,"damage_taken":0},{"event_name":"Mushrooms","player_choice":"Fought Mushrooms","floor":11,"damage_taken":0},{"event_name":"The Mausoleum","player_choice":"Yes","floor":20,"damage_taken":0},{"event_name":"Golden Shrine","player_choice":"Desecrate","floor":21,"damage_taken":0},{"event_name":"Back to Basics","player_choice":"Simplicity","floor":27,"damage_taken":0}],"boss_relics":[{"not_picked":["Cursed Key","Sozu"],"picked":"Astrolabe"}],"potions_floor_spawned":[13,14,23,29,31],"seed_played":"6612703721731976786","killed_by":"Automaton","ascension_level":6,"is_trial":false}