{"gold_per_floor":[119,135,135,149,99,99,132,57,57,74,92,92,109,119,119,222,222,241,201,201,216,216,216,216,216,242,242,242],"floor_reached":28,"playtime":770,"items_purged":["Strike_R"],"score":316,"play_id":"56974089-d450-4b8b-814e-3571529cf68e","local_time":"20181010193615","is_ascension_mode":true,"campfire_choices":[{"data":"Cleave","floor":6,"key":"SMITH"},{"data":"Uppercut","floor":12,"key":"SMITH"},{"floor":15,"key":"REST"},{"data":"Anger","floor":23,"key":"SMITH"},{"data":"Shrug It Off","floor":25,"key":"SMITH"},{"data":"Heavy Blade","floor":27,"key":"SMITH"}],"neow_cost":"NONE","seed_source_timestamp":274393630479376,"circlet_count":0,"master_deck":["Defend_R","Defend_R","Defend_R","Bash","Thunderclap","Cleave+1","Headbutt","Reaper","Uppercut+1","Shrug It Off+1","Anger+1","Flame Barrier+1","Barricade+1","Demon Form+1","Hemokinesis+1","Shockwave+1","Metallicize+1","Heavy Blade+1"],"relics":["Burning Blood","Dodecahedron","Frozen Egg 2","Ornamental Fan","Astrolabe","Bag of Preparation"],"potions_floor_usage":[11,16,22,22,22],"damage_taken":[{"damage":11,"enemies":"Small Slimes","floor":1,"turns":5},{"damage":6,"enemies":"Jaw Worm","floor":2,"turns":5},{"damage":3,"enemies":"2 Louse","floor":4,"turns":2},{"damage":40,"enemies":"Lagavulin","floor":7,"turns":6},{"damage":15,"enemies":"Exordium Wildlife","floor":10,"turns":3},{"damage":5,"enemies":"Red Slaver","floor":11,"turns":2},{"damage":4,"enemies":"Blue Slaver","floor":13,"turns":4},{"damage":19,"enemies":"Large Slime","floor":14,"turns":4},{"damage":34,"enemies":"Hexaghost","floor":16,"turns":11},{"damage":21,"enemies":"Spheric Guardian","floor":18,"turns":6},{"damage":10,"enemies":"Chosen","floor":21,"turns":4},{"damage":30,"enemies":"Colosseum Slavers","floor":22,"turns":4},{"damage":35,"enemies":"Book of Stabbing","floor":28,"turns":4}],"seed_played":"4689254876496947045","potions_obtained":[{"floor":4,"key":"SpeedPotion"},{"floor":10,"key":"SteroidPotion"},{"floor":14,"key":"Swift Potion"},{"floor":16,"key":"SkillPotion"},{"floor":18,"key":"Energy Potion"}],"is_trial":false,"path_per_floor":["M","M","?","M","?","R","E","$","T","M","M","R","M","M","R","B",null,"M","?","?","M","?","R","?","R","T","R"],"character_chosen":"IRONCLAD","items_purchased":[],"campfire_rested":1,"item_purchase_floors":[],"current_hp_per_floor":[67,67,60,63,63,63,29,29,29,24,25,25,33,20,44,16,64,49,49,49,45,33,33,33,33,33,33,0],"gold":242,"neow_bonus":"REMOVE_CARD","is_prod":false,"is_daily":false,"chose_seed":false,"campfire_upgraded":5,"win_rate":0,"timestamp":1539214575,"path_taken":["M","M","?","M","?","R","E","?","T","M","M","R","M","?","R","BOSS","M","?","?","M","?","R","?","R","T","R","E"],"build_version":"2018-10-09","purchased_purges":1,"victory":false,"max_hp_per_floor":[80,80,80,80,80,80,80,80,80,80,80,80,80,80,80,80,80,80,80,80,80,80,80,80,80,80,80,80],"card_choices":[{"not_picked":["Headbutt","Clothesline"],"picked":"Thunderclap","floor":1},{"not_picked":["Armaments","Intimidate"],"picked":"Cleave","floor":2},{"not_picked":["Combust","Warcry"],"picked":"Headbutt","floor":4},{"not_picked":["Heavy Blade","Exhume"],"picked":"Reaper","floor":7},{"not_picked":["Havoc","Combust+1"],"picked":"Uppercut","floor":10},{"not_picked":["Body Slam","Clash"],"picked":"Shrug It Off","floor":11},{"not_picked":["Clash","Evolve+1"],"picked":"Anger","floor":13},{"not_picked":["Anger","Intimidate"],"picked":"Flame Barrier","floor":14},{"not_picked":["Exhume","Dark Embrace+1"],"picked":"Barricade+1","floor":16},{"not_picked":["Iron Wave+1","Bloodletting+1"],"picked":"Metallicize+1","floor":18},{"not_picked":["Pommel Strike","Perfected Strike"],"picked":"Heavy Blade","floor":21}],"player_experience":919758,"relics_obtained":[{"floor":7,"key":"Frozen Egg 2"},{"floor":9,"key":"Ornamental Fan"},{"floor":26,"key":"Bag of Preparation"}],"event_choices":[{"event_name":"Scrap Ooze","player_choice":"success","floor":3,"damage_taken":7},{"event_name":"The Cleric","player_choice":"Card Removal","floor":5,"damage_taken":0},{"event_name":"Designer","player_choice":"Upgrade Card","floor":19,"damage_taken":0},{"event_name":"Ghosts","player_choice":"Ignored","floor":20,"damage_taken":0},{"event_name":"Colosseum","player_choice":"Fight","floor":22,"damage_taken":0},{"event_name":"Colosseum","player_choice":"Fled From Nobs","floor":22,"damage_taken":0},{"event_name":"Beggar","player_choice":"Ignored","floor":24,"damage_taken":0}],"is_beta":true,"boss_relics":[{"not_picked":["Black Star","Tiny House"],"picked":"Astrolabe"}],"items_purged_floors":[8],"is_endless":false,"potions_floor_spawned":[4,10,14,16,18,22],"killed_by":"Book of Stabbing","ascension_level":9}