{"gold_per_floor":[119,119,137,137,234,261,261,221,221,221,235,247,247,265,265,369,369,382,61,71,0,0,0,35,35],"floor_reached":25,"playtime":675,"items_purged":["Strike_B"],"score":256,"play_id":"942b1477-bb52-41cc-94d0-c49b1c0b77c0","local_time":"20190426180102","is_ascension_mode":true,"campfire_choices":[{"data":"strawberrySpire:Gammacceleration","floor":7,"key":"SMITH"},{"data":"DiskWipe","floor":10,"key":"SMITH"},{"floor":13,"key":"REST"},{"data":"Glacier","floor":15,"key":"SMITH"},{"data":"Storm","floor":23,"key":"SMITH"}],"neow_cost":"NONE","seed_source_timestamp":347248103697136,"circlet_count":0,"master_deck":["Strike_B","Strike_B","Defend_B","Defend_B","Defend_B","Defend_B","Zap","Dualcast","DiskWipe+1","Chaos","FIFO Queue","strawberrySpire:Gammacceleration+1","Storm+1","Barrage+1","Loop","Glacier+1","Multi-Cast","Ball Lightning","Consume"],"relics":["Cracked Core","NeowsBlessing","hubris:Potato","hubris:CrystalStatue","aspiration:Stellarator","Replay:Lucky Slots","Blue Doll"],"potions_floor_usage":[16,25],"damage_taken":[{"damage":0,"enemies":"Cultist","floor":1,"turns":1},{"damage":0,"enemies":"Small Slimes","floor":3,"turns":1},{"damage":0,"enemies":"Gremlin Nob","floor":6,"turns":1},{"damage":21,"enemies":"infinitespire:Voidling","floor":11,"turns":3},{"damage":19,"enemies":"Large Slime","floor":12,"turns":4},{"damage":16,"enemies":"Blue Slaver","floor":14,"turns":4},{"damage":16,"enemies":"Slime Boss","floor":16,"turns":10},{"damage":6,"enemies":"Shell Parasite","floor":18,"turns":9},{"damage":11,"enemies":"Chosen","floor":20,"turns":7},{"damage":46,"enemies":"strawberrySpire:AncientClocktower","floor":24,"turns":9},{"damage":18,"enemies":"Snecko","floor":25,"turns":3}],"seed_played":"-5723093753135334437","potions_obtained":[{"floor":1,"key":"Poison Potion"},{"floor":3,"key":"SteroidPotion"},{"floor":12,"key":"SpeedPotion"},{"floor":18,"key":"SkillPotion"}],"is_trial":false,"path_per_floor":["M","?","M","?","?","E","R","$","T","R","M","M","R","M","R","B",null,"M","$","M","?","?","R","E","M"],"character_chosen":"DEFECT","items_purchased":["Barrage+1","Consume","Replay:Lucky Slots"],"campfire_rested":1,"item_purchase_floors":[8,19,19],"current_hp_per_floor":[75,75,75,68,50,50,50,50,50,50,29,10,32,22,22,11,75,69,69,58,58,58,58,12,0],"gold":35,"neow_bonus":"THREE_ENEMY_KILL","is_prod":false,"is_daily":false,"chose_seed":false,"campfire_upgraded":4,"win_rate":0,"timestamp":1556316062,"path_taken":["M","?","M","?","?","E","R","$","T","R","?","M","R","M","R","BOSS","M","$","M","?","?","R","E","M"],"build_version":"2019-01-23","purchased_purges":1,"victory":false,"max_hp_per_floor":[75,75,75,75,75,75,75,75,75,75,75,75,75,75,75,75,75,75,75,75,75,75,75,75,75],"card_choices":[{"not_picked":["Panic Button","strawberrySpire:DataDump"],"picked":"DiskWipe","floor":1},{"not_picked":["Streamline","strawberrySpire:Disconnect"],"picked":"Chaos","floor":3},{"not_picked":["Stack","Steam"],"picked":"FIFO Queue","floor":5},{"not_picked":["Chill","BasicCrystalCard"],"picked":"strawberrySpire:Gammacceleration","floor":5},{"not_picked":["Compile Driver","Aggregate"],"picked":"Storm","floor":6},{"not_picked":["strawberrySpire:Disconnect","Rebound"],"picked":"Loop","floor":11},{"not_picked":["Fusion","Rip and Tear","Beam Cell"],"picked":"SKIP","floor":12},{"not_picked":["Meteor Strike","Barrage"],"picked":"Glacier","floor":14},{"not_picked":["Reboot","hubris:Prefetch"],"picked":"Multi-Cast","floor":16},{"not_picked":["Rebound","BasicCrystalCard"],"picked":"Ball Lightning","floor":18},{"not_picked":["Crystallizer+1","strawberrySpire:THEL+1","Gash+1"],"picked":"SKIP","floor":20},{"not_picked":["Auto Shields","Melter","Hologram"],"picked":"SKIP","floor":24}],"player_experience":752343,"relics_obtained":[{"floor":6,"key":"hubris:Potato"},{"floor":9,"key":"hubris:CrystalStatue"},{"floor":24,"key":"Blue Doll"}],"event_choices":[{"damage_healed":0,"gold_gain":0,"player_choice":"Ignored","damage_taken":0,"max_hp_gain":0,"max_hp_loss":0,"event_name":"Liars Game","floor":2,"gold_loss":0},{"cards_removed":["Strike_B"],"damage_healed":0,"gold_gain":0,"player_choice":"Card Removal","damage_taken":7,"max_hp_gain":0,"max_hp_loss":0,"event_name":"Golden Wing","floor":4,"gold_loss":0},{"damage_healed":0,"gold_gain":0,"player_choice":"Paid Fearfully","damage_taken":0,"max_hp_gain":0,"max_hp_loss":0,"event_name":"Masked Bandits","floor":21,"gold_loss":71}],"is_beta":false,"boss_relics":[{"not_picked":["CosmicIsotope","conspire:RunicOctahedron"],"picked":"aspiration:Stellarator"}],"items_purged_floors":[19],"is_endless":false,"potions_floor_spawned":[1,3,12,18],"killed_by":"Snecko","ascension_level":1}