{"gold_per_floor":[15,15,33,33,52,52,84,49,73,99,99,99,164,214,214,316,316,326,326,326,342,0,0,35,35,59,84,103,29,58,69,69,167,167,179,179,228,255,255,283,298,298,322,357,368,368,49,66,66,66],"floor_reached":51,"playtime":6250,"items_purged":["Defend_R","Defend_R"],"score":1191,"play_id":"80ef1171-2e00-48ee-9ca2-28b57e00eccf","local_time":"20190202205250","is_ascension_mode":true,"campfire_choices":[{"data":"Uppercut","floor":6.0,"key":"SMITH"},{"floor":12.0,"key":"REST"},{"data":"True Grit","floor":15.0,"key":"SMITH"},{"data":"Feed","floor":23.0,"key":"SMITH"},{"data":"Blind","floor":25.0,"key":"SMITH"},{"data":"Rampage","floor":32,"key":"SMITH"},{"data":"Bash","floor":42,"key":"SMITH"},{"data":"Spot Weakness","floor":46,"key":"SMITH"},{"data":"Disarm","floor":49,"key":"SMITH"}],"neow_cost":"NO_GOLD","seed_source_timestamp":0,"circlet_count":0,"master_deck":["AscendersBane","Strike_R","Strike_R+1","Strike_R","Strike_R","Strike_R+1","Defend_R","Bash+1","Blind+1","Finesse","Disarm+1","Uppercut+1","Spot Weakness+1","Rampage+1","True Grit+1","Feed+1","Pommel Strike+1","Ghostly","Ghostly","Ghostly","Ghostly","Ghostly","Necronomicurse","Inflame","Headbutt+1","Fiend Fire","Infernal Blade+1","Madness","Madness","Shrug It Off+1","PanicButton"],"special_seed":0,"relics":["Burning Blood","Regal Pillow","PreservedInsect","StoneCalendar","Tiny Chest","Orichalcum","Busted Crown","Necronomicon","Membership Card","Du-Vu Doll","Omamori","Centennial Puzzle","Darkstone Periapt","Oddly Smooth Stone","Velvet Choker","Prayer Wheel","Ancient Tea Set","FaceOfCleric","Art of War","Anchor","Pocketwatch","Frozen Eye","Bottled Lightning"],"potions_floor_usage":[33,48,50,50],"damage_taken":[{"damage":9.0,"enemies":"Jaw Worm","floor":1.0,"turns":2.0},{"damage":5.0,"enemies":"Small Slimes","floor":3.0,"turns":3.0},{"damage":0.0,"enemies":"2 Louse","floor":5.0,"turns":3.0},{"damage":42.0,"enemies":"3 Sentries","floor":7.0,"turns":9.0},{"damage":23.0,"enemies":"Lagavulin","floor":10.0,"turns":5.0},{"damage":8.0,"enemies":"Gremlin Nob","floor":13.0,"turns":3.0},{"damage":23.0,"enemies":"Slime Boss","floor":16.0,"turns":9.0},{"damage":13.0,"enemies":"3 Byrds","floor":18.0,"turns":6.0},{"damage":0.0,"enemies":"Chosen","floor":21.0,"turns":4.0},{"damage":0.0,"enemies":"Book of Stabbing","floor":24.0,"turns":4.0},{"damage":1.0,"enemies":"Gremlin Leader","floor":27.0,"turns":7.0},{"damage":5.0,"enemies":"Centurion and Healer","floor":28.0,"turns":5.0},{"damage":10.0,"enemies":"Book of Stabbing","floor":30.0,"turns":7.0},{"damage":2.0,"enemies":"Cultist and Chosen","floor":31.0,"turns":6.0},{"damage":39,"enemies":"Automaton","floor":33,"turns":9},{"damage":0,"enemies":"3 Darklings","floor":35,"turns":6},{"damage":0,"enemies":"2 Orb Walkers","floor":37,"turns":4},{"damage":22,"enemies":"Giant Head","floor":40,"turns":7},{"damage":0,"enemies":"Orb Walker","floor":41,"turns":5},{"damage":0,"enemies":"Nemesis","floor":44,"turns":5},{"damage":4,"enemies":"Writhing Mass","floor":45,"turns":6},{"damage":6,"enemies":"4 Shapes","floor":48,"turns":7},{"damage":18,"enemies":"Time Eater","floor":50,"turns":10}],"seed_played":"-1409132002678987022","potions_obtained":[{"floor":3.0,"key":"Explosive Potion"},{"floor":5.0,"key":"Ancient Potion"},{"floor":13.0,"key":"Weak Potion"},{"floor":21.0,"key":"SpeedPotion"},{"floor":30.0,"key":"Fire Potion"},{"floor":33,"key":"Regen Potion"},{"floor":37,"key":"PowerPotion"}],"is_trial":false,"path_per_floor":["M","?","M","?","M","R","E","?","T","E","?","R","E","T","R","B",null,"M","?","?","M","$","R","E","R","T","E","M","$","E","M","R","B",null,"M","?","?","T","?","E","M","R","T","E","M","R","$","M","R","B",null],"character_chosen":"IRONCLAD","items_purchased":["Membership Card","Du-Vu Doll","Inflame","PanicButton","Frozen Eye","Bottled Lightning"],"campfire_rested":1,"item_purchase_floors":[22,22,29,47,47,47],"current_hp_per_floor":[69,53,54,47,53,53,17,37,37,20,20,59,57,57,57,40,70,66,41,25,34,34,34,40,40,40,48,52,52,48,56,56,27,52,62,54,64,64,64,53,60,60,60,67,74,74,74,79,79,83],"gold":66,"neow_bonus":"RANDOM_COLORLESS_2","is_prod":false,"is_daily":false,"chose_seed":false,"campfire_upgraded":8,"win_rate":0,"timestamp":1549169570,"path_taken":["M","?","M","?","?","R","E","?","T","E","?","R","E","?","R","BOSS","M","?","?","M","$","R","E","R","T","E","M","?","E","M","R","BOSS","M","?","?","?","?","E","M","R","T","E","?","R","$","M","R","BOSS"],"build_version":"2019-01-23","purchased_purges":2,"victory":true,"max_hp_per_floor":[80,80,80,80,80,80,80,80,80,80,80,80,80,80,80,80,80,83,41,41,44,44,44,44,44,44,48,52,52,52,56,56,60,60,64,64,68,68,68,73,74,74,74,75,80,80,80,85,85,86],"card_choices":[{"not_picked":["Heavy Blade","Clothesline"],"picked":"Disarm","floor":1.0},{"not_picked":["Body Slam","Evolve","Sword Boomerang"],"picked":"SKIP","floor":3.0},{"not_picked":["Flame Barrier","Anger"],"picked":"Uppercut","floor":5.0},{"not_picked":["Rupture","Carnage"],"picked":"Spot Weakness","floor":7.0},{"not_picked":["Double Tap","Perfected Strike"],"picked":"Rampage","floor":10.0},{"not_picked":["Heavy Blade","Perfected Strike"],"picked":"True Grit","floor":13.0},{"not_picked":["Demon Form","Brutality"],"picked":"Feed","floor":16.0},{"not_picked":[],"picked":"Pommel Strike+1","floor":18.0},{"not_picked":["Bloodletting"],"picked":"SKIP","floor":21.0},{"not_picked":["Warcry"],"picked":"SKIP","floor":24.0},{"not_picked":["Clash"],"picked":"SKIP","floor":27.0},{"not_picked":["Thunderclap"],"picked":"SKIP","floor":28.0},{"not_picked":["Heavy Blade"],"picked":"SKIP","floor":30.0},{"not_picked":[],"picked":"Headbutt+1","floor":31.0},{"not_picked":[],"picked":"Fiend Fire","floor":33},{"not_picked":[],"picked":"Infernal Blade+1","floor":35},{"not_picked":[],"picked":"Shrug It Off+1","floor":37},{"not_picked":["Flex"],"picked":"SKIP","floor":40},{"not_picked":["Body Slam+1"],"picked":"SKIP","floor":41},{"not_picked":["Havoc+1"],"picked":"SKIP","floor":41},{"not_picked":["Anger+1"],"picked":"SKIP","floor":44},{"not_picked":["Armaments"],"picked":"SKIP","floor":45},{"not_picked":["Clash+1"],"picked":"SKIP","floor":45},{"not_picked":["Clothesline"],"picked":"SKIP","floor":48},{"not_picked":["Searing Blow+1"],"picked":"SKIP","floor":48}],"player_experience":426574,"relics_obtained":[{"floor":7.0,"key":"Regal Pillow"},{"floor":9.0,"key":"PreservedInsect"},{"floor":10.0,"key":"StoneCalendar"},{"floor":13.0,"key":"Tiny Chest"},{"floor":14.0,"key":"Orichalcum"},{"floor":20.0,"key":"Necronomicon"},{"floor":24.0,"key":"Omamori"},{"floor":26.0,"key":"Centennial Puzzle"},{"floor":27.0,"key":"Darkstone Periapt"},{"floor":30.0,"key":"Oddly Smooth Stone"},{"floor":37,"key":"Prayer Wheel"},{"floor":38,"key":"Ancient Tea Set"},{"floor":40,"key":"Art of War"},{"floor":43,"key":"Anchor"},{"floor":44,"key":"Pocketwatch"}],"event_choices":[{"damage_healed":0.0,"max_hp_gain":0.0,"max_hp_loss":0.0,"gold_gain":0.0,"event_name":"Shining Light","player_choice":"Entered Light","floor":2.0,"gold_loss":0.0,"damage_taken":16.0,"cards_upgraded":["Strike_R","Strike_R"]},{"cards_removed":["Defend_R"],"damage_healed":0.0,"max_hp_gain":0.0,"max_hp_loss":0.0,"gold_gain":0.0,"event_name":"Golden Wing","player_choice":"Card Removal","floor":4.0,"gold_loss":0.0,"damage_taken":7.0},{"damage_healed":20.0,"max_hp_gain":0.0,"max_hp_loss":0.0,"gold_gain":0.0,"event_name":"The Cleric","player_choice":"Healed","floor":8.0,"gold_loss":35.0,"damage_taken":0.0},{"damage_healed":0.0,"max_hp_gain":0.0,"max_hp_loss":0.0,"gold_gain":0.0,"event_name":"Scrap Ooze","player_choice":"Fled","floor":11.0,"gold_loss":0.0,"damage_taken":0.0},{"damage_healed":0.0,"max_hp_gain":0.0,"max_hp_loss":42.0,"gold_gain":0.0,"event_name":"Ghosts","player_choice":"Became a Ghost","floor":19.0,"gold_loss":0.0,"damage_taken":0.0,"cards_obtained":["Ghostly","Ghostly","Ghostly","Ghostly","Ghostly"]},{"damage_healed":0.0,"max_hp_gain":0.0,"max_hp_loss":0.0,"gold_gain":0.0,"event_name":"Cursed Tome","player_choice":"Obtained Book","floor":20.0,"gold_loss":0.0,"damage_taken":16.0},{"damage_healed":0,"gold_gain":0,"player_choice":"Embrace Madness","damage_taken":8,"max_hp_gain":0,"max_hp_loss":0,"event_name":"Winding Halls","floor":36,"gold_loss":0,"cards_obtained":["Madness","Madness"]},{"damage_healed":0,"gold_gain":0,"player_choice":"Fight","damage_taken":0,"max_hp_gain":0,"max_hp_loss":0,"event_name":"Mysterious Sphere","floor":37,"gold_loss":0},{"damage_healed":0,"gold_gain":0,"player_choice":"Trade","damage_taken":0,"relics_obtained":["FaceOfCleric"],"max_hp_gain":0,"max_hp_loss":0,"event_name":"FaceTrader","floor":39,"gold_loss":0}],"is_beta":false,"boss_relics":[{"not_picked":["White Beast Statue","Orrery"],"picked":"Busted Crown"},{"not_picked":["Black Star","Lizard Tail"],"picked":"Velvet Choker"}],"items_purged_floors":[29,47],"is_endless":false,"potions_floor_spawned":[3,5,13,21,27,30,33,37,40],"ascension_level":10}