{"gold_per_floor":[116,126,126,142,161,194,194,208,208,241,241,301,301,320,320,418,418,434,25,37,37,37,37,68,68,68,68,0,26,42,59,59,59],"floor_reached":33,"playtime":2379,"items_purged":[],"score":379,"play_id":"1a5386f9-9e08-4976-8340-181150212dc2","local_time":"20190911202359","is_ascension_mode":true,"campfire_choices":[{"data":"Rampage","floor":7,"key":"SMITH"},{"floor":13,"key":"REST"},{"data":"Double Tap","floor":15,"key":"SMITH"},{"floor":23,"key":"REST"},{"floor":25,"key":"REST"},{"floor":32,"key":"REST"}],"neow_cost":"NONE","seed_source_timestamp":2216209372667300,"circlet_count":0,"master_deck":["Strike_R","Strike_R","Strike_R","Strike_R","Strike_R","Defend_R","Defend_R+1","Defend_R","Defend_R+1","Bash","Cleave","Pummel","Iron Wave","Rampage+1","Sever Soul","Double Tap+1","Flex","Parasite","Flex","Armaments","Fiend Fire","Flex","Spot Weakness","RitualDagger","Dropkick+1","Spot Weakness","Metallicize","Flex","Flex","Pommel Strike+1"],"relics":["Burning Blood","War Paint","Darkstone Periapt","Vajra","Ancient Tea Set","Pantograph","Fusion Hammer","Blue Candle","Anchor","Magic Flower","Mummified Hand","Potion Belt","Art of War"],"potions_floor_usage":[3,5,10,10,16,16,20,29,29,30],"damage_taken":[{"damage":0,"enemies":"2 Louse","floor":1,"turns":4},{"damage":3,"enemies":"Cultist","floor":2,"turns":4},{"damage":0,"enemies":"Jaw Worm","floor":4,"turns":4},{"damage":3,"enemies":"Blue Slaver","floor":5,"turns":6},{"damage":41,"enemies":"Lagavulin","floor":6,"turns":10},{"damage":16,"enemies":"3 Louse","floor":8,"turns":2},{"damage":11,"enemies":"Gremlin Nob","floor":10,"turns":3},{"damage":19,"enemies":"3 Sentries","floor":12,"turns":6},{"damage":26,"enemies":"Exordium Thugs","floor":14,"turns":3},{"damage":29,"enemies":"Slime Boss","floor":16,"turns":10},{"damage":6,"enemies":"Spheric Guardian","floor":18,"turns":3},{"damage":1,"enemies":"Chosen","floor":20,"turns":3},{"damage":25,"enemies":"Gremlin Leader","floor":24,"turns":5},{"damage":34,"enemies":"Slavers","floor":29,"turns":5},{"damage":11,"enemies":"Centurion and Healer","floor":30,"turns":6},{"damage":49,"enemies":"Chosen and Byrds","floor":31,"turns":7},{"damage":95,"enemies":"Collector","floor":33,"turns":5}],"seed_played":"-439200169886419766","potions_obtained":[{"floor":3,"key":"SpeedPotion"},{"floor":3,"key":"Fruit Juice"},{"floor":3,"key":"Ancient Potion"},{"floor":4,"key":"Poison Potion"},{"floor":6,"key":"Poison Potion"},{"floor":12,"key":"Dexterity Potion"},{"floor":14,"key":"Explosive Potion"},{"floor":18,"key":"Swift Potion"},{"floor":24,"key":"EssenceOfSteel"},{"floor":29,"key":"AttackPotion"}],"is_trial":false,"path_per_floor":["M","M","?","M","M","E","R","M","T","E","?","?","R","M","R","B",null,"M","$","M","?","T","R","E","R","T","?","$","E","M","M","R","B"],"character_chosen":"IRONCLAD","items_purchased":["Blue Candle","Anchor","Metallicize"],"campfire_rested":4,"item_purchase_floors":[19,19,28],"current_hp_per_floor":[80,80,85,85,85,50,50,40,40,35,62,49,76,56,56,58,91,91,91,91,85,85,91,75,91,91,91,91,66,64,24,51,0],"gold":59,"neow_bonus":"RANDOM_COMMON_RELIC","is_prod":false,"is_daily":false,"chose_seed":false,"campfire_upgraded":2,"win_rate":0,"timestamp":1568247839,"path_taken":["M","M","?","M","?","E","R","M","T","E","?","?","R","M","R","BOSS","M","$","M","?","?","R","E","R","T","?","?","E","M","M","R","BOSS"],"build_version":"2019-07-17","purchased_purges":0,"victory":false,"max_hp_per_floor":[80,80,85,85,85,85,85,85,85,85,91,91,91,91,91,91,91,91,91,91,91,91,91,91,91,91,91,91,91,91,91,91,91],"card_choices":[{"not_picked":["Twin Strike","Clothesline"],"picked":"Cleave","floor":1},{"not_picked":["Evolve","Warcry"],"picked":"Pummel","floor":2},{"not_picked":["Shrug It Off","Evolve"],"picked":"Iron Wave","floor":4},{"not_picked":["Rage","Pommel Strike"],"picked":"Rampage","floor":5},{"not_picked":["Metallicize","Iron Wave"],"picked":"Sever Soul","floor":6},{"not_picked":["Havoc","Metallicize"],"picked":"Double Tap","floor":8},{"not_picked":["Iron Wave","Dropkick"],"picked":"Flex","floor":10},{"not_picked":["Twin Strike","Power Through"],"picked":"Flex","floor":12},{"not_picked":["Sword Boomerang","Warcry"],"picked":"Armaments","floor":14},{"not_picked":["Berserk","Offering"],"picked":"Fiend Fire","floor":16},{"not_picked":["Clash","Dual Wield"],"picked":"Flex","floor":18},{"not_picked":["Warcry","Twin Strike+1"],"picked":"Spot Weakness","floor":20},{"not_picked":["Clothesline","Bludgeon"],"picked":"Dropkick+1","floor":24},{"not_picked":["Seeing Red","Cleave"],"picked":"Flex","floor":29},{"not_picked":["Perfected Strike","Warcry"],"picked":"Flex","floor":30},{"not_picked":["Twin Strike","Clash"],"picked":"Pommel Strike+1","floor":31}],"player_experience":367508,"relics_obtained":[{"floor":6,"key":"Darkstone Periapt"},{"floor":9,"key":"Vajra"},{"floor":10,"key":"Ancient Tea Set"},{"floor":22,"key":"Magic Flower"},{"floor":24,"key":"Mummified Hand"},{"floor":26,"key":"Potion Belt"},{"floor":29,"key":"Art of War"}],"event_choices":[{"damage_healed":0,"gold_gain":0,"player_choice":"Got Potions","damage_taken":0,"max_hp_gain":0,"max_hp_loss":0,"event_name":"Lab","floor":3,"gold_loss":0},{"damage_healed":21,"gold_gain":0,"player_choice":"Healed and dodged fight","damage_taken":0,"max_hp_gain":0,"max_hp_loss":0,"event_name":"Mushrooms","floor":11,"gold_loss":0,"cards_obtained":["Parasite"]},{"damage_healed":0,"gold_gain":30,"player_choice":"Searched \u00273\u0027 times","damage_taken":0,"relics_obtained":["Pantograph"],"max_hp_gain":0,"max_hp_loss":0,"event_name":"Dead Adventurer","floor":12,"gold_loss":0},{"damage_healed":0,"gold_gain":0,"player_choice":"Joined the Cult","damage_taken":6,"max_hp_gain":0,"max_hp_loss":0,"event_name":"Nest","floor":21,"gold_loss":0,"cards_obtained":["RitualDagger"]},{"damage_healed":0,"gold_gain":0,"player_choice":"Read","damage_taken":0,"max_hp_gain":0,"max_hp_loss":0,"event_name":"The Library","floor":27,"gold_loss":0,"cards_obtained":["Spot Weakness"]}],"is_beta":false,"boss_relics":[{"not_picked":["Velvet Choker","Coffee Dripper"],"picked":"Fusion Hammer"}],"items_purged_floors":[],"is_endless":false,"potions_floor_spawned":[4,6,12,14,18,24,29],"killed_by":"Collector","ascension_level":4}