{"gold_per_floor":[113,113,131,46,321,354,354,374,456,469,469,469],"floor_reached":12,"playtime":712,"items_purged":[],"score":156,"play_id":"8cbf1025-1d2e-42c2-9645-d7d7ca960b57","local_time":"20190903110109","is_ascension_mode":true,"campfire_choices":[{"data":"Buffer","floor":7,"key":"SMITH"},{"floor":11,"key":"REST"}],"neow_cost":"NONE","seed_source_timestamp":940311318269995,"circlet_count":0,"master_deck":["AscendersBane","Strike_B","Strike_B","Strike_B","Defend_B","Defend_B","Defend_B","Defend_B","Zap+1","Dualcast","Redo","Reinforced Body","Buffer+1","Regret","Undo","Seek"],"special_seed":0,"relics":["Cracked Core","Oddly Smooth Stone","Tiny Chest"],"potions_floor_usage":[12],"damage_taken":[{"damage":2.0,"enemies":"2 Louse","floor":1.0,"turns":2.0},{"damage":0.0,"enemies":"Cultist","floor":3.0,"turns":3.0},{"damage":40,"enemies":"Lagavulin","floor":6,"turns":9},{"damage":1,"enemies":"Small Slimes","floor":8,"turns":4},{"damage":0,"enemies":"Red Slaver","floor":10,"turns":4},{"damage":46,"enemies":"3 Sentries","floor":12,"turns":8}],"seed_played":"5728276519496366902","potions_obtained":[{"floor":6,"key":"Energy Potion"}],"is_trial":false,"path_per_floor":["M","?","M","$","?","E","R","M","T","M","R","E"],"character_chosen":"DEFECT","items_purchased":["Buffer"],"campfire_rested":1,"item_purchase_floors":[4],"current_hp_per_floor":[62,62,62,62,62,22,22,21,21,21,42,0],"gold":469,"neow_bonus":"UPGRADE_CARD","is_prod":false,"is_daily":false,"chose_seed":false,"campfire_upgraded":1,"win_rate":0,"timestamp":1567533669,"path_taken":["M","?","?","$","?","E","R","M","T","?","R","E"],"build_version":"2019-07-17","purchased_purges":0,"victory":false,"max_hp_per_floor":[71,71,71,71,71,71,71,71,71,71,71,71],"card_choices":[{"not_picked":["Rebound","Stack"],"picked":"Redo","floor":1.0},{"not_picked":["Redo","Scrape"],"picked":"Reinforced Body","floor":3.0},{"not_picked":["Turbo","Gash"],"picked":"Undo","floor":6},{"not_picked":["Go for the Eyes","Redo"],"picked":"Seek","floor":8},{"not_picked":["Barrage","Reprogram","Rebound"],"picked":"SKIP","floor":10}],"player_experience":861697,"relics_obtained":[{"floor":6,"key":"Oddly Smooth Stone"},{"floor":9,"key":"Tiny Chest"}],"event_choices":[{"cards_removed":["Strike_B"],"damage_healed":0.0,"max_hp_gain":0.0,"max_hp_loss":0.0,"gold_gain":0.0,"event_name":"Purifier","player_choice":"Purged","floor":2.0,"gold_loss":0.0,"damage_taken":0.0},{"damage_healed":0.0,"max_hp_gain":0.0,"max_hp_loss":0.0,"gold_gain":275.0,"event_name":"Golden Shrine","player_choice":"Desecrate","floor":5.0,"gold_loss":0.0,"damage_taken":0.0,"cards_obtained":["Regret"]}],"is_beta":false,"boss_relics":[],"items_purged_floors":[],"is_endless":false,"potions_floor_spawned":[6],"killed_by":"3 Sentries","ascension_level":20}