{"path_per_floor":["M","M","?","M","M","R","?","E","T","M","R","M","E","M","R","B",null,"M","?","$","M","?","M","R","$","T","M","R","M","M","M","R","B",null,"M","$","?","M","$","R","M","M","T","M","M","R","?","M","R"],"character_chosen":"THE_SILENT","items_purchased":["After Image","Caltrops"],"gold_per_floor":[119,136,136,147,157,157,157,186,186,199,199,209,234,254,254,356,356,376,376,145,156,156,176,176,76,100,110,110,125,141,153,153,253,253,270,145,145,165,91,91,108,121,148,159,178,178,0,20,20,20],"floor_reached":50,"campfire_rested":0,"playtime":3207,"current_hp_per_floor":[70,70,58,58,53,53,70,65,65,64,64,60,46,39,39,5,70,56,70,70,57,35,35,35,35,35,33,33,35,35,32,32,21,35,28,28,28,31,31,31,35,31,31,36,39,39,39,39,39,0],"items_purged":["Pain","Defend_G","Strike_G"],"gold":20,"score":512,"play_id":"a6975763-d85b-481d-ac51-af08673ae41d","local_time":"20180413212917","is_prod":false,"is_daily":false,"chose_seed":false,"is_ascension_mode":false,"campfire_upgraded":9,"timestamp":1523669357,"path_taken":["M","M","?","M","M","R","?","E","T","M","R","M","E","?","R","BOSS","M","?","$","M","?","M","R","?","T","M","R","?","M","M","R","BOSS","M","$","?","M","$","R","M","M","T","M","M","R","?","M","R","BOSS"],"build_version":"2018-04-12","seed_source_timestamp":1112307607322905,"purchased_purges":3,"victory":false,"master_deck":["Defend_G","Defend_G","Defend_G","Defend_G","Strike_G","Strike_G","Strike_G","Strike_G","Survivor","Neutralize","Cloak And Dagger+1","Deadly Poison+1","Well Laid Plans","Dagger Spray+1","Parasite","Caltrops+1","Backflip","Malaise+1","Sucker Punch","Venomology+1","Parasite","Parasite","Prepared+1","After Image+1","Leg Sweep+1","Ghostly+1","Ghostly+1","Ghostly+1","Ghostly+1","Ghostly+1","Malaise+1","Quick Slash+1","Tools of the Trade+1","Dagger Spray+1","Backstab+1","Caltrops+1","Footwork","Bouncing Flask+1"],"max_hp_per_floor":[70,70,70,70,70,70,70,70,70,70,70,70,70,70,70,70,70,70,70,70,70,35,35,35,35,35,35,35,35,35,35,35,35,35,35,35,35,35,35,35,35,35,35,37,39,39,39,39,39,39],"relics":["Ring of the Snake","Snake Skull","Bird Faced Urn","Bottled Flame","Centennial Puzzle","Calling Bell","Pen Nib","Toxic Egg 2","Lantern","Oddly Smooth Stone","Lizard Tail","Singing Bowl","Red Mask"],"card_choices":[{"not_picked":["Quick Slash","Caltrops"],"picked":"Cloak And Dagger","floor":1},{"not_picked":["Crippling Poison","PiercingWail"],"picked":"Deadly Poison","floor":2},{"not_picked":["Expertise","Poisoned Stab"],"picked":"Well Laid Plans","floor":4},{"not_picked":["Expertise","Deflect"],"picked":"Dagger Spray","floor":5},{"not_picked":["Night Terror","Flying Knee"],"picked":"Caltrops","floor":8},{"not_picked":["Skewer","Underhanded Strike"],"picked":"Backflip","floor":10},{"not_picked":["Dagger Throw","Choke"],"picked":"Malaise","floor":13},{"not_picked":["Finisher","Eviscerate"],"picked":"Sucker Punch","floor":14},{"not_picked":["Doppelganger","Wraith Form v2"],"picked":"Venomology","floor":16},{"not_picked":["Flying Knee","Predator"],"picked":"Prepared","floor":18},{"not_picked":["Caltrops","Riddle With Holes"],"picked":"Leg Sweep","floor":21},{"not_picked":["Underhanded Strike","Flying Knee"],"picked":"Malaise","floor":23},{"not_picked":["Dagger Spray","Dagger Throw"],"picked":"Quick Slash","floor":31},{"not_picked":["Venomology","Unload"],"picked":"Tools of the Trade","floor":33},{"not_picked":["Finisher","Cloak And Dagger"],"picked":"Dagger Spray","floor":35},{"not_picked":["Backflip","Expertise"],"picked":"Backstab","floor":38},{"not_picked":["Infinite Blades","Dagger Throw"],"picked":"Footwork","floor":41},{"not_picked":["Acrobatics","Adrenaline"],"picked":"Bouncing Flask","floor":48}],"player_experience":342019,"potions_floor_usage":[13,16,16,16,21,23,27,27,30,31,31,33,33,41,42,44,45,50,50,50,50],"damage_taken":[{"damage":0,"enemies":"Cultist","floor":1,"turns":4},{"damage":0,"enemies":"Small Slimes","floor":2,"turns":5},{"damage":0,"enemies":"Jaw Worm","floor":4,"turns":3},{"damage":5,"enemies":"Looter","floor":5,"turns":3},{"damage":5,"enemies":"3 Sentries","floor":8,"turns":8},{"damage":5,"enemies":"Large Slime","floor":10,"turns":6},{"damage":8,"enemies":"Blue Slaver","floor":12,"turns":3},{"damage":18,"enemies":"Lagavulin","floor":13,"turns":6},{"damage":9,"enemies":"Gremlin Gang","floor":14,"turns":3},{"damage":53,"enemies":"Slime Boss","floor":16,"turns":14},{"damage":17,"enemies":"Shell Parasite","floor":18,"turns":7},{"damage":17,"enemies":"2 Thieves","floor":21,"turns":5},{"damage":7,"enemies":"Centurion and Healer","floor":23,"turns":12},{"damage":4,"enemies":"Cultist and Chosen","floor":27,"turns":10},{"damage":1,"enemies":"Snake Plant","floor":29,"turns":10},{"damage":0,"enemies":"Sentry and Sphere","floor":30,"turns":9},{"damage":3,"enemies":"Cultist and Chosen","floor":31,"turns":11},{"damage":27,"enemies":"Automaton","floor":33,"turns":16},{"damage":13,"enemies":"3 Shapes","floor":35,"turns":8},{"damage":3,"enemies":"Orb Walker","floor":38,"turns":6},{"damage":0,"enemies":"Sphere and 2 Shapes","floor":41,"turns":9},{"damage":8,"enemies":"4 Shapes","floor":42,"turns":5},{"damage":1,"enemies":"Maw","floor":44,"turns":12},{"damage":3,"enemies":"Sphere and 2 Shapes","floor":45,"turns":6},{"damage":3,"enemies":"4 Shapes","floor":48,"turns":4},{"damage":96,"enemies":"Donu and Deca","floor":50,"turns":11}],"event_choices":[{"event_name":"Scrap Ooze","player_choice":"success","floor":3,"damage_taken":12},{"event_name":"Mushrooms","player_choice":"Healed and dodged fight","floor":7,"damage_taken":0},{"event_name":"The Library","player_choice":"Heal","floor":19,"damage_taken":0},{"event_name":"Ghosts","player_choice":"Became a Ghost","floor":22,"damage_taken":0},{"event_name":"SecretPortal","player_choice":"Rejected Portal.","floor":37,"damage_taken":0},{"event_name":"Tomb of Lord Red Mask","player_choice":"Paid","floor":47,"damage_taken":0}],"boss_relics":[{"not_picked":["Pandora\u0027s Box","Runic Pyramid"],"picked":"Calling Bell"},{"not_picked":["White Beast Statue","Runic Dome"],"picked":"Lizard Tail"}],"potions_floor_spawned":[4,5,12,13,21,23,30,31,45,48],"seed_played":"-1517558045998809372","killed_by":"Donu and Deca","ascension_level":0,"is_trial":false}