{"path_per_floor":["M","?","M","?","?","E","R","M","T","R","M","M","M","$","R","B",null,"M","?","M","?","M","E","M","R","T","R","E","?","M","M","R"],"character_chosen":"IRONCLAD","items_purchased":["Secret Technique","Jack Of All Trades"],"gold_per_floor":[115,115,130,130,305,335,335,347,372,372,386,404,421,27,27,124,124,124,124,124,124,124,124,124,124,124,124,124,124,124,124,124,124],"floor_reached":33,"campfire_rested":2,"playtime":3811,"current_hp_per_floor":[80,64,65,65,65,38,62,67,67,67,73,75,72,72,72,74,80,63,48,54,54,51,54,51,51,51,51,20,20,9,12,39,0],"items_purged":["Doubt"],"gold":124,"score":289,"play_id":"c99868b7-d997-4895-97f9-a226b334c1b0","local_time":"20180405125628","is_prod":false,"is_daily":false,"is_ascension_mode":false,"campfire_upgraded":4,"timestamp":1522958188,"path_taken":["M","?","M","?","?","E","R","?","T","R","M","M","M","$","R","BOSS","M","?","?","?","M","E","M","R","T","R","E","?","?","M","R","BOSS"],"build_version":"2018-03-29v2","purchased_purges":1,"victory":false,"master_deck":["Strike_R","Strike_R","Strike_R+1","Strike_R+1","Defend_R","Defend_R","Defend_R","Defend_R","Bash","Iron Wave","Battle Trance+1","Armaments+1","Flex","Juggernaut","Twin Strike","Rampage+1","Secret Technique+1","Jack Of All Trades","Feed","Dual Wield+1","Intimidate+1","Rage","Reckless Charge","Bloodletting","Burning Pact","Seeing Red"],"max_hp_per_floor":[80,80,80,80,80,80,80,80,80,80,80,80,80,80,80,80,80,80,85,85,85,88,88,88,88,88,88,91,91,91,91,91,91],"relics":["Burning Blood","Mercury Hourglass","Ancient Tea Set","Ectoplasm","Omamori","Bottled Flame","Unceasing Top"],"card_choices":[{"not_picked":["Bloodletting","Twin Strike"],"picked":"Iron Wave","floor":1},{"not_picked":["Bloodletting","Metallicize"],"picked":"Battle Trance","floor":3},{"not_picked":["Dropkick","Feel No Pain"],"picked":"Armaments","floor":6},{"not_picked":["Perfected Strike","Heavy Blade"],"picked":"Flex","floor":8},{"not_picked":["Uppercut","Warcry"],"picked":"Juggernaut","floor":11},{"not_picked":["Flex","True Grit"],"picked":"Twin Strike","floor":12},{"not_picked":["Pommel Strike","Searing Blow"],"picked":"Rampage","floor":13},{"not_picked":["Demon Form","Dark Embrace"],"picked":"Feed","floor":16},{"not_picked":["Rampage","Iron Wave"],"picked":"Dual Wield","floor":18},{"not_picked":["Bloodletting","True Grit"],"picked":"Intimidate","floor":20},{"not_picked":["Whirlwind","Perfected Strike"],"picked":"Rage","floor":22},{"not_picked":["Whirlwind","Spot Weakness"],"picked":"Reckless Charge","floor":23},{"not_picked":["Shrug It Off","Hemokinesis"],"picked":"Bloodletting","floor":24},{"not_picked":["Dark Embrace","Clothesline"],"picked":"Burning Pact","floor":28},{"not_picked":["Corruption","True Grit"],"picked":"Seeing Red","floor":30}],"player_experience":74701,"potions_floor_usage":[6,13,23,23,28,28,30],"damage_taken":[{"damage":3,"enemies":"Small Slimes","floor":1,"turns":3},{"damage":5,"enemies":"Jaw Worm","floor":3,"turns":4},{"damage":48,"enemies":"Lagavulin","floor":6,"turns":8},{"damage":1,"enemies":"Cultist","floor":8,"turns":3},{"damage":0,"enemies":"Lots of Slimes","floor":11,"turns":2},{"damage":4,"enemies":"2 Fungi Beasts","floor":12,"turns":3},{"damage":9,"enemies":"Large Slime","floor":13,"turns":5},{"damage":4,"enemies":"Slime Boss","floor":16,"turns":6},{"damage":23,"enemies":"Shell Parasite","floor":18,"turns":5},{"damage":0,"enemies":"Spheric Guardian","floor":20,"turns":3},{"damage":12,"enemies":"Snake Plant","floor":22,"turns":5},{"damage":15,"enemies":"Book of Stabbing","floor":23,"turns":5},{"damage":9,"enemies":"Centurion and Healer","floor":24,"turns":5},{"damage":40,"enemies":"Slavers","floor":28,"turns":6},{"damage":17,"enemies":"Snecko","floor":30,"turns":5},{"damage":3,"enemies":"Snake Plant","floor":31,"turns":3},{"damage":103,"enemies":"Automaton","floor":33,"turns":6}],"event_choices":[{"event_name":"Shining Light","player_choice":"Entered Light","floor":2,"damage_taken":0},{"event_name":"Living Wall","player_choice":"Forget","floor":4,"damage_taken":0},{"event_name":"Liars Game","player_choice":"agreed","floor":5,"damage_taken":0},{"event_name":"Forgotten Altar","player_choice":"Shed Blood","floor":19,"damage_taken":0},{"event_name":"The Lab","player_choice":"Got Potions","floor":21,"damage_taken":0},{"event_name":"Ghosts","player_choice":"Ignored","floor":29,"damage_taken":0}],"boss_relics":[{"not_picked":["Orrery","Astrolabe"],"picked":"Ectoplasm"}],"potions_floor_spawned":[1,8,11,13,20,22,23,24],"seed_played":"641497701805352325","killed_by":"Automaton","ascension_level":0,"is_trial":false}