{"gold_per_floor":[111,131,148,20,20,20,39,39,39,39,39,49,49,49,49,152,152,170,156,174,20,36,36,36,36,36,36,36,56,68,167,167,167],"floor_reached":33,"playtime":777,"items_purged":[],"score":367,"play_id":"b342ffe7-480b-406c-b85c-1f1e23236b44","local_time":"20190101041124","is_ascension_mode":true,"campfire_choices":[{"data":"Rainbow","floor":6,"key":"SMITH"},{"data":"Redo","floor":8,"key":"SMITH"},{"data":"Capacitor","floor":11,"key":"SMITH"},{"data":"Sunder","floor":15,"key":"SMITH"},{"floor":23,"key":"REST"},{"data":"Defragment","floor":25,"key":"SMITH"},{"data":"Zap","floor":27,"key":"SMITH"},{"data":"Hologram","floor":32,"key":"SMITH"}],"neow_cost":"NONE","seed_source_timestamp":987618853423369,"circlet_count":0,"master_deck":["AscendersBane","Strike_B+1","Strike_B+1","Strike_B+1","Strike_B+1","Defend_B+1","Defend_B+1","Defend_B+1","Defend_B+1","Zap+1","Dualcast","Rainbow+1","Ball Lightning","Capacitor+1","Redo+1","Self Repair","Sunder+1","Biased Cognition","Self Repair","Defragment+1","Tempest","Defragment+1","Hologram+1","Leap+1"],"relics":["Cracked Core","Matryoshka","Symbiotic Virus","Sozu","Blue Candle","Shuriken"],"potions_floor_usage":[16,18],"damage_taken":[{"damage":0,"enemies":"Cultist","floor":1,"turns":3},{"damage":5,"enemies":"Jaw Worm","floor":2,"turns":4},{"damage":5,"enemies":"2 Louse","floor":3,"turns":3},{"damage":0,"enemies":"Large Slime","floor":7,"turns":3},{"damage":16,"enemies":"Exordium Thugs","floor":12,"turns":4},{"damage":31,"enemies":"Slime Boss","floor":16,"turns":9},{"damage":1,"enemies":"Spheric Guardian","floor":18,"turns":3},{"damage":30,"enemies":"2 Thieves","floor":19,"turns":4},{"damage":20,"enemies":"3 Cultists","floor":20,"turns":5},{"damage":20,"enemies":"Sentry and Sphere","floor":22,"turns":4},{"damage":29,"enemies":"Centurion and Healer","floor":29,"turns":4},{"damage":3,"enemies":"Chosen and Byrds","floor":30,"turns":4},{"damage":78,"enemies":"Automaton","floor":33,"turns":6}],"seed_played":"-8092971928124480377","potions_obtained":[{"floor":7,"key":"SpeedPotion"},{"floor":12,"key":"Weak Potion"}],"is_trial":false,"path_per_floor":["M","M","M","$","?","R","M","R","T","?","R","M","?","?","R","B",null,"M","M","M","$","M","R","?","R","T","R","?","M","M","?","R","B"],"character_chosen":"DEFECT","items_purchased":["Capacitor","Redo","Tempest","Defragment"],"campfire_rested":1,"item_purchase_floors":[4,4,21,21],"current_hp_per_floor":[68,63,58,58,58,58,58,58,58,51,51,35,35,35,35,11,59,65,42,29,29,16,38,63,63,63,63,63,41,52,52,52,0],"gold":167,"neow_bonus":"ONE_RANDOM_RARE_CARD","is_prod":false,"is_daily":false,"chose_seed":false,"campfire_upgraded":7,"win_rate":0,"timestamp":1546312284,"path_taken":["M","?","M","$","?","R","M","R","T","?","R","M","?","?","R","BOSS","M","M","M","$","M","R","?","R","T","R","?","M","M","?","R","BOSS"],"build_version":"2018-12-20","purchased_purges":0,"victory":false,"max_hp_per_floor":[75,75,75,75,75,75,75,75,75,75,75,75,75,75,75,75,75,75,75,75,75,75,75,75,75,75,75,75,75,75,75,75,75],"card_choices":[{"not_picked":["Turbo","Gash"],"picked":"Ball Lightning","floor":1},{"not_picked":["Conserve Battery","Rebound","Thunder Strike"],"picked":"SKIP","floor":2},{"not_picked":["Reprogram","Barrage","Lockon"],"picked":"SKIP","floor":3},{"not_picked":["Force Field","Rip and Tear","Conserve Battery"],"picked":"SKIP","floor":7},{"not_picked":["Force Field","Rip and Tear","Conserve Battery"],"picked":"SKIP","floor":7},{"not_picked":["Go for the Eyes","Steam Power"],"picked":"Self Repair","floor":12},{"not_picked":["Meteor Strike","Core Surge"],"picked":"Biased Cognition","floor":16},{"not_picked":["Hologram","Scrape+1"],"picked":"Self Repair","floor":18},{"not_picked":["Streamline+1","Recycle+1","Cold Snap"],"picked":"SKIP","floor":19},{"not_picked":["Redo","Loop"],"picked":"Defragment+1","floor":20},{"not_picked":["Cold Snap","Gash+1"],"picked":"Hologram","floor":22},{"not_picked":["Consume+1","Auto Shields"],"picked":"Leap+1","floor":29},{"not_picked":["Steam","Sweeping Beam","Streamline"],"picked":"SKIP","floor":30}],"player_experience":374242,"relics_obtained":[{"floor":9,"key":"Matryoshka"},{"floor":26,"key":"Blue Candle"},{"floor":26,"key":"Shuriken"}],"event_choices":[{"damage_healed":0,"gold_gain":0,"player_choice":"Leave","damage_taken":0,"max_hp_gain":0,"max_hp_loss":0,"event_name":"The Cleric","floor":5,"gold_loss":0},{"damage_healed":0,"gold_gain":0,"player_choice":"Success","damage_taken":7,"relics_obtained":["Symbiotic Virus"],"max_hp_gain":0,"max_hp_loss":0,"event_name":"Scrap Ooze","floor":10,"gold_loss":0},{"damage_healed":0,"gold_gain":0,"player_choice":"Ignored","damage_taken":0,"max_hp_gain":0,"max_hp_loss":0,"event_name":"Shining Light","floor":13,"gold_loss":0},{"damage_healed":0,"gold_gain":0,"player_choice":"1 cards matched","damage_taken":0,"max_hp_gain":0,"max_hp_loss":0,"event_name":"Match and Keep!","floor":14,"gold_loss":0,"cards_obtained":["Sunder"]},{"damage_healed":25,"gold_gain":0,"player_choice":"Heal","damage_taken":0,"max_hp_gain":0,"max_hp_loss":0,"event_name":"The Library","floor":24,"gold_loss":0},{"damage_healed":0,"gold_gain":0,"player_choice":"Simplicity","damage_taken":0,"max_hp_gain":0,"max_hp_loss":0,"event_name":"Back to Basics","floor":28,"gold_loss":0,"cards_upgraded":["Strike_B","Strike_B","Strike_B","Strike_B","Defend_B","Defend_B","Defend_B","Defend_B"]},{"damage_healed":0,"gold_gain":99,"player_choice":"Stole From Cult","damage_taken":0,"max_hp_gain":0,"max_hp_loss":0,"event_name":"Nest","floor":31,"gold_loss":0}],"is_beta":false,"boss_relics":[{"not_picked":["Pandora\u0027s Box","Lizard Tail"],"picked":"Sozu"}],"items_purged_floors":[],"is_endless":false,"potions_floor_spawned":[7,12,18,19,20],"killed_by":"Automaton","ascension_level":11}