{"path_per_floor":["M","T","?","?","M","R","E","R","T","E","M","T","$","M","R","B",null,"M","?","$","M","?","R"],"character_chosen":"IRONCLAD","items_purchased":[],"gold_per_floor":[113,113,213,213,236,236,280,280,280,311,327,351,276,299,299,419,419,432,347,247,267,192,192],"floor_reached":24,"campfire_rested":2,"playtime":544,"current_hp_per_floor":[80,87,87,66,72,72,78,78,78,53,56,56,56,62,87,65,87,24,24,24,19,19,45],"items_purged":["Strike_R","Strike_R"],"gold":192,"score":272,"play_id":"0abe005f-7909-4abb-bb19-51ed08bec9b5","local_time":"20180319153722","is_prod":false,"is_daily":false,"is_ascension_mode":true,"campfire_upgraded":2,"timestamp":1521488242,"path_taken":["M","?","?","?","M","R","E","R","T","E","M","?","$","M","R","BOSS","M","?","$","M","?","R","M"],"build_version":"2018-03-15v3","purchased_purges":2,"victory":false,"master_deck":["Strike_R+1","Strike_R","Strike_R","Defend_R","Defend_R","Defend_R","Bash+1","Body Slam+1","Cleave+1","Thunderclap","Limit Break","Pommel Strike+1"],"max_hp_per_floor":[80,87,87,87,87,87,87,87,87,87,87,87,87,87,87,87,87,87,87,87,89,89,89],"relics":["Burning Blood","NeowsBlessing","Strawberry","Golden Idol","Whetstone","Ancient Tea Set","Unceasing Top","Omamori","Question Card","Singing Bowl"],"card_choices":[{"not_picked":["Shrug It Off","Flame Barrier"],"picked":"Body Slam"},{"not_picked":["Anger","Perfected Strike"],"picked":"Cleave"},{"not_picked":["Clothesline","Rampage"],"picked":"Thunderclap"},{"not_picked":["Bludgeon","Reaper"],"picked":"Limit Break"},{"not_picked":["Thunderclap","Sword Boomerang","Heavy Blade"],"picked":"Pommel Strike"}],"player_experience":209294,"potions_floor_usage":[24],"damage_taken":[{"damage":0,"enemies":"Cultist","floor":1,"turns":1},{"damage":0,"enemies":"Jaw Worm","floor":5,"turns":1},{"damage":0,"enemies":"Gremlin Nob","floor":7,"turns":1},{"damage":31,"enemies":"3 Sentries","floor":10,"turns":6},{"damage":3,"enemies":"2 Louse","floor":11,"turns":2},{"damage":0,"enemies":"2 Fungi Beasts","floor":14,"turns":3},{"damage":28,"enemies":"Slime Boss","floor":16,"turns":12},{"damage":69,"enemies":"Shell Parasite","floor":18,"turns":7},{"damage":13,"enemies":"Chosen","floor":21,"turns":5},{"damage":63,"enemies":"Slaver and Parasite","floor":24,"turns":6}],"event_choices":[{"event_name":"Wheel of Change","player_choice":"Gold","floor":3,"damage_taken":0},{"event_name":"Golden Idol","player_choice":"Take Damage","floor":4,"damage_taken":0},{"event_name":"Addict","player_choice":"Obtained Relic","floor":19,"damage_taken":0},{"event_name":"Beggar","player_choice":"Gave Gold","floor":22,"damage_taken":0}],"boss_relics":[{"not_picked":["Black Blood","Runic Pyramid"],"picked":"Question Card"}],"potions_floor_spawned":[1,5,10,18],"seed_played":"807262922371456230","killed_by":"Slaver and Parasite","ascension_level":4,"is_trial":false}