{"gold_per_floor":[119,132,28,48,64,64,92,92,92,125,144,159,2,2,2,98,148,162,162,178,178,193,193,221,231,231,231,247,247,282,282,282,382,382,398,398,81,96,96,96,96,124,124,124,135,164,164,183,183,183],"floor_reached":51,"playtime":4618,"items_purged":["Writhe"],"score":1273,"play_id":"8a3d49ad-f20c-4819-9a67-d02943b8b58e","local_time":"20190902042333","is_ascension_mode":true,"campfire_choices":[{"data":"Neutralize","floor":6,"key":"SMITH"},{"data":"Adrenaline","floor":8,"key":"SMITH"},{"data":"Footwork","floor":15,"key":"SMITH"},{"data":"Cloak And Dagger","floor":23,"key":"SMITH"},{"data":"Well Laid Plans","floor":27,"key":"SMITH"},{"floor":29,"key":"REST"},{"data":"Sucker Punch","floor":32,"key":"SMITH"},{"data":"Wraith Form v2","floor":40,"key":"SMITH"},{"data":"Blade Dance","floor":44,"key":"SMITH"},{"data":"Cloak And Dagger","floor":47,"key":"SMITH"},{"data":"Blade Dance","floor":49,"key":"SMITH"}],"neow_cost":"NONE","seed_source_timestamp":1098155012488755,"circlet_count":0,"master_deck":["AscendersBane","Strike_G+1","Strike_G+1","Strike_G+1","Strike_G+1","Strike_G+1","Defend_G+1","Defend_G+1","Defend_G+1","Defend_G+1","Defend_G+1","Survivor+1","Neutralize+1","PiercingWail+1","Quick Slash","Flechettes","Footwork+1","Sucker Punch+1","Dagger Spray","Blur","Adrenaline+1","Leg Sweep","Dagger Throw","Cloak And Dagger+1","Storm of Steel","Endless Agony","Deflect","Crippling Poison+1","PiercingWail","Well Laid Plans+1","Calculated Gamble+1","Backflip+1","Dash","Wraith Form v2+1","Escape Plan","Slice+1","Flying Knee","PiercingWail","Blade Dance+1","Deflect","Quick Slash+1","Madness","Madness","Blade Dance+1","Deflect","Cloak And Dagger+1","Infinite Blades+1"],"relics":["Ring of the Snake","PreservedInsect","Shuriken","The Courier","Lee\u0027s Waffle","Gremlin Horn","Tiny House","Torii","Enchiridion","Bag of Preparation","Prayer Wheel","Pen Nib","Sozu","War Paint","Ninja Scroll","Kunai","Du-Vu Doll"],"potions_floor_usage":[7,16,16,20,24,24,33],"damage_taken":[{"damage":1,"enemies":"Jaw Worm","floor":1,"turns":4},{"damage":0,"enemies":"Small Slimes","floor":2,"turns":5},{"damage":0,"enemies":"2 Louse","floor":4,"turns":3},{"damage":3,"enemies":"2 Fungi Beasts","floor":5,"turns":4},{"damage":26,"enemies":"Gremlin Nob","floor":7,"turns":6},{"damage":13,"enemies":"3 Sentries","floor":10,"turns":5},{"damage":4,"enemies":"Large Slime","floor":11,"turns":8},{"damage":7,"enemies":"Exordium Thugs","floor":12,"turns":6},{"damage":5,"enemies":"The Guardian","floor":16,"turns":14},{"damage":10,"enemies":"2 Thieves","floor":18,"turns":4},{"damage":0,"enemies":"Chosen","floor":20,"turns":4},{"damage":9,"enemies":"Snake Plant","floor":22,"turns":7},{"damage":3,"enemies":"Book of Stabbing","floor":24,"turns":4},{"damage":1,"enemies":"Snecko","floor":25,"turns":6},{"damage":2,"enemies":"Centurion and Healer","floor":28,"turns":7},{"damage":7,"enemies":"Slavers","floor":30,"turns":3},{"damage":20,"enemies":"Champ","floor":33,"turns":13},{"damage":0,"enemies":"3 Shapes","floor":35,"turns":4},{"damage":0,"enemies":"3 Darklings","floor":38,"turns":4},{"damage":0,"enemies":"Nemesis","floor":42,"turns":6},{"damage":3,"enemies":"4 Shapes","floor":45,"turns":3},{"damage":0,"enemies":"Reptomancer","floor":46,"turns":5},{"damage":0,"enemies":"Jaw Worm Horde","floor":48,"turns":3},{"damage":36,"enemies":"Awakened One","floor":50,"turns":10}],"seed_played":"8561878596574614519","potions_obtained":[{"floor":1,"key":"EssenceOfSteel"},{"floor":7,"key":"Block Potion"},{"floor":12,"key":"LiquidBronze"},{"floor":17,"key":"FearPotion"},{"floor":20,"key":"Weak Potion"},{"floor":22,"key":"Strength Potion"},{"floor":30,"key":"PowerPotion"}],"is_trial":false,"path_per_floor":["M","M","$","M","M","R","E","R","T","E","M","M","$","?","R","B",null,"M","?","M","?","M","R","E","M","T","R","M","R","E","?","R","B",null,"M","?","$","M","?","R","?","E","T","R","M","E","R","M","R","B",null],"character_chosen":"THE_SILENT","items_purchased":["Footwork","Sucker Punch","Lee\u0027s Waffle","Flying Knee","War Paint","PiercingWail","Blade Dance","Deflect"],"campfire_rested":1,"item_purchase_floors":[3,3,13,37,37,37,37,37],"current_hp_per_floor":[62,62,62,62,59,59,33,33,33,20,16,9,77,59,59,54,76,66,66,66,50,41,41,38,37,37,37,35,59,52,52,52,32,70,70,70,70,70,60,60,60,60,60,60,57,57,57,57,57,21],"gold":183,"neow_bonus":"THREE_CARDS","is_prod":false,"is_daily":false,"chose_seed":false,"campfire_upgraded":10,"win_rate":0,"timestamp":1567412613,"path_taken":["M","M","$","M","M","R","E","R","T","E","M","M","$","?","R","BOSS","M","?","M","?","M","R","E","M","T","R","?","R","E","?","R","BOSS","M","?","$","M","?","R","?","E","T","R","?","E","R","M","R","BOSS"],"build_version":"2019-07-17","purchased_purges":1,"victory":true,"max_hp_per_floor":[70,70,70,70,70,70,70,70,70,70,70,70,77,77,77,77,82,82,82,82,82,82,82,82,82,82,82,82,82,82,82,82,82,82,82,82,82,82,82,82,82,82,82,82,82,82,82,82,82,82],"card_choices":[{"not_picked":["Deadly Poison","Underhanded Strike"],"picked":"PiercingWail","floor":0},{"not_picked":["Tactician","Accuracy"],"picked":"Quick Slash","floor":1},{"not_picked":["Dodge and Roll","Deadly Poison"],"picked":"Flechettes","floor":2},{"not_picked":["Cloak And Dagger","Quick Slash"],"picked":"Dagger Spray","floor":4},{"not_picked":["Underhanded Strike","Bane"],"picked":"Blur","floor":5},{"not_picked":["Slice","Backflip"],"picked":"Adrenaline","floor":7},{"not_picked":["Dagger Throw","Grand Finale"],"picked":"Leg Sweep","floor":10},{"not_picked":["Skewer","Distraction"],"picked":"Dagger Throw","floor":11},{"not_picked":["Caltrops","Underhanded Strike"],"picked":"Cloak And Dagger","floor":12},{"not_picked":["Tools of the Trade","Venomology"],"picked":"Storm of Steel","floor":16},{"not_picked":["Noxious Fumes","Blade Dance"],"picked":"Endless Agony","floor":17},{"not_picked":["Dagger Throw","Eviscerate+1"],"picked":"Deflect","floor":18},{"not_picked":["Sucker Punch","Tactician+1"],"picked":"Crippling Poison+1","floor":20},{"not_picked":["Deadly Poison","Outmaneuver"],"picked":"PiercingWail","floor":22},{"not_picked":["Deadly Poison","Backflip+1"],"picked":"Well Laid Plans","floor":24},{"not_picked":["Blade Dance","Dagger Spray"],"picked":"Calculated Gamble+1","floor":25},{"not_picked":["Flying Knee","Dodge and Roll"],"picked":"Backflip+1","floor":28},{"not_picked":["Outmaneuver","Skewer"],"picked":"Escape Plan","floor":28},{"not_picked":["Storm of Steel","Deflect"],"picked":"Dash","floor":30},{"not_picked":["Die Die Die","Venomology"],"picked":"Wraith Form v2","floor":33},{"not_picked":["Prepared+1","Dagger Throw"],"picked":"Escape Plan","floor":35},{"not_picked":["Masterful Stab","Outmaneuver"],"picked":"Slice+1","floor":35},{"not_picked":["Leg Sweep","Slice"],"picked":"Quick Slash+1","floor":38},{"not_picked":["Dodge and Roll","Venomology","Outmaneuver"],"picked":"SKIP","floor":38},{"not_picked":["Well Laid Plans","Masterful Stab","Bane"],"picked":"SKIP","floor":42},{"not_picked":["Dagger Spray","Slice"],"picked":"Blade Dance","floor":45},{"not_picked":["Caltrops","Bane"],"picked":"Deflect","floor":45},{"not_picked":["Deflect","Underhanded Strike+1"],"picked":"Cloak And Dagger","floor":46},{"not_picked":["Slice+1","PiercingWail"],"picked":"Infinite Blades+1","floor":48},{"not_picked":["Prepared","Choke","Dash"],"picked":"SKIP","floor":48}],"player_experience":537334,"relics_obtained":[{"floor":7,"key":"PreservedInsect"},{"floor":9,"key":"Shuriken"},{"floor":10,"key":"The Courier"},{"floor":21,"key":"Enchiridion"},{"floor":24,"key":"Bag of Preparation"},{"floor":26,"key":"Prayer Wheel"},{"floor":30,"key":"Pen Nib"},{"floor":42,"key":"Ninja Scroll"},{"floor":43,"key":"Kunai"},{"floor":46,"key":"Du-Vu Doll"}],"event_choices":[{"damage_healed":0,"gold_gain":0,"player_choice":"Success","damage_taken":18,"relics_obtained":["Gremlin Horn"],"max_hp_gain":0,"max_hp_loss":0,"event_name":"Scrap Ooze","floor":14,"gold_loss":0},{"damage_healed":0,"gold_gain":0,"player_choice":"Opened","damage_taken":0,"relics_obtained":["Torii"],"max_hp_gain":0,"max_hp_loss":0,"event_name":"The Mausoleum","floor":19,"gold_loss":0,"cards_obtained":["Writhe"]},{"damage_healed":0,"gold_gain":0,"player_choice":"Obtained Book","damage_taken":16,"max_hp_gain":0,"max_hp_loss":0,"event_name":"Cursed Tome","floor":21,"gold_loss":0},{"damage_healed":0,"gold_gain":0,"player_choice":"Simplicity","damage_taken":0,"max_hp_gain":0,"max_hp_loss":0,"event_name":"Back to Basics","floor":31,"gold_loss":0,"cards_upgraded":["Strike_G","Strike_G","Strike_G","Strike_G","Defend_G","Defend_G","Defend_G","Defend_G","Defend_G"]},{"cards_removed":["Escape Plan"],"damage_healed":0,"gold_gain":0,"player_choice":"Removed Skill","damage_taken":0,"max_hp_gain":0,"max_hp_loss":0,"event_name":"Falling","floor":36,"gold_loss":0},{"damage_healed":0,"gold_gain":0,"player_choice":"Embrace Madness","damage_taken":10,"max_hp_gain":0,"max_hp_loss":0,"event_name":"Winding Halls","floor":39,"gold_loss":0,"cards_obtained":["Madness","Madness"]},{"damage_healed":0,"gold_gain":0,"player_choice":"Ignored","damage_taken":0,"max_hp_gain":0,"max_hp_loss":0,"event_name":"SecretPortal","floor":41,"gold_loss":0}],"is_beta":false,"boss_relics":[{"not_picked":["Calling Bell","Lizard Tail"],"picked":"Tiny House"},{"not_picked":["Orrery","Runic Pyramid"],"picked":"Sozu"}],"items_purged_floors":[37],"is_endless":false,"potions_floor_spawned":[1,7,12,20,22,30,38,45,46],"ascension_level":12}