{"path_per_floor":["M","M","M","M","M","R","M","R","T","M","?","?","E","?","R","B",null,"M","M","?","$","M","R","M","R","T"],"character_chosen":"DEFECT","items_purchased":["Whetstone"],"gold_per_floor":[113,124,134,146,156,156,176,176,199,217,217,217,252,202,202,305,305,324,339,339,196,208,208,220,220,220,220],"floor_reached":27,"campfire_rested":0,"playtime":1024,"current_hp_per_floor":[74,74,74,65,58,58,53,53,53,53,75,75,64,64,64,58,75,63,57,57,57,55,55,59,59,59,0],"items_purged":[],"gold":220,"score":217,"play_id":"b2e8ccf3-2c06-43c7-b118-ae6d30ccf5a7","local_time":"20180428164128","is_prod":false,"is_daily":false,"chose_seed":false,"is_ascension_mode":false,"campfire_upgraded":5,"timestamp":1524948088,"path_taken":["M","M","M","M","M","R","M","R","T","M","?","?","E","?","R","BOSS","M","M","?","$","M","R","M","R","T","E"],"build_version":"2018-04-27v3","seed_source_timestamp":2393231792052480,"purchased_purges":0,"victory":false,"master_deck":["Strike_B","Strike_B+1","Strike_B+1","Defend_B","Defend_B","Defend_B","Defend_B","Zap","Dualcast","Storm","Chill+1","Gash","Steam Power","Rip and Tear+1","Chaos+1","Self Repair+1","Auto Shields","All For One","Ball Lightning","Ball Lightning+1","Self Repair","Capacitor+1","Multi-Cast+1"],"max_hp_per_floor":[75,75,75,75,75,75,75,75,75,75,75,75,75,75,75,75,75,75,75,75,75,75,75,75,75,75,75],"relics":["Cracked Core","Ancient Tea Set","Oddly Smooth Stone","Ginger","Snecko Eye","Whetstone","Bottled Tornado"],"card_choices":[{"not_picked":["Coolheaded","Sweeping Beam"],"picked":"Storm","floor":1},{"not_picked":["Blaster","Hologram"],"picked":"Chill","floor":2},{"not_picked":["Doom and Gloom","Sweeping Beam"],"picked":"Gash","floor":3},{"not_picked":["Barrage","Skim"],"picked":"Steam Power","floor":4},{"not_picked":["Skim","Sweeping Beam"],"picked":"Rip and Tear","floor":5},{"not_picked":["Stack","Force Field"],"picked":"Chaos","floor":7},{"not_picked":["Doom and Gloom","Auto Shields"],"picked":"Self Repair","floor":10},{"not_picked":["Stack","Flux Capacitor"],"picked":"Auto Shields","floor":13},{"not_picked":["Reboot","Multi-Cast"],"picked":"All For One","floor":16},{"not_picked":["Turbo","Conserve Battery"],"picked":"Ball Lightning","floor":18},{"not_picked":["Cold Snap","Melter"],"picked":"Ball Lightning","floor":19},{"not_picked":["Ball Lightning","Sunder"],"picked":"Capacitor","floor":22},{"not_picked":["Impulse","Streamline"],"picked":"Multi-Cast","floor":24}],"player_experience":404651,"potions_floor_usage":[27],"damage_taken":[{"damage":1,"enemies":"Jaw Worm","floor":1,"turns":4},{"damage":0,"enemies":"Small Slimes","floor":2,"turns":4},{"damage":0,"enemies":"2 Louse","floor":3,"turns":2},{"damage":9,"enemies":"Red Slaver","floor":4,"turns":5},{"damage":7,"enemies":"Blue Slaver","floor":5,"turns":4},{"damage":5,"enemies":"Looter","floor":7,"turns":2},{"damage":0,"enemies":"2 Fungi Beasts","floor":10,"turns":4},{"damage":21,"enemies":"3 Sentries","floor":13,"turns":8},{"damage":16,"enemies":"The Guardian","floor":16,"turns":10},{"damage":22,"enemies":"Spheric Guardian","floor":18,"turns":4},{"damage":16,"enemies":"2 Thieves","floor":19,"turns":4},{"damage":19,"enemies":"Sentry and Sphere","floor":22,"turns":4},{"damage":13,"enemies":"Cultist and Chosen","floor":24,"turns":5},{"damage":63,"enemies":"Slavers","floor":27,"turns":5}],"event_choices":[{"event_name":"Big Fish","player_choice":"Banana","floor":11,"damage_taken":0},{"event_name":"Living Wall","player_choice":"Grow","floor":12,"damage_taken":0},{"event_name":"The Cleric","player_choice":"Card Removal","floor":14,"damage_taken":0},{"event_name":"The Library","player_choice":"Read","floor":20,"damage_taken":0}],"boss_relics":[{"not_picked":["Eternal Feather","Tiny House"],"picked":"Snecko Eye"}],"potions_floor_spawned":[3,7,13,16,22,24],"seed_played":"-4687168565226006220","killed_by":"Slavers","ascension_level":0,"is_trial":false}