{"gold_per_floor":[110,185,185,204,204,204,233,233,233,243,243,262,295,220,220,220],"floor_reached":16,"playtime":627,"items_purged":["Defend_R"],"score":140,"play_id":"80bac238-20b4-45ce-b86c-43d47a6b6518","local_time":"20190916150540","is_ascension_mode":true,"campfire_choices":[{"data":"Flex","floor":6,"key":"SMITH"},{"data":"Bash","floor":11,"key":"SMITH"},{"floor":15,"key":"RECALL"}],"neow_cost":"NONE","seed_source_timestamp":264680616849400,"circlet_count":0,"master_deck":["Strike_R","Strike_R","Strike_R","Defend_R","Defend_R","Defend_R","Bash+1","Flex+1"],"relics":["Burning Blood","NeowsBlessing","Dream Catcher","Anchor","Omamori"],"potions_floor_usage":[13],"damage_taken":[{"damage":0,"enemies":"Small Slimes","floor":1,"turns":1},{"damage":0,"enemies":"2 Louse","floor":4,"turns":1},{"damage":0,"enemies":"3 Sentries","floor":7,"turns":2},{"damage":0,"enemies":"Jaw Worm","floor":10,"turns":3},{"damage":3,"enemies":"Red Slaver","floor":12,"turns":3},{"damage":13,"enemies":"Gremlin Nob","floor":13,"turns":3},{"damage":78,"enemies":"Hexaghost","floor":16,"turns":9}],"seed_played":"452129105793077511","potions_obtained":[{"floor":1,"key":"Strength Potion"},{"floor":10,"key":"SpeedPotion"},{"floor":12,"key":"Dexterity Potion"}],"is_trial":false,"path_per_floor":["M","?","?","M","?","R","E","?","T","M","R","M","E","$","R","B"],"character_chosen":"IRONCLAD","items_purchased":[],"campfire_rested":0,"item_purchase_floors":[],"current_hp_per_floor":[80,69,62,68,68,68,74,79,79,85,85,85,78,78,78,0],"gold":220,"neow_bonus":"THREE_ENEMY_KILL","is_prod":false,"is_daily":false,"chose_seed":false,"campfire_upgraded":2,"win_rate":0,"timestamp":1568639140,"path_taken":["M","?","?","M","?","R","E","?","T","?","R","M","E","$","R","BOSS"],"build_version":"2019-07-17","purchased_purges":1,"victory":false,"max_hp_per_floor":[80,80,80,80,80,80,80,85,85,85,85,85,85,85,85,85],"card_choices":[{"not_picked":["Pummel","Clash"],"picked":"Flex","floor":1},{"not_picked":["Inflame","Corruption","Clothesline"],"picked":"SKIP","floor":4},{"not_picked":["Iron Wave","Battle Trance","Clothesline"],"picked":"SKIP","floor":7},{"not_picked":["Body Slam","Cleave","Ghostly Armor"],"picked":"SKIP","floor":10},{"not_picked":["Clash","Thunderclap","Heavy Blade"],"picked":"SKIP","floor":12},{"not_picked":["Anger","Clothesline","Evolve"],"picked":"SKIP","floor":13}],"player_experience":160884,"relics_obtained":[{"floor":7,"key":"Dream Catcher"},{"floor":9,"key":"Anchor"},{"floor":13,"key":"Omamori"}],"event_choices":[{"damage_healed":0,"gold_gain":75,"player_choice":"Gather Gold","damage_taken":11,"max_hp_gain":0,"max_hp_loss":0,"event_name":"World of Goop","floor":2,"gold_loss":0},{"cards_removed":["Strike_R"],"damage_healed":0,"gold_gain":0,"player_choice":"Card Removal","damage_taken":7,"max_hp_gain":0,"max_hp_loss":0,"event_name":"Golden Wing","floor":3,"gold_loss":0},{"cards_removed":["Strike_R"],"damage_healed":0,"gold_gain":0,"player_choice":"Forget","damage_taken":0,"max_hp_gain":0,"max_hp_loss":0,"event_name":"Living Wall","floor":5,"gold_loss":0},{"damage_healed":0,"gold_gain":0,"player_choice":"Donut","damage_taken":0,"max_hp_gain":5,"max_hp_loss":0,"event_name":"Big Fish","floor":8,"gold_loss":0}],"is_beta":false,"boss_relics":[],"items_purged_floors":[14],"is_endless":false,"potions_floor_spawned":[1,10,12],"killed_by":"Hexaghost","ascension_level":1}