{"gold_per_floor":[115,190,202,202,202,202,237,86,86,86,103,52,67,67,67,67],"floor_reached":16,"playtime":312,"items_purged":[],"score":132,"play_id":"8ac8defb-bf9f-4a0c-9ce3-4cef83b926f1","local_time":"20190331211742","is_ascension_mode":true,"campfire_choices":[{"data":"True Grit","floor":6,"key":"SMITH"},{"data":"conspire:HitWhereItHurts","floor":10,"key":"SMITH"},{"floor":15,"key":"REST"}],"neow_cost":"NONE","seed_source_timestamp":3476865324180084,"circlet_count":0,"master_deck":["Strike_R","Strike_R","Strike_R","Strike_R","Strike_R","Defend_R","Defend_R","Defend_R","Defend_R","Bash","Anger","True Grit+1","strawberrySpire:Spite","conspire:HitWhereItHurts+1","Whirlwind","Pummel+1","Shame","Feed"],"relics":["Burning Blood","Dream Catcher","Gremlin Horn"],"potions_floor_usage":[],"damage_taken":[{"damage":7,"enemies":"Jaw Worm","floor":1,"turns":3},{"damage":6,"enemies":"2 Louse","floor":3,"turns":3},{"damage":36,"enemies":"3 Sentries","floor":7,"turns":10},{"damage":5,"enemies":"Cultist","floor":11,"turns":4},{"damage":11,"enemies":"Blue Slaver","floor":13,"turns":4},{"damage":54,"enemies":"The Guardian","floor":16,"turns":7}],"seed_played":"-5109199269224667070","potions_obtained":[{"floor":3,"key":"SpeedPotion"},{"floor":7,"key":"SpeedPotion"}],"is_trial":false,"path_per_floor":["M","?","M","?","?","R","E","$","T","R","M","$","M","?","R","B"],"character_chosen":"IRONCLAD","items_purchased":["conspire:HitWhereItHurts","Pummel+1"],"campfire_rested":1,"item_purchase_floors":[8,12],"current_hp_per_floor":[71,60,60,60,60,60,30,30,30,30,31,31,26,26,50,0],"gold":67,"neow_bonus":"THREE_CARDS","is_prod":false,"is_daily":false,"chose_seed":false,"campfire_upgraded":2,"win_rate":0,"timestamp":1554081462,"path_taken":["M","?","M","?","?","R","E","$","T","R","M","$","M","?","R","BOSS"],"build_version":"2019-01-23","purchased_purges":0,"victory":false,"max_hp_per_floor":[80,80,80,80,80,80,80,80,80,80,80,80,80,80,80,80],"card_choices":[{"not_picked":["Havoc","strawberrySpire:Endurance"],"picked":"Anger","floor":0},{"not_picked":["strawberrySpire:Endurance","Perfected Strike"],"picked":"True Grit","floor":1},{"not_picked":["Sever Soul","Bloodletting","strawberrySpire:Spite"],"picked":"SKIP","floor":3},{"not_picked":["Sever Soul","Bloodletting"],"picked":"strawberrySpire:Spite","floor":3},{"not_picked":["Massacre","Iron Wave","Havoc"],"picked":"SKIP","floor":7},{"not_picked":["Perfected Strike","hubris:SharpeningStone","Whirlwind"],"picked":"SKIP","floor":11},{"not_picked":["Perfected Strike","hubris:SharpeningStone"],"picked":"Whirlwind","floor":11},{"not_picked":["Seeing Red","Heavy Blade","Run Through"],"picked":"SKIP","floor":13},{"not_picked":["Perfected Strike","ReplayTheSpireMod:Strike From Hell"],"picked":"Feed","floor":15}],"player_experience":739926,"relics_obtained":[{"floor":7,"key":"Dream Catcher"},{"floor":9,"key":"Gremlin Horn"}],"event_choices":[{"damage_healed":0,"gold_gain":75,"player_choice":"Gather Gold","damage_taken":11,"max_hp_gain":0,"max_hp_loss":0,"event_name":"World of Goop","floor":2,"gold_loss":0},{"damage_healed":0,"gold_gain":0,"player_choice":"Ignored","damage_taken":0,"max_hp_gain":0,"max_hp_loss":0,"event_name":"Liars Game","floor":4,"gold_loss":0}],"is_beta":false,"boss_relics":[],"items_purged_floors":[],"is_endless":false,"potions_floor_spawned":[3,7],"killed_by":"The Guardian","ascension_level":7}