{"gold_per_floor":[119,138,63,63,20,20,45,45,72,72,83,83,83,99,99,198,198,213,226,226,236,136,136,11,11,37,37,57,57,57,7,7,104,104,123,133,143,143],"floor_reached":38,"playtime":7934,"items_purged":["Defend_R","Strike_R","Strike_R"],"score":372,"play_id":"c087eed4-149a-4fab-9f60-534a298889da","local_time":"20190914164532","is_ascension_mode":false,"campfire_choices":[{"data":"Shrug It Off","floor":6,"key":"SMITH"},{"data":"Rampage","floor":8,"key":"SMITH"},{"data":"Bash","floor":10,"key":"SMITH"},{"floor":15,"key":"REST"},{"floor":23,"key":"REST"},{"data":"Offering","floor":25,"key":"SMITH"},{"floor":27,"key":"REST"},{"floor":29,"key":"REST"},{"data":"Defend_R","floor":32,"key":"SMITH"}],"neow_cost":"NONE","seed_source_timestamp":2456752131698800,"circlet_count":0,"master_deck":["Strike_R","Strike_R","Strike_R","Defend_R+1","Defend_R","Defend_R","Bash+1","Shrug It Off+1","Rampage+1","Offering+1","Clash+1","Demon Form","Parasite"],"relics":["Runic Dome"],"potions_floor_usage":[16,19,21,33,37],"damage_taken":[{"damage":0,"enemies":"Cultist","floor":1,"turns":2},{"damage":1,"enemies":"Jaw Worm","floor":2,"turns":3},{"damage":28,"enemies":"Gremlin Nob","floor":7,"turns":4},{"damage":0,"enemies":"2 Louse","floor":11,"turns":2},{"damage":8,"enemies":"2 Fungi Beasts","floor":14,"turns":3},{"damage":30,"enemies":"Slime Boss","floor":16,"turns":10},{"damage":25,"enemies":"2 Thieves","floor":18,"turns":3},{"damage":11,"enemies":"3 Byrds","floor":19,"turns":5},{"damage":13,"enemies":"Centurion and Healer","floor":21,"turns":3},{"damage":10,"enemies":"3 Cultists","floor":28,"turns":5},{"damage":68,"enemies":"Champ","floor":33,"turns":10},{"damage":26,"enemies":"3 Darklings","floor":35,"turns":6},{"damage":14,"enemies":"3 Shapes","floor":36,"turns":7},{"damage":26,"enemies":"Writhing Mass","floor":37,"turns":5},{"damage":39,"enemies":"4 Shapes","floor":38,"turns":3}],"seed_played":"798212407529495899","potions_obtained":[{"floor":11,"key":"Weak Potion"},{"floor":14,"key":"Block Potion"},{"floor":16,"key":"SpeedPotion"},{"floor":21,"key":"GamblersBrew"},{"floor":33,"key":"SteroidPotion"}],"is_trial":false,"path_per_floor":["M","M","$","T","?","R","E","R","T","R","M","$","?","M","R","B",null,"M","M","?","M","$","R","$","R","T","R","M","R","$","?","R","B",null,"M","M","M","M"],"character_chosen":"IRONCLAD","items_purchased":[],"campfire_rested":4,"item_purchase_floors":[],"current_hp_per_floor":[80,79,79,79,79,79,51,51,51,51,51,51,51,43,67,37,80,55,44,44,31,31,55,55,55,55,79,69,80,80,80,80,12,80,54,40,14,0],"gold":143,"neow_bonus":"BOSS_RELIC","is_prod":false,"is_daily":false,"chose_seed":false,"campfire_upgraded":5,"win_rate":0,"timestamp":1568493932,"path_taken":["M","M","$","?","?","R","E","R","T","R","M","$","?","M","R","BOSS","M","M","?","M","$","R","$","R","T","R","M","R","$","?","R","BOSS","M","M","?","M"],"build_version":"2019-07-17","purchased_purges":3,"victory":false,"max_hp_per_floor":[80,80,80,80,80,80,80,80,80,80,80,80,80,80,80,80,80,80,80,80,80,80,80,80,80,80,80,80,80,80,80,80,80,80,80,80,80,80],"card_choices":[{"not_picked":["Thunderclap","Clothesline","Headbutt"],"picked":"SKIP","floor":1},{"not_picked":["Feel No Pain","Shockwave"],"picked":"Shrug It Off","floor":2},{"not_picked":["Clothesline","Armaments"],"picked":"Rampage","floor":7},{"not_picked":["Iron Wave","Rampage","Carnage"],"picked":"SKIP","floor":11},{"not_picked":["Power Through","Headbutt","Blood for Blood"],"picked":"SKIP","floor":14},{"not_picked":["Immolate","Impervious"],"picked":"Offering","floor":16},{"not_picked":["Intimidate","Twin Strike"],"picked":"Clash+1","floor":18},{"not_picked":["Shrug It Off+1","Shockwave","True Grit"],"picked":"SKIP","floor":19},{"not_picked":["Headbutt+1","True Grit","Heavy Blade"],"picked":"SKIP","floor":21},{"not_picked":["Second Wind","Armaments","Disarm"],"picked":"SKIP","floor":28},{"not_picked":["Juggernaut","Fiend Fire"],"picked":"Demon Form","floor":33},{"not_picked":["Clothesline","Rage","Havoc"],"picked":"SKIP","floor":35},{"not_picked":["Spot Weakness","Sword Boomerang+1","Clash+1"],"picked":"SKIP","floor":36},{"not_picked":["Clash","Second Wind","Twin Strike+1"],"picked":"SKIP","floor":37}],"player_experience":450365,"relics_obtained":[],"event_choices":[{"damage_healed":0,"gold_gain":0,"player_choice":"Left Gold","damage_taken":0,"max_hp_gain":0,"max_hp_loss":0,"event_name":"World of Goop","floor":5,"gold_loss":43},{"damage_healed":0,"gold_gain":0,"player_choice":"Ignored","damage_taken":0,"max_hp_gain":0,"max_hp_loss":0,"event_name":"Shining Light","floor":13,"gold_loss":0},{"damage_healed":0,"gold_gain":0,"player_choice":"Ignored","damage_taken":0,"max_hp_gain":0,"max_hp_loss":0,"event_name":"Vampires","floor":20,"gold_loss":0},{"damage_healed":0,"gold_gain":0,"player_choice":"Bet on Murderer","damage_taken":0,"max_hp_gain":0,"max_hp_loss":0,"event_name":"The Joust","floor":31,"gold_loss":50}],"is_beta":false,"boss_relics":[{"not_picked":["Velvet Choker","Orrery","White Beast Statue"]},{"not_picked":["Eternal Feather","Coffee Dripper","Empty Cage"]}],"items_purged_floors":[3,22,24],"is_endless":false,"potions_floor_spawned":[11,14,16,21,33],"killed_by":"4 Shapes","ascension_level":0}