{"path_per_floor":["M","M","M","M","M","E","$","M","T","R","M","M","M","M","R","B",null,"M","M","$","?","$"],"character_chosen":"THE_SILENT","items_purchased":["Toxic Egg 2","Singing Bowl","Bandage Up"],"gold_per_floor":[119,135,147,163,180,207,132,147,447,447,464,479,495,509,509,614,614,597,612,124,124,29],"floor_reached":23,"campfire_rested":2,"playtime":816,"current_hp_per_floor":[68,68,68,64,64,21,21,10,10,31,23,23,17,16,37,22,70,48,37,37,24,24],"items_purged":["Strike_G","Strike_G"],"gold":29,"score":229,"play_id":"71e03983-f284-4077-a206-2681b3054586","local_time":"20180321162541","is_prod":false,"is_daily":false,"is_ascension_mode":true,"campfire_upgraded":0,"timestamp":1521663941,"path_taken":["M","?","M","M","M","E","$","M","T","R","M","M","M","M","R","BOSS","M","M","$","?","?","E"],"build_version":"2018-03-15v3","purchased_purges":2,"victory":false,"master_deck":["Defend_G","Defend_G","Defend_G","Defend_G","Defend_G","Strike_G","Strike_G","Strike_G","Survivor","Neutralize","Leg Sweep","Bouncing Flask","Noxious Fumes","All Out Attack","Dodge and Roll","Wraith Form","Blur","Malaise","Bandage Up+1"],"max_hp_per_floor":[70,70,70,70,70,70,70,70,70,70,70,70,70,70,70,70,70,70,70,70,75,75],"relics":["Velvet Choker","Vajra","Old Coin","The Specimen","Toxic Egg 2","Singing Bowl"],"card_choices":[{"not_picked":["Slice","Bane"],"picked":"Leg Sweep"},{"not_picked":["Dagger Spray","All Out Attack"],"picked":"Bouncing Flask"},{"not_picked":["Quick Slash","Sucker Punch"],"picked":"Noxious Fumes"},{"not_picked":["Grand Finale","Accuracy"],"picked":"All Out Attack"},{"not_picked":["Accuracy","Quick Slash"],"picked":"Dodge and Roll"},{"not_picked":["Venomology","Unload"],"picked":"Wraith Form"},{"not_picked":["Bane","Quick Slash"],"picked":"Blur"},{"not_picked":["Dodge and Roll","Underhanded Strike"],"picked":"Malaise"}],"player_experience":233918,"potions_floor_usage":[16,16,23,23],"damage_taken":[{"damage":2,"enemies":"Cultist","floor":1,"turns":4},{"damage":0,"enemies":"2 Louse","floor":2,"turns":4},{"damage":0,"enemies":"Small Slimes","floor":3,"turns":4},{"damage":4,"enemies":"Exordium Thugs","floor":4,"turns":4},{"damage":0,"enemies":"Looter","floor":5,"turns":4},{"damage":43,"enemies":"Gremlin Nob","floor":6,"turns":5},{"damage":11,"enemies":"Lots of Slimes","floor":8,"turns":5},{"damage":8,"enemies":"Exordium Wildlife","floor":11,"turns":5},{"damage":0,"enemies":"3 Louse","floor":12,"turns":2},{"damage":6,"enemies":"Lots of Slimes","floor":13,"turns":2},{"damage":1,"enemies":"2 Fungi Beasts","floor":14,"turns":3},{"damage":15,"enemies":"The Guardian","floor":16,"turns":10},{"damage":22,"enemies":"2 Thieves","floor":18,"turns":4},{"damage":11,"enemies":"Spheric Guardian","floor":19,"turns":4},{"damage":33,"enemies":"Slavers","floor":23,"turns":4}],"event_choices":[{"event_name":"Forgotten Altar","player_choice":"Shed Blood","floor":21,"damage_taken":0}],"boss_relics":[{"not_picked":["Black Star","Ectoplasm"],"picked":"The Specimen"}],"potions_floor_spawned":[1,4,5,11,16,18,19],"seed_played":"-3930962552831198444","killed_by":"Slavers","ascension_level":3,"is_trial":false}