{"path_per_floor":["M","?","T","M","M","R","?","R","T","R","M","R","E","?","R","B",null,"M","?","M","$","M","R","M","?","T","?","M","R","E","M","R","B",null,"M","?","M","?","?","E","M","R","T","M","M","?","$","E","R","B"],"character_chosen":"DEFECT","items_purchased":["Capacitor","Darkness","Hologram","Bronze Scales","Poison Potion","Regen Potion","Leap"],"gold_per_floor":[119,119,119,137,148,148,98,98,98,98,109,109,143,143,143,246,246,259,259,279,40,50,50,69,69,69,19,29,29,55,66,66,171,171,184,184,197,197,251,281,291,291,291,306,325,325,31,63,63,63],"floor_reached":51,"campfire_rested":4,"playtime":9686,"current_hp_per_floor":[60,60,60,60,58,58,58,58,58,58,57,57,57,54,54,12,59,63,63,63,63,70,70,69,69,69,69,66,75,21,31,53,51,69,59,50,60,60,36,36,36,58,58,52,43,43,43,58,75,75],"items_purged":["Dualcast"],"gold":63,"score":1050,"play_id":"1c8d7a77-26cd-49a1-aaf2-c220a1a4dd25","local_time":"20180504115409","is_prod":false,"is_daily":false,"chose_seed":false,"is_ascension_mode":true,"campfire_upgraded":6,"timestamp":1525460049,"path_taken":["M","?","?","?","M","R","?","R","T","R","M","R","E","?","R","BOSS","M","?","M","$","M","R","M","?","T","?","M","R","E","?","R","BOSS","M","?","?","?","?","E","M","R","T","M","M","?","$","E","R","BOSS"],"build_version":"2018-05-01v2","seed_source_timestamp":0,"purchased_purges":1,"victory":true,"master_deck":["Zap+1","Stack+1","Auto Shields+1","Steam Power+1","Stack+1","Double Energy+1","Creative AI+1","Stack+1","Consume+1","Leap+1","Static Discharge+1","Coolheaded+1","Recycle+1","Skim+1","Capacitor+1","Darkness+1","Hologram+1","Reprieve+1","Conserve Battery+1","Conserve Battery+1","Capacitor+1","Impulse+1","Hologram+1","Madness+1","Madness+1","White Noise+1","Force Field+1","Blaster+1","Undo+1","Blind+1","Leap+1","Glacier+1"],"max_hp_per_floor":[75,75,75,75,75,75,75,75,75,75,75,75,75,75,75,75,75,75,75,75,75,75,75,75,75,75,75,75,75,75,75,75,75,75,75,75,75,75,75,75,75,75,75,75,75,75,75,75,75,75],"relics":["Cracked Core","Letter Opener","Centennial Puzzle","Frozen Egg 2","Toxic Egg 2","Pandora\u0027s Box","Dream Catcher","Anchor","Philosopher\u0027s Stone","Unceasing Top","Whetstone","Darkstone Periapt","Bronze Scales","Bag of Marbles"],"card_choices":[{"not_picked":["Beam Cell","Impulse"],"picked":"Stack","floor":0.0},{"not_picked":["Consume","Sweeping Beam"],"picked":"Auto Shields","floor":1.0},{"not_picked":["FTL","Reprieve"],"picked":"Steam Power","floor":4.0},{"not_picked":["Reprogram","Conserve Battery"],"picked":"Self Repair","floor":5.0},{"not_picked":["Ball Lightning","Cold Snap"],"picked":"Stack","floor":11.0},{"not_picked":["Impulse","Stack"],"picked":"Double Energy","floor":13.0},{"not_picked":["Biased Cognition","Reboot"],"picked":"Creative AI","floor":16.0},{"not_picked":["Axe Kick","Beam Cell"],"picked":"Recycle","floor":18.0},{"not_picked":["Rip and Tear","Coolheaded"],"picked":"Skim","floor":20.0},{"not_picked":["Tempest","Impulse"],"picked":"Reprieve","floor":22.0},{"not_picked":["Coolheaded","Lockon"],"picked":"Conserve Battery","floor":24.0},{"not_picked":["Leap","Go for the Eyes"],"picked":"Conserve Battery","floor":28.0},{"not_picked":["Blaster","Beam Cell"],"picked":"Capacitor","floor":29.0},{"not_picked":["Cold Snap","Capacitor"],"picked":"Self Repair","floor":30.0},{"not_picked":["Barrage","Biased Cognition"],"picked":"Impulse","floor":31.0},{"not_picked":["Sweeping Beam","Cold Snap"],"picked":"Hologram","floor":35},{"not_picked":["Flux Capacitor","Tempest"],"picked":"White Noise","floor":40},{"not_picked":["Sweeping Beam","Capacitor"],"picked":"Force Field","floor":41},{"not_picked":["Turbo","Steam Power"],"picked":"Blaster","floor":44},{"not_picked":["Doom and Gloom","Auto Shields"],"picked":"Undo","floor":45},{"not_picked":["Dark Shackles","Trip"],"picked":"Blind","floor":46},{"not_picked":["Go for the Eyes","Hologram"],"picked":"Glacier","floor":49}],"player_experience":536049,"potions_floor_usage":[37,41,44,45,45,48,50,50],"damage_taken":[{"damage":8.0,"enemies":"2 Louse","floor":1.0,"turns":3.0},{"damage":0.0,"enemies":"Cultist","floor":4.0,"turns":3.0},{"damage":2.0,"enemies":"Jaw Worm","floor":5.0,"turns":3.0},{"damage":8.0,"enemies":"Exordium Thugs","floor":11.0,"turns":4.0},{"damage":7.0,"enemies":"Lagavulin","floor":13.0,"turns":8.0},{"damage":49.0,"enemies":"The Guardian","floor":16.0,"turns":16.0},{"damage":3.0,"enemies":"Shell Parasite","floor":18.0,"turns":8.0},{"damage":7.0,"enemies":"Chosen","floor":20.0,"turns":7.0},{"damage":0.0,"enemies":"Snake Plant","floor":22.0,"turns":5.0},{"damage":8.0,"enemies":"Snecko","floor":24.0,"turns":5.0},{"damage":3.0,"enemies":"3 Cultists","floor":28.0,"turns":5.0},{"damage":54.0,"enemies":"Gremlin Leader","floor":30.0,"turns":9.0},{"damage":0.0,"enemies":"Centurion and Healer","floor":31.0,"turns":8.0},{"damage":2.0,"enemies":"Champ","floor":33.0,"turns":8.0},{"damage":10,"enemies":"3 Shapes","floor":35,"turns":3},{"damage":0,"enemies":"Flame Bruiser 1 Orb","floor":37,"turns":9},{"damage":24,"enemies":"Mysterious Sphere","floor":39,"turns":5},{"damage":0,"enemies":"Giant Head","floor":40,"turns":8},{"damage":0,"enemies":"Spire Growth","floor":41,"turns":5},{"damage":6,"enemies":"3 Darklings","floor":44,"turns":5},{"damage":9,"enemies":"Maw","floor":45,"turns":7},{"damage":0,"enemies":"Nemesis","floor":48,"turns":9},{"damage":7,"enemies":"Time Eater","floor":50,"turns":9}],"event_choices":[{"event_name":"Living Wall","player_choice":"Forget","floor":2.0,"damage_taken":0.0},{"event_name":"The Cleric","player_choice":"Card Removal","floor":7.0,"damage_taken":0.0},{"event_name":"Scrap Ooze","player_choice":"success","floor":14.0,"damage_taken":3.0},{"event_name":"Purifier","player_choice":"One Purge","floor":19.0,"damage_taken":0.0},{"event_name":"Back to Basics","player_choice":"Elegance","floor":25.0,"damage_taken":0.0},{"event_name":"The Joust","player_choice":"Bet on Murderer","floor":27.0,"damage_taken":0.0},{"event_name":"Winding Halls","player_choice":"Embrace Madness","floor":36,"damage_taken":0},{"event_name":"Mysterious Sphere","player_choice":"Fight","floor":39,"damage_taken":0},{"event_name":"SensoryStone","player_choice":"Memory 1","floor":46,"damage_taken":0}],"boss_relics":[],"potions_floor_spawned":[1,5,16,18,20,28,30,33,39,40,41,44],"seed_played":"-1794108447492592798","ascension_level":8,"is_trial":false}