{"gold_per_floor":[111,13,13,30,44,44,44,63,63,75,88,106,106,125,125,230,230,246,146,165,181,197,197,197,207,207,132,7,22,36,50,50,147,147,162,12,112,112],"floor_reached":38,"playtime":1309,"items_purged":["Strike_R","Strike_R","Strike_R","Bash"],"score":424,"play_id":"814f79a8-15af-4e14-bc9d-9007a1bb1d33","local_time":"20190914141640","is_ascension_mode":false,"campfire_choices":[{"floor":6,"key":"REST"},{"floor":15,"key":"REST"},{"floor":23,"key":"REST"},{"floor":32,"key":"REST"}],"neow_cost":"NONE","seed_source_timestamp":2454440732760700,"circlet_count":0,"master_deck":["Defend_R","Defend_R","Defend_R","Pummel","Sword Boomerang+1","Flex","Double Tap","Sword Boomerang","Limit Break+1","Offering","Inflame","Offering","Sword Boomerang+1"],"relics":["Fusion Hammer"],"potions_floor_usage":[8,14,16,22,31,33,33],"damage_taken":[{"damage":5,"enemies":"Small Slimes","floor":1,"turns":4},{"damage":0,"enemies":"Cultist","floor":4,"turns":2},{"damage":0,"enemies":"2 Louse","floor":5,"turns":2},{"damage":3,"enemies":"Gremlin Gang","floor":8,"turns":4},{"damage":8,"enemies":"2 Fungi Beasts","floor":10,"turns":3},{"damage":6,"enemies":"Lots of Slimes","floor":11,"turns":5},{"damage":5,"enemies":"Looter","floor":12,"turns":2},{"damage":26,"enemies":"Exordium Thugs","floor":14,"turns":4},{"damage":0,"enemies":"Slime Boss","floor":16,"turns":6},{"damage":9,"enemies":"3 Byrds","floor":18,"turns":3},{"damage":6,"enemies":"Spheric Guardian","floor":20,"turns":1},{"damage":6,"enemies":"Snecko","floor":21,"turns":2},{"damage":0,"enemies":"Snake Plant","floor":22,"turns":1},{"damage":6,"enemies":"Sentry and Sphere","floor":25,"turns":3},{"damage":26,"enemies":"Centurion and Healer","floor":29,"turns":3},{"damage":18,"enemies":"3 Cultists","floor":30,"turns":3},{"damage":16,"enemies":"Snake Plant","floor":31,"turns":2},{"damage":30,"enemies":"Automaton","floor":33,"turns":5},{"damage":21,"enemies":"3 Darklings","floor":35,"turns":3},{"damage":37,"enemies":"Mind Bloom Boss Battle","floor":37,"turns":3},{"damage":24,"enemies":"3 Shapes","floor":38,"turns":1}],"seed_played":"26974151217076642","potions_obtained":[{"floor":4,"key":"EssenceOfSteel"},{"floor":10,"key":"Ancient Potion"},{"floor":11,"key":"Fire Potion"},{"floor":20,"key":"Weak Potion"},{"floor":21,"key":"SteroidPotion"},{"floor":29,"key":"Weak Potion"},{"floor":31,"key":"Explosive Potion"}],"is_trial":false,"path_per_floor":["M","$","?","M","M","R","?","M","T","M","M","M","?","M","R","B",null,"M","$","M","M","M","R","?","M","T","?","$","M","M","M","R","B",null,"M","$","?","M"],"character_chosen":"IRONCLAD","items_purchased":["Sword Boomerang"],"campfire_rested":4,"item_purchase_floors":[2],"current_hp_per_floor":[75,75,75,75,75,80,80,77,77,69,63,58,58,32,56,56,80,71,71,65,59,59,80,80,74,74,74,74,48,30,14,38,8,80,59,59,22,0],"gold":112,"neow_bonus":"BOSS_RELIC","is_prod":false,"is_daily":false,"chose_seed":false,"campfire_upgraded":0,"win_rate":0,"timestamp":1568485000,"path_taken":["M","$","?","?","M","R","?","?","T","M","M","M","?","M","R","BOSS","M","$","?","M","M","R","?","?","T","?","$","M","M","M","R","BOSS","M","$","?","M"],"build_version":"2019-07-17","purchased_purges":4,"victory":false,"max_hp_per_floor":[80,80,80,80,80,80,80,80,80,80,80,80,80,80,80,80,80,80,80,80,80,80,80,80,80,80,80,80,80,80,80,80,80,80,80,80,80,80],"card_choices":[{"not_picked":["Havoc","Power Through"],"picked":"Pummel","floor":1},{"not_picked":["Reckless Charge","Warcry","Wild Strike"],"picked":"SKIP","floor":4},{"not_picked":["Sword Boomerang","Headbutt"],"picked":"Flex","floor":5},{"not_picked":["Juggernaut","Cleave"],"picked":"Sword Boomerang","floor":8},{"not_picked":["Pommel Strike","Sword Boomerang","Shrug It Off"],"picked":"SKIP","floor":10},{"not_picked":["Combust","Hemokinesis","Metallicize"],"picked":"SKIP","floor":11},{"not_picked":["Perfected Strike","Ghostly Armor","Shrug It Off"],"picked":"SKIP","floor":12},{"not_picked":["Twin Strike","Clothesline"],"picked":"Limit Break","floor":14},{"not_picked":["Impervious","Double Tap"],"picked":"Offering","floor":16},{"not_picked":["Disarm","Battle Trance"],"picked":"Inflame","floor":18},{"not_picked":["Havoc+1","Bloodletting","Burning Pact"],"picked":"SKIP","floor":20},{"not_picked":["Headbutt","Hemokinesis","Power Through"],"picked":"SKIP","floor":21},{"not_picked":["Iron Wave","Burning Pact","Body Slam"],"picked":"SKIP","floor":22},{"not_picked":["Headbutt","Dark Embrace","True Grit"],"picked":"SKIP","floor":25},{"not_picked":["True Grit+1","Hemokinesis+1","Thunderclap"],"picked":"SKIP","floor":29},{"not_picked":["Iron Wave","Shrug It Off+1","Power Through"],"picked":"SKIP","floor":30},{"not_picked":["Sword Boomerang","Body Slam","Rampage"],"picked":"SKIP","floor":31},{"not_picked":["Double Tap","Feed"],"picked":"Offering","floor":33},{"not_picked":["Metallicize","Clothesline"],"picked":"Sword Boomerang+1","floor":35}],"player_experience":448451,"relics_obtained":[],"event_choices":[{"damage_healed":0,"gold_gain":0,"player_choice":"Upgraded","damage_taken":0,"max_hp_gain":0,"max_hp_loss":0,"event_name":"Upgrade Shrine","floor":3,"gold_loss":0,"cards_upgraded":["Sword Boomerang"]},{"damage_healed":0,"gold_gain":0,"cards_transformed":["Defend_R"],"player_choice":"Transformed","damage_taken":0,"max_hp_gain":0,"max_hp_loss":0,"event_name":"Transmorgrifier","floor":7,"gold_loss":0,"cards_obtained":["Double Tap"]},{"cards_removed":["Strike_R"],"damage_healed":0,"gold_gain":0,"player_choice":"Purged","damage_taken":0,"max_hp_gain":0,"max_hp_loss":0,"event_name":"Purifier","floor":13,"gold_loss":0},{"damage_healed":0,"gold_gain":0,"player_choice":"Upgraded","damage_taken":0,"max_hp_gain":0,"max_hp_loss":0,"event_name":"Upgrade Shrine","floor":24,"gold_loss":0,"cards_upgraded":["Limit Break"]},{"cards_removed":["Strike_R"],"damage_healed":0,"gold_gain":0,"player_choice":"Gave Gold","damage_taken":0,"max_hp_gain":0,"max_hp_loss":0,"event_name":"Beggar","floor":27,"gold_loss":75},{"damage_healed":0,"gold_gain":0,"player_choice":"Fight","damage_taken":0,"max_hp_gain":0,"max_hp_loss":0,"event_name":"MindBloom","floor":37,"gold_loss":0}],"is_beta":false,"boss_relics":[{"not_picked":["Sozu","Black Star","Astrolabe"]},{"not_picked":["Mark of Pain","Cursed Key","Runic Dome"]}],"items_purged_floors":[2,19,28,36],"is_endless":false,"potions_floor_spawned":[4,10,11,20,21,29,31],"killed_by":"3 Shapes","ascension_level":0}