{"gold_per_floor":[109,40,40,40,50,76,76,106,106,139,239,83,102,116,116,218,218,233,252,252,252,252,252],"floor_reached":23,"playtime":1080,"items_purged":[],"score":255,"play_id":"095525aa-f1b5-43b4-a631-2725577faac7","local_time":"20190916005045","is_ascension_mode":true,"campfire_choices":[{"floor":7,"key":"REST"},{"floor":15,"key":"REST"}],"neow_cost":"NONE","seed_source_timestamp":385325159655500,"circlet_count":0,"master_deck":["Strike_P","Strike_P","Strike_P+1","Strike_P+1","Defend_P","Defend_P","Defend_P","Defend_P","Eruption+1","Vigilance","Perseverance","SandsOfTime+1","MentalFortress","CutThroughFate","MentalFortress","ClearTheMind","Consecrate","EmptyBody","DevaForm","EmptyMind","Establishment","Adaptation"],"relics":["PureWater","NeowsBlessing","Blue Candle","Question Card","InkBottle","Meat on the Bone","Peace Pipe","Whetstone","SacredBark"],"potions_floor_usage":[10,18,18,23],"damage_taken":[{"damage":0,"enemies":"Cultist","floor":1,"turns":1},{"damage":0,"enemies":"Small Slimes","floor":5,"turns":1},{"damage":0,"enemies":"3 Sentries","floor":6,"turns":2},{"damage":10,"enemies":"Lagavulin","floor":8,"turns":7},{"damage":14,"enemies":"3 Sentries","floor":10,"turns":5},{"damage":0,"enemies":"2 Louse","floor":13,"turns":1},{"damage":8,"enemies":"Red Slaver","floor":14,"turns":3},{"damage":36,"enemies":"Slime Boss","floor":16,"turns":10},{"damage":14,"enemies":"3 Byrds","floor":18,"turns":7},{"damage":1,"enemies":"Chosen","floor":19,"turns":7},{"damage":54,"enemies":"Gremlin Leader","floor":23,"turns":6}],"seed_played":"239035716975000534","potions_obtained":[{"floor":8,"key":"DuplicationPotion"},{"floor":10,"key":"GamblersBrew"},{"floor":14,"key":"Weak Potion"},{"floor":16,"key":"PowerPotion"},{"floor":19,"key":"Energy Potion"}],"is_trial":false,"path_per_floor":["M","$","?","?","M","E","R","E","T","E","?","$","M","M","R","B",null,"M","M","?","?","?","E"],"character_chosen":"WATCHER","items_purchased":["SandsOfTime","Whetstone"],"campfire_rested":2,"item_purchase_floors":[2,12],"current_hp_per_floor":[65,65,52,34,34,34,53,43,43,41,41,41,41,33,52,28,65,51,50,50,50,50,0],"gold":252,"neow_bonus":"THREE_ENEMY_KILL","is_prod":false,"is_daily":false,"chose_seed":false,"campfire_upgraded":0,"win_rate":0,"timestamp":1568609445,"path_taken":["M","$","?","?","M","E","R","E","T","E","?","$","M","M","R","BOSS","M","M","?","?","?","E"],"build_version":"2019-09-12","purchased_purges":0,"victory":false,"max_hp_per_floor":[65,65,65,65,65,65,65,65,65,65,65,65,65,65,65,65,65,65,65,65,65,65,65],"card_choices":[{"not_picked":["Weave","JustLucky"],"picked":"Perseverance","floor":1},{"not_picked":["Halt","EmptyFist"],"picked":"MentalFortress","floor":5},{"not_picked":["ThirdEye","Worship"],"picked":"CutThroughFate","floor":6},{"not_picked":["Clarity","Brilliance","Nirvana"],"picked":"MentalFortress","floor":8},{"not_picked":["FollowUp","EmptyFist","Halt"],"picked":"ClearTheMind","floor":10},{"not_picked":["BowlingBash","DeceiveReality","Protect"],"picked":"Consecrate","floor":13},{"not_picked":["Protect","MentalFortress","Devotion"],"picked":"EmptyBody","floor":14},{"not_picked":["Alpha","ReachHeaven","Ragnarok"],"picked":"DevaForm","floor":16},{"not_picked":["JustLucky+1","Collect","ClearTheMind"],"picked":"EmptyMind","floor":18},{"not_picked":["Crescendo+1","Vengeance","InnerPeace"],"picked":"Establishment","floor":19}],"player_experience":1017111,"relics_obtained":[{"floor":6,"key":"Question Card"},{"floor":8,"key":"InkBottle"},{"floor":9,"key":"Meat on the Bone"},{"floor":10,"key":"Peace Pipe"}],"event_choices":[{"damage_healed":0,"gold_gain":0,"player_choice":"Entered Light","damage_taken":13,"max_hp_gain":0,"max_hp_loss":0,"event_name":"Shining Light","floor":3,"gold_loss":0,"cards_upgraded":["Eruption","SandsOfTime"]},{"damage_healed":0,"gold_gain":0,"player_choice":"Success","damage_taken":18,"relics_obtained":["Blue Candle"],"max_hp_gain":0,"max_hp_loss":0,"event_name":"Scrap Ooze","floor":4,"gold_loss":0},{"damage_healed":0,"gold_gain":100,"player_choice":"Pray","damage_taken":0,"max_hp_gain":0,"max_hp_loss":0,"event_name":"Golden Shrine","floor":11,"gold_loss":0},{"damage_healed":0,"gold_gain":0,"player_choice":"Ignored","damage_taken":0,"max_hp_gain":0,"max_hp_loss":0,"event_name":"Ghosts","floor":20,"gold_loss":0},{"damage_healed":0,"gold_gain":0,"player_choice":"Read","damage_taken":0,"max_hp_gain":0,"max_hp_loss":0,"event_name":"The Library","floor":21,"gold_loss":0,"cards_obtained":["Adaptation"]},{"damage_healed":0,"gold_gain":0,"player_choice":"Leave","damage_taken":0,"max_hp_gain":0,"max_hp_loss":0,"event_name":"FaceTrader","floor":22,"gold_loss":0}],"is_beta":true,"boss_relics":[{"not_picked":["Tiny House","Fusion Hammer"],"picked":"SacredBark"}],"items_purged_floors":[],"is_endless":false,"potions_floor_spawned":[8,10,14,16,19],"killed_by":"Gremlin Leader","ascension_level":2}