{"gold_per_floor":[127,127,127,166,197,197,253,288,288,20,51,51,51,68,68,165,165,175,192,192,27,60,60,101,121,121,121,121,231,251,166,166,263,426,436,436,436,464,484,484,484],"floor_reached":41,"playtime":1547,"items_purged":["Strike_R"],"score":437,"play_id":"5cfa5070-297d-47b7-8d59-c9ede38a38a4","local_time":"20190111144309","is_ascension_mode":false,"campfire_choices":[{"data":"infinitespire:Menacing","floor":6,"key":"SMITH"},{"data":"Mayhem","floor":12,"key":"SMITH"},{"data":"Whirlwind","floor":15,"key":"SMITH"},{"data":"infinitespire:Execution","floor":23,"key":"SMITH"},{"floor":32,"key":"REST"},{"floor":40,"key":"REST"}],"neow_cost":"NO_GOLD","seed_source_timestamp":1271065535980462,"circlet_count":0,"master_deck":["Defend_R+1","Defend_R+1","Defend_R+1","Bash+1","Enlightenment+1","HandOfGreed+1","ReplayTheSpireMod:Strike From Hell+1","infinitespire:Menacing+1","Whirlwind+1","Mayhem+1","Dark Shackles+1","Replay:Dark Deal+1","Reaper+1","Inflame+1","Regret","Neutralize+1","Exhume+1","Discovery+1","infinitespire:Execution+1","Feel No Pain+1","ReplayTheSpireMod:Necrogeddon+1","Decay","Run Through+1","Offering+1","Normality","SwitchConfidence","infinitespire:Punishment+1","Shrug It Off+1"],"relics":["Burning Blood","Snack Pack","ReplayTheSpireMod:ShopPack","ReplayTheSpireMod:SealedPack","hubris:Towel","infinitespire:Golems Mask","Oddly Smooth Stone","Kintsugi","Mark of the Bloom"],"potions_floor_usage":[22,22,30],"damage_taken":[{"damage":0,"enemies":"2 Louse","floor":1,"turns":2},{"damage":7,"enemies":"Jaw Worm","floor":4,"turns":5},{"damage":1,"enemies":"Cultist","floor":5,"turns":4},{"damage":19,"enemies":"Exordium Thugs","floor":7,"turns":4},{"damage":5,"enemies":"Looter","floor":8,"turns":4},{"damage":9,"enemies":"2 Fungi Beasts","floor":11,"turns":4},{"damage":11,"enemies":"Lots of Slimes","floor":14,"turns":2},{"damage":45,"enemies":"Fading Forest","floor":16,"turns":11},{"damage":23,"enemies":"Chosen","floor":18,"turns":7},{"damage":43,"enemies":"2 Thieves","floor":19,"turns":5},{"damage":30,"enemies":"Cultist and Chosen","floor":22,"turns":6},{"damage":9,"enemies":"Centurion and Healer","floor":24,"turns":6},{"damage":28,"enemies":"Snecko","floor":25,"turns":4},{"damage":8,"enemies":"Snake Plant","floor":29,"turns":5},{"damage":18,"enemies":"Colosseum Slavers","floor":30,"turns":6},{"damage":39,"enemies":"hubris:MusketHawk","floor":33,"turns":9},{"damage":52,"enemies":"3 Shapes","floor":35,"turns":4},{"damage":15,"enemies":"3 Darklings","floor":38,"turns":5},{"damage":20,"enemies":"Transient","floor":39,"turns":5},{"damage":20,"enemies":"2 Orb Walkers","floor":41,"turns":2}],"seed_played":"2361417794801736257","potions_obtained":[{"floor":8,"key":"Poison Potion"},{"floor":11,"key":"PowerPotion"},{"floor":14,"key":"FearPotion"},{"floor":25,"key":"Reflective Coating"},{"floor":38,"key":"SkillPotion"}],"is_trial":false,"path_per_floor":["M","?","?","M","M","R","M","M","T","$","M","R","?","M","R","B",null,"M","M","?","$","M","R","M","M","T","?","?","M","?","?","R","B",null,"M","?","?","M","M","R","?"],"character_chosen":"IRONCLAD","items_purchased":["Whirlwind","ReplayTheSpireMod:ShopPack","ReplayTheSpireMod:Necrogeddon"],"campfire_rested":2,"item_purchase_floors":[10,10,21],"current_hp_per_floor":[80,80,60,59,64,64,51,52,52,52,49,49,49,64,64,63,80,63,38,38,38,28,28,37,23,23,23,23,28,27,27,51,29,80,54,54,54,39,19,19,0],"gold":484,"neow_bonus":"RANDOM_COLORLESS_2","is_prod":false,"is_daily":false,"chose_seed":false,"campfire_upgraded":4,"win_rate":0,"timestamp":1547235789,"path_taken":["M","?","?","?","M","R","M","M","T","?","M","R","?","M","R","BOSS","M","M","?","$","M","R","?","M","T","?","?","M","?","?","R","BOSS","M","?","?","M","?","R","?"],"build_version":"2019-01-10","purchased_purges":1,"victory":false,"max_hp_per_floor":[80,80,80,80,80,80,80,80,80,80,80,80,80,80,80,80,80,80,80,80,80,80,80,80,80,80,80,80,80,80,80,80,80,80,80,80,80,80,80,80,80],"card_choices":[{"not_picked":["Shrug It Off","Run Through"],"picked":"ReplayTheSpireMod:Strike From Hell","floor":1},{"not_picked":["infinitespire:DeathsTouch","infinitespire:FutureSight"],"picked":"infinitespire:Menacing","floor":3},{"not_picked":["Clash","Heavy Blade","Armaments"],"picked":"SKIP","floor":4},{"not_picked":["Shrug It Off","Replay:Undeath\u0027s Touch","ReplayTheSpireMod:Strike From Hell"],"picked":"SKIP","floor":5},{"not_picked":["ReplayTheSpireMod:Corrosion Curse","Clash","Body Slam"],"picked":"SKIP","floor":7},{"not_picked":["Clothesline","Clash","Run Through"],"picked":"SKIP","floor":8},{"not_picked":["Chrysalis","Sadistic Nature"],"picked":"Mayhem","floor":10},{"not_picked":["The Bomb","Survey Options"],"picked":"Dark Shackles","floor":10},{"not_picked":["Replay:Sssssssssshield","Good Instincts"],"picked":"Replay:Dark Deal","floor":10},{"not_picked":["Hemokinesis","Entrench"],"picked":"Reaper","floor":11},{"not_picked":["Heavy Blade","Havoc"],"picked":"Inflame","floor":14},{"not_picked":["Bash","Dualcast"],"picked":"Neutralize","floor":17},{"not_picked":["Immolate","Double Tap"],"picked":"Exhume","floor":17},{"not_picked":["ReplayTheSpireMod:Trickstab","Finesse"],"picked":"Discovery","floor":17},{"not_picked":["infinitespire:FutureSight","infinitespire:Fortify"],"picked":"infinitespire:Execution","floor":17},{"not_picked":["Armaments","Intimidate","Iron Wave+1"],"picked":"SKIP","floor":18},{"not_picked":["Havoc","Seeing Red"],"picked":"Feel No Pain","floor":19},{"not_picked":["Whirlwind","Blood for Blood","Replay:Undeath\u0027s Touch"],"picked":"SKIP","floor":22},{"not_picked":["Thunderclap+1","Clothesline","Havoc"],"picked":"SKIP","floor":24},{"not_picked":["Armaments","Iron Wave","Feed"],"picked":"SKIP","floor":25},{"not_picked":["ReplayTheSpireMod:Stacked","Shrug It Off"],"picked":"Run Through","floor":29},{"not_picked":["Exhume","hubris:StunningStrike"],"picked":"Offering","floor":33},{"not_picked":["hubris:InfiniteBlow","infinitespire:FinalStrike"],"picked":"infinitespire:Punishment","floor":34},{"not_picked":["Warcry+1","Life Link","Run Through"],"picked":"SKIP","floor":35},{"not_picked":["ReplayTheSpireMod:Strike From Hell","ReplayTheSpireMod:Stacked"],"picked":"Shrug It Off+1","floor":38},{"not_picked":["Pummel+1","Warcry","Anger+1"],"picked":"SKIP","floor":39}],"player_experience":595085,"relics_obtained":[{"floor":9,"key":"Snack Pack"},{"floor":26,"key":"infinitespire:Golems Mask"}],"event_choices":[{"damage_healed":0,"gold_gain":0,"player_choice":"Grow","damage_taken":0,"max_hp_gain":0,"max_hp_loss":0,"event_name":"Living Wall","floor":2,"gold_loss":0,"cards_upgraded":["ReplayTheSpireMod:Strike From Hell"]},{"damage_healed":0,"gold_gain":0,"player_choice":"Fled","damage_taken":0,"max_hp_gain":0,"max_hp_loss":0,"event_name":"Scrap Ooze","floor":13,"gold_loss":0},{"damage_healed":0,"gold_gain":0,"player_choice":"Ignored","damage_taken":0,"max_hp_gain":0,"max_hp_loss":0,"event_name":"Vampires","floor":27,"gold_loss":0},{"damage_healed":0,"gold_gain":0,"player_choice":"Smashed Altar","damage_taken":0,"max_hp_gain":0,"max_hp_loss":0,"event_name":"Forgotten Altar","floor":28,"gold_loss":0,"cards_obtained":["Decay"]},{"damage_healed":0,"gold_gain":0,"player_choice":"Fight","damage_taken":0,"max_hp_gain":0,"max_hp_loss":0,"event_name":"Colosseum","floor":30,"gold_loss":0},{"damage_healed":0,"gold_gain":0,"player_choice":"Fled From Nobs","damage_taken":0,"max_hp_gain":0,"max_hp_loss":0,"event_name":"Colosseum","floor":30,"gold_loss":0},{"damage_healed":0,"gold_gain":0,"player_choice":"Obtained Relic","damage_taken":0,"relics_obtained":["Oddly Smooth Stone"],"max_hp_gain":0,"max_hp_loss":0,"event_name":"Addict","floor":31,"gold_loss":85},{"damage_healed":0,"gold_gain":0,"player_choice":"Upgrade","damage_taken":0,"relics_obtained":["Mark of the Bloom"],"max_hp_gain":0,"max_hp_loss":0,"event_name":"MindBloom","floor":36,"gold_loss":0,"cards_upgraded":["Defend_R","Defend_R","Defend_R","Bash","Enlightenment","HandOfGreed","Dark Shackles","Replay:Dark Deal","Reaper","Inflame","Neutralize","Exhume","Discovery","Feel No Pain","ReplayTheSpireMod:Necrogeddon","Run Through","Offering","infinitespire:Punishment"]},{"damage_healed":0,"gold_gain":0,"player_choice":"Memory 1","damage_taken":0,"max_hp_gain":0,"max_hp_loss":0,"event_name":"SensoryStone","floor":37,"gold_loss":0},{"damage_healed":0,"gold_gain":0,"player_choice":"Fight","damage_taken":0,"max_hp_gain":0,"max_hp_loss":0,"event_name":"Mysterious Sphere","floor":41,"gold_loss":0}],"is_beta":false,"boss_relics":[{"not_picked":["Snecko Eye","hubris:ScarierMask"],"picked":"ReplayTheSpireMod:SealedPack"},{"not_picked":["Sozu","ChewingGum"],"picked":"Kintsugi"}],"items_purged_floors":[10],"is_endless":false,"potions_floor_spawned":[8,11,14,18,25,38],"killed_by":"2 Orb Walkers","ascension_level":0}