{"gold_per_floor":[109,120,295,308,3,16,16,16,16,349,349,359,374,394,394,493,493,506,431,445,445,445,445,38,38,61,92,108,118,118,132,132,132],"floor_reached":33,"playtime":2900,"items_purged":[],"score":269,"play_id":"100bf69f-5f9f-43aa-abbc-8a97f18af715","local_time":"20190911200128","is_ascension_mode":false,"campfire_choices":[{"data":"Armaments","floor":7,"key":"SMITH"},{"data":"Metamorphosis","floor":11,"key":"SMITH"},{"floor":15,"key":"REST"},{"floor":23,"key":"REST"},{"data":"Feed","floor":25,"key":"SMITH"},{"floor":30,"key":"REST"},{"floor":32,"key":"REST"}],"neow_cost":"NONE","seed_source_timestamp":56890127793000,"circlet_count":0,"master_deck":["Strike_R","Strike_R","Strike_R","Strike_R","Strike_R","Defend_R","Defend_R","Defend_R+1","Defend_R","Bash+1","Iron Wave","Rampage","Disarm+1","Feel No Pain","Metamorphosis+1","Armaments+1","Twin Strike","Rupture","Regret","Searing Blow","Shrug It Off","Carnage","Juggernaut","Feed+1","Cleave","Whirlwind+1","Inflame","Rampage","Warcry","Metallicize","Anger+1","Iron Wave+1","Headbutt"],"relics":["Black Blood","Sundial","Vajra","Old Coin","Pantograph","Potion Belt","War Paint"],"potions_floor_usage":[27,27,27,29],"damage_taken":[{"damage":1,"enemies":"Cultist","floor":1,"turns":3},{"damage":0,"enemies":"Small Slimes","floor":2,"turns":3},{"damage":13,"enemies":"2 Louse","floor":4,"turns":4},{"damage":7,"enemies":"Blue Slaver","floor":6,"turns":5},{"damage":28,"enemies":"Lagavulin","floor":10,"turns":7},{"damage":17,"enemies":"Large Slime","floor":12,"turns":4},{"damage":6,"enemies":"Looter","floor":13,"turns":5},{"damage":16,"enemies":"Exordium Thugs","floor":14,"turns":5},{"damage":46,"enemies":"The Guardian","floor":16,"turns":10},{"damage":38,"enemies":"2 Thieves","floor":18,"turns":5},{"damage":31,"enemies":"Spheric Guardian","floor":20,"turns":5},{"damage":35,"enemies":"Gremlin Leader","floor":27,"turns":7},{"damage":57,"enemies":"Centurion and Healer","floor":28,"turns":8},{"damage":11,"enemies":"3 Cultists","floor":29,"turns":4},{"damage":34,"enemies":"Chosen and Byrds","floor":31,"turns":7},{"damage":78,"enemies":"Champ","floor":33,"turns":9}],"seed_played":"-7304694914840920246","potions_obtained":[{"floor":4,"key":"AttackPotion"},{"floor":10,"key":"Regen Potion"},{"floor":16,"key":"Explosive Potion"},{"floor":27,"key":"AttackPotion"}],"is_trial":false,"path_per_floor":["M","M","?","M","$","M","R","?","T","E","R","M","M","M","R","B",null,"M","?","M","?","?","R","$","R","T","E","M","M","R","M","R","B"],"character_chosen":"IRONCLAD","items_purchased":["Feel No Pain","Metamorphosis","Armaments","Twin Strike","Inflame","Rampage","Pantograph","Warcry"],"campfire_rested":4,"item_purchase_floors":[5,5,5,5,24,24,24,24],"current_hp_per_floor":[80,80,80,73,73,72,72,72,72,50,50,39,39,29,53,13,80,52,52,31,57,42,67,67,67,67,57,14,13,39,15,41,0],"gold":132,"neow_bonus":"UPGRADE_CARD","is_prod":false,"is_daily":false,"chose_seed":false,"campfire_upgraded":3,"win_rate":0.0,"timestamp":1568224888,"path_taken":["M","?","?","M","$","M","R","?","T","E","R","M","M","M","R","BOSS","M","?","M","?","?","R","$","R","T","E","?","M","R","M","R","BOSS"],"build_version":"2019-07-17","purchased_purges":0,"victory":false,"max_hp_per_floor":[80,80,80,80,80,80,80,80,80,80,80,80,80,80,80,80,80,80,80,80,80,85,85,85,85,85,85,89,89,89,89,89,89],"card_choices":[{"not_picked":["Shrug It Off","Armaments"],"picked":"Iron Wave","floor":1},{"not_picked":["Sword Boomerang","Twin Strike"],"picked":"Rampage","floor":2},{"not_picked":["Body Slam","Cleave"],"picked":"Disarm","floor":4},{"not_picked":["Disarm","Flex"],"picked":"Rupture","floor":6},{"not_picked":["Body Slam","Rage"],"picked":"Searing Blow","floor":10},{"not_picked":["Sword Boomerang","Body Slam"],"picked":"Shrug It Off","floor":12},{"not_picked":["Dual Wield","Sword Boomerang"],"picked":"Carnage","floor":13},{"not_picked":["Entrench","Anger"],"picked":"Juggernaut","floor":14},{"not_picked":["Offering","Juggernaut"],"picked":"Feed","floor":16},{"not_picked":["Iron Wave","Power Through"],"picked":"Cleave","floor":18},{"not_picked":["Headbutt","Shrug It Off+1"],"picked":"Whirlwind+1","floor":20},{"not_picked":["Clothesline","Iron Wave"],"picked":"Metallicize","floor":27},{"not_picked":["Searing Blow","Clash"],"picked":"Anger+1","floor":28},{"not_picked":["Intimidate","Flame Barrier"],"picked":"Iron Wave+1","floor":29},{"not_picked":["Iron Wave","Armaments"],"picked":"Headbutt","floor":31}],"player_experience":11128,"relics_obtained":[{"floor":9,"key":"Vajra"},{"floor":10,"key":"Old Coin"},{"floor":26,"key":"Potion Belt"},{"floor":27,"key":"War Paint"}],"event_choices":[{"damage_healed":0,"gold_gain":175,"player_choice":"AGREE","damage_taken":0,"max_hp_gain":0,"max_hp_loss":0,"event_name":"Liars Game","floor":3,"gold_loss":0,"cards_obtained":["Doubt"]},{"damage_healed":0,"gold_gain":0,"player_choice":"Box","damage_taken":0,"relics_obtained":["Sundial"],"max_hp_gain":0,"max_hp_loss":0,"event_name":"Big Fish","floor":8,"gold_loss":0,"cards_obtained":["Regret"]},{"cards_removed":["Doubt"],"damage_healed":0,"gold_gain":0,"player_choice":"Gave Gold","damage_taken":0,"max_hp_gain":0,"max_hp_loss":0,"event_name":"Beggar","floor":19,"gold_loss":75},{"damage_healed":26,"gold_gain":0,"player_choice":"Heal","damage_taken":0,"max_hp_gain":0,"max_hp_loss":0,"event_name":"The Library","floor":21,"gold_loss":0},{"damage_healed":0,"gold_gain":0,"player_choice":"Shed Blood","damage_taken":20,"max_hp_gain":5,"max_hp_loss":0,"event_name":"Forgotten Altar","floor":22,"gold_loss":0}],"is_beta":false,"boss_relics":[{"not_picked":["Black Star","Runic Cube"],"picked":"Black Blood"}],"items_purged_floors":[],"is_endless":false,"potions_floor_spawned":[4,10,16,20,27],"killed_by":"Champ","ascension_level":0}