{"gold_per_floor":[109,109,20,20,20,20,46,46,46,62,89,89,116,130,130,205,205,218,229,68,68,84,84,115,115,139,151,185,100,0,0,0,0],"floor_reached":33,"playtime":1371,"items_purged":[],"score":711,"play_id":"d93354ae-ff56-4268-a413-bce20815e7e8","local_time":"20190407153420","is_ascension_mode":true,"campfire_choices":[{"data":"Combust","floor":6,"key":"SMITH"},{"floor":8,"key":"RECALL"},{"floor":12,"key":"REST"},{"data":"Spot Weakness","floor":15,"key":"SMITH"},{"floor":23,"key":"REST"},{"floor":25,"key":"REST"},{"floor":32,"key":"REST"}],"neow_cost":"NONE","seed_source_timestamp":21884107236119,"circlet_count":0,"master_deck":["AscendersBane","Strike_R","Strike_R","Strike_R","Strike_R","Strike_R","Defend_R","Defend_R","Defend_R","Defend_R","Bash+1","Uppercut+1","Combust+1","Anger+1","Spot Weakness+1","Pommel Strike+1","Anger+1","Whirlwind+1","Corruption","Headbutt+1","Metallicize"],"relics":["Burning Blood","NeowsBlessing","Singing Bowl","Molten Egg 2","Pantograph","Mummified Hand","Pen Nib","Fusion Hammer","Omamori","Gambling Chip","Orichalcum","Bottled Flame","Frozen Egg 2"],"potions_floor_usage":[11,13,18,18,22,22,24],"damage_taken":[{"damage":0,"enemies":"Small Slimes","floor":1,"turns":1},{"damage":0,"enemies":"Lagavulin","floor":7,"turns":1},{"damage":0,"enemies":"Cultist","floor":10,"turns":1},{"damage":23,"enemies":"Gremlin Nob","floor":11,"turns":4},{"damage":28,"enemies":"3 Sentries","floor":13,"turns":4},{"damage":6,"enemies":"2 Louse","floor":14,"turns":2},{"damage":3,"enemies":"Slime Boss","floor":16,"turns":5},{"damage":0,"enemies":"Shell Parasite","floor":18,"turns":2},{"damage":9,"enemies":"Chosen","floor":19,"turns":3},{"damage":12,"enemies":"Shelled Parasite and Fungi","floor":22,"turns":2},{"damage":34,"enemies":"Book of Stabbing","floor":24,"turns":4},{"damage":2,"enemies":"Cultist and Chosen","floor":27,"turns":3},{"damage":66,"enemies":"Slavers","floor":28,"turns":4},{"damage":91,"enemies":"Champ","floor":33,"turns":7}],"seed_played":"2016839209675134202","potions_obtained":[{"floor":1,"key":"SkillPotion"},{"floor":11,"key":"Fire Potion"},{"floor":14,"key":"SkillPotion"},{"floor":16,"key":"AttackPotion"},{"floor":19,"key":"Explosive Potion"},{"floor":21,"key":"Explosive Potion"},{"floor":22,"key":"EssenceOfSteel"}],"is_trial":false,"path_per_floor":["M","?","$","?","?","R","E","R","T","M","E","R","E","M","R","B",null,"M","M","$","?","M","R","E","R","T","M","E","$","?","T","R","B"],"character_chosen":"IRONCLAD","items_purchased":["Combust","Omamori","Metallicize"],"campfire_rested":4,"item_purchase_floors":[3,20,29],"current_hp_per_floor":[74,74,74,56,56,56,62,62,62,70,55,78,56,56,56,81,81,81,78,78,78,72,81,55,79,79,83,25,25,25,25,50,0],"gold":0,"neow_bonus":"THREE_ENEMY_KILL","is_prod":false,"is_daily":false,"chose_seed":false,"campfire_upgraded":2,"win_rate":0,"timestamp":1554644060,"path_taken":["M","?","?","?","?","R","E","R","T","M","E","R","E","M","R","BOSS","M","M","$","?","?","R","E","R","T","M","E","$","?","?","R","BOSS"],"build_version":"2019-01-23","purchased_purges":0,"victory":false,"max_hp_per_floor":[75,75,75,75,75,75,75,75,75,77,79,79,79,79,79,81,81,81,81,81,81,81,81,83,83,83,83,85,85,85,85,85,85],"card_choices":[{"not_picked":["Dual Wield","Twin Strike"],"picked":"Uppercut","floor":1},{"not_picked":["Perfected Strike","Rupture"],"picked":"Anger","floor":7},{"not_picked":["Reckless Charge+1","Dual Wield","Warcry"],"picked":"Singing Bowl","floor":10},{"not_picked":["Havoc","Perfected Strike+1","Iron Wave+1"],"picked":"Singing Bowl","floor":11},{"not_picked":["Clash+1","Evolve"],"picked":"Spot Weakness","floor":13},{"not_picked":["Disarm","Carnage+1"],"picked":"Pommel Strike+1","floor":14},{"not_picked":["Juggernaut","Berserk","Fiend Fire+1"],"picked":"Singing Bowl","floor":16},{"not_picked":["Sword Boomerang+1","Power Through"],"picked":"Anger+1","floor":18},{"not_picked":["Sword Boomerang+1","Shrug It Off"],"picked":"Whirlwind+1","floor":19},{"not_picked":["Perfected Strike+1","Sword Boomerang+1"],"picked":"Corruption","floor":22},{"not_picked":["Warcry","Second Wind","Searing Blow+1"],"picked":"Singing Bowl","floor":24},{"not_picked":["True Grit","Rampage+1"],"picked":"Headbutt+1","floor":27},{"not_picked":["Flex","Warcry","Brutality"],"picked":"Singing Bowl","floor":28}],"player_experience":568217,"relics_obtained":[{"floor":7,"key":"Molten Egg 2"},{"floor":9,"key":"Pantograph"},{"floor":11,"key":"Mummified Hand"},{"floor":13,"key":"Pen Nib"},{"floor":24,"key":"Gambling Chip"},{"floor":26,"key":"Orichalcum"},{"floor":28,"key":"Bottled Flame"},{"floor":31,"key":"Frozen Egg 2"}],"event_choices":[{"damage_healed":0,"gold_gain":0,"player_choice":"Forge","damage_taken":0,"max_hp_gain":0,"max_hp_loss":0,"event_name":"Accursed Blacksmith","floor":2,"gold_loss":0,"cards_upgraded":["Bash"]},{"damage_healed":0,"gold_gain":0,"player_choice":"Success","damage_taken":18,"relics_obtained":["Singing Bowl"],"max_hp_gain":0,"max_hp_loss":0,"event_name":"Scrap Ooze","floor":4,"gold_loss":0},{"damage_healed":0,"gold_gain":0,"player_choice":"Grow","damage_taken":0,"max_hp_gain":0,"max_hp_loss":0,"event_name":"Living Wall","floor":5,"gold_loss":0,"cards_upgraded":["Uppercut"]},{"damage_healed":0,"gold_gain":0,"player_choice":"Got Potions","damage_taken":0,"max_hp_gain":0,"max_hp_loss":0,"event_name":"Lab","floor":21,"gold_loss":0},{"damage_healed":0,"gold_gain":0,"player_choice":"Paid Fearfully","damage_taken":0,"max_hp_gain":0,"max_hp_loss":0,"event_name":"Masked Bandits","floor":30,"gold_loss":100}],"is_beta":false,"boss_relics":[{"not_picked":["Black Star","Runic Pyramid"],"picked":"Fusion Hammer"}],"items_purged_floors":[],"is_endless":false,"potions_floor_spawned":[1,11,14,16,19,22],"killed_by":"Champ","ascension_level":18}