{"gold_per_floor":[117,135,135,148,2,2,22,22,103,103,121,133,133,133,133,230,230,246,312,330,76,126,78,78,128,128,146,121,121,150,166,166,262,262,272,322,65,0,17,47,47,47,71,133,183,183,210,225,225,225,225,225,100,135,135],"floor_reached":55,"playtime":4058,"items_purged":["Strike_B","Defend_B","Parasite"],"score":710,"play_id":"808ffd34-6b96-4c8f-ba5a-f06567a38387","local_time":"20190916172444","is_ascension_mode":false,"campfire_choices":[{"data":"White Noise","floor":6,"key":"SMITH"},{"data":"Sweeping Beam","floor":8,"key":"SMITH"},{"data":"Dualcast","floor":10,"key":"SMITH"},{"data":"Finesse","floor":13,"key":"SMITH"},{"floor":15,"key":"RECALL"},{"data":"Defragment","floor":24,"key":"SMITH"},{"data":"Redo","floor":29,"key":"SMITH"},{"floor":32,"key":"REST"},{"data":"Chill","floor":42,"key":"SMITH"},{"data":"Darkness","floor":46,"key":"SMITH"},{"floor":49,"key":"REST"},{"data":"Amplify","floor":52,"key":"SMITH"}],"neow_cost":"NONE","seed_source_timestamp":505228523950000,"circlet_count":0,"master_deck":["Strike_B+1","Strike_B","Defend_B","Defend_B","Defend_B","Zap","Dualcast+1","Finesse+1","White Noise+1","Gash+1","FTL","Sweeping Beam+1","Self Repair","Rainbow","Glacier+1","Conserve Battery","Redo+1","Defragment+1","Leap","RitualDagger","Stack+1","Cold Snap","Amplify+1","Gash","Reprogram","Redo","Doom and Gloom","Chill+1","Defragment+1","Gash","Darkness+1","Violence","Loop"],"relics":["Cracked Core","SsserpentHead","Runic Pyramid","PreservedInsect","Kunai","Happy Flower","Orrery","Whetstone","Red Mask","Letter Opener","Lantern","Centennial Puzzle","StoneCalendar"],"potions_floor_usage":[16,20,30,33,40,50,55,55],"damage_taken":[{"damage":2,"enemies":"Cultist","floor":1,"turns":4},{"damage":1,"enemies":"Jaw Worm","floor":2,"turns":3},{"damage":0,"enemies":"Small Slimes","floor":4,"turns":2},{"damage":13,"enemies":"2 Fungi Beasts","floor":7,"turns":3},{"damage":0,"enemies":"Large Slime","floor":11,"turns":4},{"damage":0,"enemies":"Blue Slaver","floor":12,"turns":2},{"damage":21,"enemies":"Hexaghost","floor":16,"turns":9},{"damage":18,"enemies":"Spheric Guardian","floor":18,"turns":4},{"damage":0,"enemies":"Chosen","floor":19,"turns":5},{"damage":2,"enemies":"3 Cultists","floor":20,"turns":6},{"damage":7,"enemies":"Centurion and Healer","floor":27,"turns":7},{"damage":60,"enemies":"Slavers","floor":30,"turns":8},{"damage":7,"enemies":"Shelled Parasite and Fungi","floor":31,"turns":8},{"damage":16,"enemies":"Champ","floor":33,"turns":13},{"damage":0,"enemies":"3 Darklings","floor":35,"turns":5},{"damage":25,"enemies":"3 Shapes","floor":39,"turns":4},{"damage":6,"enemies":"Giant Head","floor":40,"turns":10},{"damage":0,"enemies":"3 Darklings","floor":44,"turns":4},{"damage":8,"enemies":"Reptomancer","floor":47,"turns":6},{"damage":9,"enemies":"Writhing Mass","floor":48,"turns":5},{"damage":62,"enemies":"Time Eater","floor":50,"turns":12},{"damage":23,"enemies":"Shield and Spear","floor":54,"turns":7},{"damage":114,"enemies":"The Heart","floor":55,"turns":5}],"seed_played":"2722403278215729792","potions_obtained":[{"floor":2,"key":"AttackPotion"},{"floor":3,"key":"SpeedPotion"},{"floor":7,"key":"FairyPotion"},{"floor":20,"key":"Energy Potion"},{"floor":30,"key":"SpeedPotion"},{"floor":35,"key":"Weak Potion"},{"floor":39,"key":"SkillPotion"},{"floor":44,"key":"Regen Potion"},{"floor":54,"key":"SkillPotion"}],"is_trial":false,"path_per_floor":["M","M","?","M","$","R","M","R","T","R","M","M","R","?","R","B",null,"M","M","M","$","?","$","R","?","T","M","?","R","E","M","R","B",null,"M","?","$","?","M","E","$","R","T","M","?","R","E","M","R","B",null,"R","$","E","B"],"character_chosen":"DEFECT","items_purchased":["FTL","PreservedInsect","Redo","Defragment","Leap","Whetstone","Gash"],"campfire_rested":2,"item_purchase_floors":[5,21,21,21,23,37,41],"current_hp_per_floor":[73,72,72,72,72,72,59,59,59,59,59,59,59,59,59,45,75,64,71,75,75,75,75,75,69,69,69,69,69,16,16,38,29,75,75,71,71,71,53,54,54,54,54,54,54,54,53,51,71,9,71,71,68,45,0],"gold":135,"neow_bonus":"RANDOM_COLORLESS","is_prod":false,"is_daily":false,"chose_seed":false,"campfire_upgraded":9,"win_rate":0,"timestamp":1568647484,"path_taken":["M","M","?","M","$","R","M","R","T","R","?","M","R","?","R","BOSS","M","?","M","$","?","$","R","?","T","M","?","R","E","M","R","BOSS","M","?","$","?","M","E","?","R","T","?","?","R","E","M","R","BOSS","R","$","E","BOSS"],"build_version":"2019-07-17","purchased_purges":3,"victory":false,"max_hp_per_floor":[75,75,75,75,75,75,75,75,75,75,75,75,75,75,75,75,75,75,75,75,75,75,75,75,75,75,75,75,75,75,75,75,75,75,75,71,71,71,71,71,71,71,71,71,71,71,71,71,71,71,71,71,68,68,68],"card_choices":[{"not_picked":["Streamline","Barrage"],"picked":"White Noise","floor":1},{"not_picked":["Skim","Turbo"],"picked":"Gash","floor":2},{"not_picked":["Beam Cell","Tempest","Barrage"],"picked":"SKIP","floor":4},{"not_picked":["Compile Driver","BootSequence"],"picked":"Sweeping Beam","floor":7},{"not_picked":["Sweeping Beam","Genetic Algorithm","Barrage"],"picked":"SKIP","floor":11},{"not_picked":["Reinforced Body","Sweeping Beam"],"picked":"Self Repair","floor":12},{"not_picked":["Reboot","Buffer"],"picked":"Rainbow","floor":16},{"not_picked":["Beam Cell","Chaos"],"picked":"Glacier+1","floor":18},{"not_picked":["Turbo+1","Force Field"],"picked":"Conserve Battery","floor":19},{"not_picked":["Barrage+1","Sweeping Beam","Fission"],"picked":"SKIP","floor":20},{"not_picked":["Steam","Turbo"],"picked":"Stack+1","floor":27},{"not_picked":["Rebound","Go for the Eyes"],"picked":"Cold Snap","floor":30},{"not_picked":["Loop","Consume","Turbo"],"picked":"SKIP","floor":31},{"not_picked":["Hyperbeam","Creative AI"],"picked":"Amplify","floor":33},{"not_picked":["Skim","Go for the Eyes"],"picked":"Gash","floor":34},{"not_picked":["Force Field+1","Sweeping Beam"],"picked":"Reprogram","floor":34},{"not_picked":["Sweeping Beam","Aggregate"],"picked":"Redo","floor":34},{"not_picked":["Steam+1","Rebound+1"],"picked":"Doom and Gloom","floor":34},{"not_picked":["Scrape+1","Hello World+1"],"picked":"Chill","floor":35},{"not_picked":["Cold Snap+1","Redo"],"picked":"Defragment+1","floor":39},{"not_picked":["Leap","Rebound","Steam"],"picked":"SKIP","floor":40},{"not_picked":["Barrage","Coolheaded+1"],"picked":"Darkness","floor":44},{"not_picked":["Impatience","PanicButton"],"picked":"Violence","floor":45},{"not_picked":["Coolheaded+1","Stack+1","Sweeping Beam+1"],"picked":"SKIP","floor":47},{"not_picked":["Defragment","Static Discharge+1"],"picked":"Loop","floor":48},{"not_picked":["Capacitor","Electrodynamics","Stack+1"],"picked":"SKIP","floor":54}],"player_experience":98915,"relics_obtained":[{"floor":26,"key":"Kunai"},{"floor":30,"key":"Happy Flower"},{"floor":40,"key":"Letter Opener"},{"floor":43,"key":"Lantern"},{"floor":47,"key":"Centennial Puzzle"},{"floor":54,"key":"StoneCalendar"}],"event_choices":[{"damage_healed":0,"gold_gain":0,"player_choice":"Got Potions","damage_taken":0,"max_hp_gain":0,"max_hp_loss":0,"event_name":"Lab","floor":3,"gold_loss":0},{"damage_healed":0,"gold_gain":0,"player_choice":"Trade","damage_taken":0,"relics_obtained":["SsserpentHead"],"max_hp_gain":0,"max_hp_loss":0,"event_name":"FaceTrader","floor":14,"gold_loss":0},{"damage_healed":0,"gold_gain":0,"player_choice":"Ignored","damage_taken":0,"max_hp_gain":0,"max_hp_loss":0,"event_name":"Vampires","floor":22,"gold_loss":0},{"damage_healed":0,"gold_gain":0,"player_choice":"Joined the Cult","damage_taken":6,"max_hp_gain":0,"max_hp_loss":0,"event_name":"Nest","floor":25,"gold_loss":0,"cards_obtained":["RitualDagger"]},{"cards_removed":["Strike_B"],"damage_healed":0,"gold_gain":0,"player_choice":"Gave Gold","damage_taken":0,"max_hp_gain":0,"max_hp_loss":0,"event_name":"Beggar","floor":28,"gold_loss":75},{"damage_healed":0,"gold_gain":0,"player_choice":"Max HP","damage_taken":0,"max_hp_gain":0,"max_hp_loss":4,"event_name":"Winding Halls","floor":36,"gold_loss":0},{"damage_healed":0,"gold_gain":0,"player_choice":"Paid","damage_taken":0,"relics_obtained":["Red Mask"],"max_hp_gain":0,"max_hp_loss":0,"event_name":"Tomb of Lord Red Mask","floor":38,"gold_loss":115},{"damage_healed":0,"gold_gain":0,"player_choice":"Memory 1","damage_taken":0,"max_hp_gain":0,"max_hp_loss":0,"event_name":"SensoryStone","floor":45,"gold_loss":0}],"is_beta":false,"boss_relics":[{"not_picked":["Lizard Tail","White Beast Statue"],"picked":"Runic Pyramid"},{"not_picked":["Velvet Choker","Runic Dome"],"picked":"Orrery"}],"items_purged_floors":[5,37,53],"is_endless":false,"potions_floor_spawned":[2,7,11,12,20,30,35,39,44,48,54],"killed_by":"The Heart","ascension_level":0}