{"gold_per_floor":[110,110,124,138,138,138,168,168,168,201,212,212,212,224,224,224],"floor_reached":16,"playtime":373,"items_purged":[],"score":165,"play_id":"afe11d11-6b32-475a-b35a-a6487ea21338","local_time":"20190829005730","is_ascension_mode":true,"campfire_choices":[{"data":"Cleave","floor":6,"key":"SMITH"},{"data":"Bash","floor":8,"key":"SMITH"},{"data":"1","floor":12,"key":"LIFT"},{"floor":15,"key":"REST"}],"neow_cost":"NONE","seed_source_timestamp":193950595818700,"circlet_count":0,"master_deck":["AscendersBane","Strike_R","Strike_R","Strike_R","Strike_R","Defend_R","Defend_R","Defend_R","Defend_R","Bash+1","Iron Wave","Cleave+1","Headbutt","Twin Strike","Offering"],"relics":["Burning Blood","NeowsBlessing","Self Forming Clay","Ornamental Fan","Question Card","Girya"],"potions_floor_usage":[7,7,7],"damage_taken":[{"damage":0,"enemies":"2 Louse","floor":1,"turns":1},{"damage":0,"enemies":"Cultist","floor":3,"turns":1},{"damage":0,"enemies":"Small Slimes","floor":4,"turns":1},{"damage":31,"enemies":"Lagavulin","floor":7,"turns":7},{"damage":16,"enemies":"Gremlin Nob","floor":10,"turns":4},{"damage":11,"enemies":"3 Louse","floor":11,"turns":3},{"damage":16,"enemies":"Exordium Thugs","floor":14,"turns":3},{"damage":44,"enemies":"Slime Boss","floor":16,"turns":9}],"seed_played":"-8839572449436816352","potions_obtained":[{"floor":2,"key":"Explosive Potion"},{"floor":2,"key":"SpeedPotion"},{"floor":2,"key":"SpeedPotion"},{"floor":7,"key":"LiquidBronze"},{"floor":11,"key":"LiquidBronze"}],"is_trial":false,"path_per_floor":["M","?","M","M","?","R","E","R","T","E","M","R","?","M","R","B"],"character_chosen":"IRONCLAD","items_purchased":[],"campfire_rested":1,"item_purchase_floors":[],"current_hp_per_floor":[78,78,80,80,68,68,43,43,43,33,28,28,28,18,42,0],"gold":224,"neow_bonus":"THREE_ENEMY_KILL","is_prod":false,"is_daily":false,"chose_seed":false,"campfire_upgraded":2,"win_rate":0,"timestamp":1567054650,"path_taken":["M","?","?","M","?","R","E","R","T","E","M","R","?","?","R","BOSS"],"build_version":"2019-08-26","purchased_purges":0,"victory":false,"max_hp_per_floor":[80,80,80,80,80,80,80,80,80,80,80,80,80,80,80,80],"card_choices":[{"not_picked":["Armaments","Clash"],"picked":"Iron Wave","floor":1},{"not_picked":["Blood for Blood","Headbutt","Perfected Strike"],"picked":"SKIP","floor":3},{"not_picked":["Headbutt","Havoc"],"picked":"Cleave","floor":4},{"not_picked":["Feel No Pain","Rampage"],"picked":"Headbutt","floor":7},{"not_picked":["Cleave","Sentinel","Entrench"],"picked":"Twin Strike","floor":10},{"not_picked":["True Grit","Body Slam","Clothesline","Cleave"],"picked":"SKIP","floor":11},{"not_picked":["Heavy Blade","Flex","Burning Pact"],"picked":"Offering","floor":14}],"player_experience":990056,"relics_obtained":[{"floor":7,"key":"Ornamental Fan"},{"floor":9,"key":"Question Card"},{"floor":10,"key":"Girya"}],"event_choices":[{"damage_healed":0,"gold_gain":0,"player_choice":"Got Potions","damage_taken":0,"max_hp_gain":0,"max_hp_loss":0,"event_name":"Lab","floor":2,"gold_loss":0},{"damage_healed":0,"gold_gain":0,"player_choice":"Success","damage_taken":12,"relics_obtained":["Self Forming Clay"],"max_hp_gain":0,"max_hp_loss":0,"event_name":"Scrap Ooze","floor":5,"gold_loss":0},{"cards_removed":["Strike_R"],"damage_healed":0,"gold_gain":0,"player_choice":"Offered Basic","damage_taken":0,"max_hp_gain":0,"max_hp_loss":0,"event_name":"Bonfire Elementals","floor":13,"gold_loss":0}],"is_beta":true,"boss_relics":[],"items_purged_floors":[],"is_endless":false,"potions_floor_spawned":[7,11],"killed_by":"Slime Boss","ascension_level":10}