{"gold_per_floor":[113,263,279,33,50,81,81,112,112,138,63,63,63,89,89,166,166,180,12,28,43,43,43,69,69,69,19,39,39,70,103,103,177,177,191,210,432,451,462,462,490,490,537,563,563,126,156,173,173,173,173,173,173,68,94,94],"floor_reached":57,"playtime":7861,"items_purged":["Defend_P","Strike_P"],"score":3108,"play_id":"2b85e5c6-cfae-4cb4-8d53-6b99ada842cb","local_time":"20190914150146","is_ascension_mode":true,"campfire_choices":[{"data":"Eruption","floor":7.0,"key":"SMITH"},{"data":"Consecrate","floor":15.0,"key":"SMITH"},{"data":"Alpha","floor":23.0,"key":"SMITH"},{"data":"TalkToTheHand","floor":29.0,"key":"SMITH"},{"data":"CrushJoints","floor":32.0,"key":"SMITH"},{"data":"MasterReality","floor":40.0,"key":"SMITH"},{"data":"Protect","floor":42.0,"key":"SMITH"},{"floor":49.0,"key":"RECALL"},{"data":"Adaptation","floor":53.0,"key":"SMITH"}],"neow_cost":"NONE","seed_source_timestamp":0,"circlet_count":0,"master_deck":["AscendersBane","Strike_P","Strike_P","Strike_P","Eruption+1","Vigilance","EmptyBody","Protect+1","CrushJoints+1","TalkToTheHand+1","EmptyMind","BowlingBash","Consecrate+1","Alpha+1","CurseOfTheBell","CutThroughFate+1","FlurryOfBlows","Shame","JustLucky+1","Establishment","ClearTheMind","Adaptation","Weave+1","CarveReality+1","Vault+1","Protect+1","EmptyMind+1","MasterReality+1","SandsOfTime+1","Adaptation+1","Crescendo","Writhe","FlurryOfBlows+1","FlurryOfBlows+1","TalkToTheHand+1"],"special_seed":0,"relics":["PureWater","Anchor","Ice Cream","Ornamental Fan","Du-Vu Doll","CaptainsWheel","Blood Vial","Calling Bell","Potion Belt","Gremlin Horn","Gambling Chip","Bag of Preparation","Molten Egg 2","Letter Opener","Red Mask","Darkstone Periapt","Philosopher\u0027s Stone","Oddly Smooth Stone","Art of War","TeardropLocket","TungstenRod","Bird Faced Urn","StrikeDummy"],"potions_floor_usage":[56,56,56],"damage_taken":[{"damage":5.0,"enemies":"Jaw Worm","floor":1.0,"turns":4.0},{"damage":0.0,"enemies":"Small Slimes","floor":3.0,"turns":2.0},{"damage":0.0,"enemies":"2 Louse","floor":5.0,"turns":2.0},{"damage":0.0,"enemies":"Gremlin Nob","floor":6.0,"turns":3.0},{"damage":2.0,"enemies":"3 Sentries","floor":8.0,"turns":4.0},{"damage":0.0,"enemies":"Lagavulin","floor":10.0,"turns":4.0},{"damage":2.0,"enemies":"3 Sentries","floor":14.0,"turns":5.0},{"damage":0.0,"enemies":"Slime Boss","floor":16.0,"turns":4.0},{"damage":0.0,"enemies":"Chosen","floor":18.0,"turns":5.0},{"damage":0.0,"enemies":"2 Thieves","floor":20.0,"turns":1.0},{"damage":16.0,"enemies":"Snecko","floor":21.0,"turns":6.0},{"damage":0.0,"enemies":"Gremlin Leader","floor":24.0,"turns":4.0},{"damage":0.0,"enemies":"Snake Plant","floor":28.0,"turns":2.0},{"damage":0.0,"enemies":"Masked Bandits","floor":30.0,"turns":1.0},{"damage":10.0,"enemies":"Book of Stabbing","floor":31.0,"turns":4.0},{"damage":12.0,"enemies":"Champ","floor":33.0,"turns":7.0},{"damage":0.0,"enemies":"3 Shapes","floor":35.0,"turns":4.0},{"damage":0.0,"enemies":"Orb Walker","floor":36.0,"turns":2.0},{"damage":5.0,"enemies":"Spire Growth","floor":38.0,"turns":4.0},{"damage":2.0,"enemies":"Maw","floor":39.0,"turns":6.0},{"damage":17.0,"enemies":"Nemesis","floor":41.0,"turns":9.0},{"damage":1.0,"enemies":"Reptomancer","floor":44.0,"turns":5.0},{"damage":0.0,"enemies":"Nemesis","floor":47.0,"turns":3.0},{"damage":0.0,"enemies":"Sphere and 2 Shapes","floor":48.0,"turns":2.0},{"damage":23.0,"enemies":"Donu and Deca","floor":50.0,"turns":6.0},{"damage":22.0,"enemies":"Time Eater","floor":51.0,"turns":7.0},{"damage":0.0,"enemies":"Shield and Spear","floor":55.0,"turns":4.0},{"damage":95,"enemies":"The Heart","floor":56,"turns":8}],"seed_played":"2879338347121557191","potions_obtained":[{"floor":1.0,"key":"SteroidPotion"},{"floor":6.0,"key":"AttackPotion"},{"floor":8.0,"key":"FearPotion"},{"floor":10.0,"key":"Strength Potion"},{"floor":20.0,"key":"Ancient Potion"},{"floor":21.0,"key":"GamblersBrew"},{"floor":30.0,"key":"Regen Potion"},{"floor":31.0,"key":"DuplicationPotion"},{"floor":36.0,"key":"GamblersBrew"},{"floor":44.0,"key":"Strength Potion"},{"floor":47.0,"key":"AttackPotion"},{"floor":48.0,"key":"Fire Potion"},{"floor":55.0,"key":"Poison Potion"}],"is_trial":false,"path_per_floor":["M","?","M","$","M","E","R","E","T","E","?","?","?","E","R","B",null,"M","$","M","M","?","R","E","?","T","$","M","R","?","E","R","B",null,"M","M","?","M","M","R","E","R","T","E","?","$","E","M","R","B","B",null,"R","$","E","B",null],"character_chosen":"WATCHER","items_purchased":["Anchor","Bag of Preparation","ClearTheMind","TungstenRod","FairyPotion"],"campfire_rested":0,"item_purchase_floors":[4,19,27,46,54],"current_hp_per_floor":[50,50,50,50,50,50,50,48,48,48,48,41,41,39,39,41,56,58,58,60,45,45,45,47,47,47,47,49,49,51,43,43,33,54,56,58,58,55,55,55,40,40,40,41,59,59,61,63,63,52,40,60,60,60,67,20],"gold":94,"neow_bonus":"TRANSFORM_CARD","is_prod":false,"is_daily":false,"chose_seed":false,"campfire_upgraded":8,"win_rate":0,"timestamp":1568498506,"path_taken":["M","?","M","$","M","E","R","E","T","E","?","?","?","E","R","BOSS","M","$","M","M","?","R","E","?","T","?","?","R","?","E","R","BOSS","M","M","?","M","M","R","E","R","T","E","?","?","E","?","R","BOSS","BOSS","R","$","E","BOSS"],"build_version":"2019-09-12","purchased_purges":2,"victory":true,"max_hp_per_floor":[61,61,61,61,61,61,61,61,61,61,61,61,61,61,61,61,61,61,61,61,61,61,61,61,61,61,61,61,61,61,61,61,61,61,61,61,61,61,61,61,61,61,61,61,67,67,67,67,67,67,67,67,67,67,67,67],"card_choices":[{"not_picked":["Conclude","JustLucky"],"picked":"Protect","floor":1.0},{"not_picked":["EmptyMind","FlyingSleeves"],"picked":"CrushJoints","floor":3.0},{"not_picked":["Prostrate","SandsOfTime"],"picked":"TalkToTheHand","floor":5.0},{"not_picked":["SpiritShield","WindmillStrike"],"picked":"EmptyMind","floor":6.0},{"not_picked":["FollowUp","Sanctity","EmptyBody"],"picked":"SKIP","floor":8.0},{"not_picked":["WaveOfTheHand","Tantrum"],"picked":"BowlingBash","floor":10.0},{"not_picked":["Scrawl","CleanseEvil"],"picked":"Consecrate","floor":14.0},{"not_picked":["Wallop","Pray"],"picked":"Alpha","floor":16.0},{"not_picked":["Clarity","JustLucky"],"picked":"CutThroughFate+1","floor":18.0},{"not_picked":["Protect","Fasting"],"picked":"FlurryOfBlows","floor":20.0},{"not_picked":["Halt","FollowUp","BowlingBash"],"picked":"SKIP","floor":21.0},{"not_picked":["Devotion","Worship+1"],"picked":"JustLucky+1","floor":24.0},{"not_picked":["Prostrate","FollowUp+1"],"picked":"Adaptation","floor":28.0},{"not_picked":["CutThroughFate+1","CrushJoints+1"],"picked":"Weave+1","floor":30.0},{"not_picked":["EmptyMind","Scrawl"],"picked":"CarveReality+1","floor":31.0},{"not_picked":["Alpha","FlowState"],"picked":"Vault+1","floor":33.0},{"not_picked":["Crescendo+1","Weave+1"],"picked":"Protect+1","floor":35.0},{"not_picked":["CrushJoints+1","Sanctity"],"picked":"EmptyMind+1","floor":36.0},{"not_picked":["CrushJoints+1","Scrawl"],"picked":"MasterReality","floor":38.0},{"not_picked":["Establishment","FlyingSleeves+1"],"picked":"SandsOfTime+1","floor":39.0},{"not_picked":["Conclude+1","Devotion"],"picked":"Adaptation","floor":41.0},{"not_picked":["SpiritShield","Protect+1"],"picked":"Crescendo","floor":44.0},{"not_picked":["WindmillStrike+1","Crescendo"],"picked":"FlurryOfBlows+1","floor":47.0},{"not_picked":["FollowUp+1","Conclude+1"],"picked":"FlurryOfBlows+1","floor":48.0},{"not_picked":["Fasting","FollowUp+1"],"picked":"TalkToTheHand+1","floor":55.0}],"player_experience":1057129,"relics_obtained":[{"floor":6.0,"key":"Ice Cream"},{"floor":8.0,"key":"Ornamental Fan"},{"floor":9.0,"key":"Du-Vu Doll"},{"floor":10.0,"key":"CaptainsWheel"},{"floor":14.0,"key":"Blood Vial"},{"floor":17.0,"key":"Potion Belt"},{"floor":17.0,"key":"Gremlin Horn"},{"floor":17.0,"key":"Gambling Chip"},{"floor":24.0,"key":"Letter Opener"},{"floor":30.0,"key":"Red Mask"},{"floor":31.0,"key":"Darkstone Periapt"},{"floor":41.0,"key":"Oddly Smooth Stone"},{"floor":43.0,"key":"Art of War"},{"floor":44.0,"key":"TeardropLocket"},{"floor":47.0,"key":"Bird Faced Urn"},{"floor":55.0,"key":"StrikeDummy"}],"event_choices":[{"damage_healed":0.0,"max_hp_gain":0.0,"max_hp_loss":0.0,"gold_gain":150.0,"event_name":"Liars Game","player_choice":"AGREE","floor":2.0,"gold_loss":0.0,"damage_taken":0.0,"cards_obtained":["Doubt"]},{"cards_removed":["Doubt"],"damage_healed":0.0,"max_hp_gain":0.0,"max_hp_loss":0.0,"gold_gain":0.0,"event_name":"The Cleric","player_choice":"Card Removal","floor":11.0,"gold_loss":75.0,"damage_taken":0.0},{"cards_removed":["Defend_P"],"damage_healed":0.0,"max_hp_gain":0.0,"max_hp_loss":0.0,"gold_gain":0.0,"event_name":"Golden Wing","player_choice":"Card Removal","floor":12.0,"gold_loss":0.0,"damage_taken":7.0},{"cards_removed":["Defend_P"],"damage_healed":0.0,"max_hp_gain":0.0,"max_hp_loss":0.0,"gold_gain":0.0,"event_name":"Living Wall","player_choice":"Forget","floor":13.0,"gold_loss":0.0,"damage_taken":0.0},{"damage_healed":0.0,"max_hp_gain":0.0,"max_hp_loss":0.0,"gold_gain":0.0,"event_name":"Addict","player_choice":"Stole Relic","floor":22.0,"gold_loss":0.0,"damage_taken":0.0,"relics_obtained":["Molten Egg 2"],"cards_obtained":["Shame"]},{"damage_healed":0.0,"max_hp_gain":0.0,"max_hp_loss":0.0,"gold_gain":0.0,"event_name":"The Library","player_choice":"Read","floor":25.0,"gold_loss":0.0,"damage_taken":0.0,"cards_obtained":["Establishment"]},{"damage_healed":0.0,"max_hp_gain":0.0,"max_hp_loss":0.0,"gold_gain":0.0,"event_name":"Masked Bandits","player_choice":"Fought Bandits","floor":30.0,"gold_loss":0.0,"damage_taken":0.0},{"damage_healed":0.0,"max_hp_gain":0.0,"max_hp_loss":0.0,"gold_gain":222.0,"event_name":"Tomb of Lord Red Mask","player_choice":"Wore Mask","floor":37.0,"gold_loss":0.0,"damage_taken":0.0},{"damage_healed":12.0,"max_hp_gain":0.0,"max_hp_loss":0.0,"gold_gain":0.0,"event_name":"Winding Halls","player_choice":"Writhe","floor":45.0,"gold_loss":0.0,"damage_taken":0.0,"cards_obtained":["Writhe"]}],"is_beta":true,"boss_relics":[{"not_picked":["Pandora\u0027s Box","Sozu"],"picked":"Calling Bell"},{"not_picked":["Busted Crown","HolyWater"],"picked":"Philosopher\u0027s Stone"}],"items_purged_floors":[4,46],"is_endless":false,"potions_floor_spawned":[1,6,8,10,20,21,30,31,36,44,47,48,55],"ascension_level":20}