{"gold_per_floor":[110,110,127,127,127,156,166,182,182,211,211,311,323,335,335,434,434,449,449,374,220,236,269,269,269,269,288,298,298,332,343,343,343],"floor_reached":33,"playtime":709,"items_purged":[],"score":476,"play_id":"20cb0eab-0453-43e6-b133-243041c1e467","local_time":"20190422144426","is_ascension_mode":true,"campfire_choices":[{"data":"Perfected Strike","floor":11,"key":"SMITH"},{"data":"Perfected Strike","floor":15,"key":"SMITH"},{"floor":24,"key":"REST"},{"floor":29,"key":"REST"},{"floor":32,"key":"REST"}],"neow_cost":"NONE","seed_source_timestamp":5353655158063392,"circlet_count":0,"master_deck":["Strike_R","Strike_R","Strike_R","Strike_R","Strike_R","Defend_R","Defend_R","Defend_R","Bash","Perfected Strike+1","Headbutt","Perfected Strike+1","Battle Trance","Demon Form","Bandage Up","Metallicize","Twin Strike","Seeing Red"],"relics":["Burning Blood","NeowsBlessing","Bottled Flame","Sundial","Singing Bowl","Cursed Key","Potion Belt","Boot","Centennial Puzzle"],"potions_floor_usage":[28,28,28,30,30,33,33],"damage_taken":[{"damage":0,"enemies":"Cultist","floor":1,"turns":1},{"damage":0,"enemies":"2 Louse","floor":3,"turns":1},{"damage":0,"enemies":"Gremlin Nob","floor":6,"turns":1},{"damage":7,"enemies":"Jaw Worm","floor":7,"turns":3},{"damage":23,"enemies":"Gremlin Gang","floor":8,"turns":5},{"damage":40,"enemies":"Lagavulin","floor":10,"turns":5},{"damage":4,"enemies":"Large Slime","floor":13,"turns":4},{"damage":7,"enemies":"Exordium Thugs","floor":14,"turns":3},{"damage":24,"enemies":"Slime Boss","floor":16,"turns":8},{"damage":33,"enemies":"2 Thieves","floor":18,"turns":4},{"damage":30,"enemies":"Shell Parasite","floor":22,"turns":4},{"damage":18,"enemies":"Gremlin Leader","floor":23,"turns":7},{"damage":32,"enemies":"3 Cultists","floor":27,"turns":5},{"damage":14,"enemies":"Centurion and Healer","floor":28,"turns":4},{"damage":54,"enemies":"Book of Stabbing","floor":30,"turns":5},{"damage":9,"enemies":"Cultist and Chosen","floor":31,"turns":4},{"damage":53,"enemies":"Champ","floor":33,"turns":5}],"seed_played":"1574308533109172812","potions_obtained":[{"floor":3,"key":"FearPotion"},{"floor":10,"key":"Energy Potion"},{"floor":14,"key":"GamblersBrew"},{"floor":22,"key":"GamblersBrew"},{"floor":23,"key":"Energy Potion"},{"floor":28,"key":"EssenceOfSteel"},{"floor":30,"key":"Poison Potion"}],"is_trial":false,"path_per_floor":["M","?","M","?","$","E","M","M","T","E","R","?","M","M","R","B",null,"M","?","?","$","M","E","R","?","T","M","M","R","E","M","R","B"],"character_chosen":"IRONCLAD","items_purchased":["Bandage Up","Metallicize"],"campfire_rested":3,"item_purchase_floors":[21,21],"current_hp_per_floor":[78,83,85,85,85,85,84,67,67,35,35,35,39,38,38,20,72,47,47,47,47,29,23,51,51,51,31,27,56,12,15,44,0],"gold":343,"neow_bonus":"THREE_ENEMY_KILL","is_prod":false,"is_daily":false,"chose_seed":false,"campfire_upgraded":2,"win_rate":0,"timestamp":1555958666,"path_taken":["M","?","M","?","?","E","?","M","T","E","R","?","M","M","R","BOSS","M","?","?","$","M","E","R","?","T","M","?","R","E","M","R","BOSS"],"build_version":"2019-01-23","purchased_purges":0,"victory":false,"max_hp_per_floor":[80,85,85,85,85,85,85,85,85,87,87,87,89,89,89,89,89,91,91,91,91,93,95,95,95,95,97,97,97,97,99,99,99],"card_choices":[{"not_picked":["Anger","Warcry"],"picked":"Perfected Strike","floor":1},{"not_picked":["True Grit","Rampage"],"picked":"Headbutt","floor":3},{"not_picked":["Dual Wield","Clash","Cleave"],"picked":"SKIP","floor":6},{"not_picked":["Infernal Blade","Anger","Havoc"],"picked":"SKIP","floor":7},{"not_picked":["Thunderclap","Uppercut"],"picked":"Perfected Strike","floor":8},{"not_picked":["Rupture","Warcry","Demon Form"],"picked":"Singing Bowl","floor":10},{"not_picked":["Clash","Combust","Body Slam"],"picked":"Singing Bowl","floor":13},{"not_picked":["Anger","Heavy Blade"],"picked":"Battle Trance","floor":14},{"not_picked":["Fiend Fire","Barricade"],"picked":"Demon Form","floor":16},{"not_picked":["Headbutt","Seeing Red","Perfected Strike"],"picked":"Singing Bowl","floor":18},{"not_picked":["Whirlwind","Warcry+1","Dual Wield"],"picked":"Singing Bowl","floor":22},{"not_picked":["Shockwave","Entrench","Armaments"],"picked":"Singing Bowl","floor":23},{"not_picked":["Cleave+1","Flame Barrier+1","Shockwave"],"picked":"Singing Bowl","floor":27},{"not_picked":["Body Slam","Flex+1"],"picked":"Twin Strike","floor":28},{"not_picked":["Berserk","Iron Wave"],"picked":"Seeing Red","floor":30},{"not_picked":["Warcry","Clothesline+1","Anger"],"picked":"Singing Bowl","floor":31}],"player_experience":732904,"relics_obtained":[{"floor":6,"key":"Bottled Flame"},{"floor":9,"key":"Sundial"},{"floor":10,"key":"Singing Bowl"},{"floor":23,"key":"Boot"},{"floor":30,"key":"Centennial Puzzle"}],"event_choices":[{"damage_healed":0,"gold_gain":0,"player_choice":"Donut","damage_taken":0,"max_hp_gain":5,"max_hp_loss":0,"event_name":"Big Fish","floor":2,"gold_loss":0},{"damage_healed":0,"gold_gain":0,"player_choice":"Ignored","damage_taken":0,"max_hp_gain":0,"max_hp_loss":0,"event_name":"Liars Game","floor":4,"gold_loss":0},{"damage_healed":0,"gold_gain":100,"player_choice":"Pray","damage_taken":0,"max_hp_gain":0,"max_hp_loss":0,"event_name":"Golden Shrine","floor":12,"gold_loss":0},{"damage_healed":0,"gold_gain":0,"player_choice":"Opened","damage_taken":0,"relics_obtained":["Potion Belt"],"max_hp_gain":0,"max_hp_loss":0,"event_name":"The Mausoleum","floor":19,"gold_loss":0,"cards_obtained":["Writhe"]},{"cards_removed":["Writhe"],"damage_healed":0,"gold_gain":0,"player_choice":"Gave Gold","damage_taken":0,"max_hp_gain":0,"max_hp_loss":0,"event_name":"Beggar","floor":20,"gold_loss":75},{"cards_removed":["Defend_R"],"damage_healed":0,"gold_gain":0,"player_choice":"Purged","damage_taken":0,"max_hp_gain":0,"max_hp_loss":0,"event_name":"Purifier","floor":25,"gold_loss":0}],"is_beta":false,"boss_relics":[{"not_picked":["Black Blood","Runic Pyramid"],"picked":"Cursed Key"}],"items_purged_floors":[],"is_endless":false,"potions_floor_spawned":[3,10,14,18,22,23,28,30],"killed_by":"Champ","ascension_level":8}