{"gold_per_floor":[109,34,34,34,34,34,51,51,75,149,149,166,196,216,216,216],"floor_reached":16,"playtime":380,"items_purged":["Strike_R"],"score":132,"play_id":"3a5aee20-ea5b-429c-96b1-6523b232ab2d","local_time":"20190331213805","is_ascension_mode":true,"campfire_choices":[{"data":"Bash","floor":6,"key":"SMITH"},{"data":"Infernal Blade","floor":10,"key":"SMITH"},{"data":"Flex","floor":15,"key":"SMITH"}],"neow_cost":"NONE","seed_source_timestamp":3478020323465389,"circlet_count":0,"master_deck":["Strike_R","Strike_R","Strike_R","Strike_R","Defend_R","Defend_R","Defend_R","Defend_R","Bash+1","strawberrySpire:Disreguard","Replay:Undeath\u0027s Touch","Infernal Blade+1","Replay:Undeath\u0027s Touch","Shrug It Off","Flex+1"],"relics":["Burning Blood","ReplayTheSpireMod:Ring of Exchange","Ring of Misfortune","hubris:Reverence","Bag of Preparation","hubris:TinFlute"],"potions_floor_usage":[],"damage_taken":[{"damage":1,"enemies":"2 Louse","floor":1,"turns":2},{"damage":0,"enemies":"Cultist","floor":7,"turns":4},{"damage":7,"enemies":"Jaw Worm","floor":12,"turns":3},{"damage":27,"enemies":"Lagavulin","floor":13,"turns":4},{"damage":9,"enemies":"Blue Slaver","floor":14,"turns":3},{"damage":79,"enemies":"Fading Forest","floor":16,"turns":8}],"seed_played":"-4124451360679263043","potions_obtained":[{"floor":7,"key":"SpeedPotion"},{"floor":13,"key":"Adrenaline Potion"}],"is_trial":false,"path_per_floor":["M","$","?","$","T","R","M","$","T","R","?","M","E","M","R","B"],"character_chosen":"IRONCLAD","items_purchased":[],"campfire_rested":0,"item_purchase_floors":[],"current_hp_per_floor":[77,77,77,77,77,77,80,80,80,80,80,79,58,55,55,0],"gold":216,"neow_bonus":"RANDOM_COLORLESS","is_prod":false,"is_daily":false,"chose_seed":false,"campfire_upgraded":3,"win_rate":0,"timestamp":1554082685,"path_taken":["M","$","?","$","?","R","M","?","T","R","?","M","E","?","R","BOSS"],"build_version":"2019-01-23","purchased_purges":1,"victory":false,"max_hp_per_floor":[80,80,80,80,80,80,80,80,80,80,80,80,80,80,80,80],"card_choices":[{"not_picked":["True Grit","Pommel Strike"],"picked":"Replay:Undeath\u0027s Touch","floor":1},{"not_picked":["Iron Wave","Clash"],"picked":"Infernal Blade","floor":7},{"not_picked":["Hemokinesis","Flame Barrier"],"picked":"Replay:Undeath\u0027s Touch","floor":12},{"not_picked":["strawberrySpire:DebrisPile","strawberrySpire:FireDrill"],"picked":"Shrug It Off","floor":13},{"not_picked":["Thunderclap","strawberrySpire:DraftPunk"],"picked":"Flex","floor":14}],"player_experience":740238,"relics_obtained":[{"floor":3,"key":"ReplayTheSpireMod:Ring of Exchange"},{"floor":3,"key":"Ring of Misfortune"},{"floor":5,"key":"hubris:Reverence"},{"floor":9,"key":"Bag of Preparation"},{"floor":13,"key":"hubris:TinFlute"}],"event_choices":[{"damage_healed":0,"gold_gain":0,"player_choice":"0 cards matched","damage_taken":0,"max_hp_gain":0,"max_hp_loss":0,"event_name":"Match and Keep!","floor":11,"gold_loss":0,"cards_obtained":[]}],"is_beta":false,"boss_relics":[],"items_purged_floors":[2],"is_endless":false,"potions_floor_spawned":[7,13],"killed_by":"Fading Forest","ascension_level":7}