{"gold_per_floor":[111,286,286,304,304,224,241,256,256,286,286],"floor_reached":11,"playtime":303,"items_purged":[],"score":73,"play_id":"1dfde0ea-39fe-4633-9663-a32c0a792aaa","local_time":"20190913003323","is_ascension_mode":false,"campfire_choices":[],"neow_cost":"NONE","seed_source_timestamp":2319650424521500,"circlet_count":0,"master_deck":["Strike_B+1","Strike_B","Strike_B","Strike_B","Defend_B","Defend_B","Defend_B","Defend_B+1","Zap","Dualcast","Darkness","Doubt","Defragment","Capacitor","White Noise","Self Repair","Genetic Algorithm"],"relics":["Cracked Core","NeowsBlessing","Darkstone Periapt","Pantograph"],"potions_floor_usage":[8,10],"damage_taken":[{"damage":0,"enemies":"Small Slimes","floor":1,"turns":1},{"damage":0,"enemies":"2 Louse","floor":4,"turns":1},{"damage":0,"enemies":"Jaw Worm","floor":7,"turns":1},{"damage":13,"enemies":"Red Slaver","floor":8,"turns":3},{"damage":38,"enemies":"Gremlin Nob","floor":10,"turns":5},{"damage":21,"enemies":"Blue Slaver","floor":11,"turns":4}],"seed_played":"-9052858259271392839","potions_obtained":[{"floor":7,"key":"FearPotion"},{"floor":8,"key":"SkillPotion"}],"is_trial":false,"path_per_floor":["M","?","$","M","?","$","M","M","T","E","M"],"character_chosen":"DEFECT","items_purchased":["Capacitor"],"campfire_rested":0,"item_purchase_floors":[6],"current_hp_per_floor":[75,75,75,75,60,60,60,47,47,16,0],"gold":286,"neow_bonus":"THREE_ENEMY_KILL","is_prod":false,"is_daily":false,"chose_seed":false,"campfire_upgraded":0,"win_rate":0,"timestamp":1568349203,"path_taken":["M","?","$","M","?","?","M","M","T","E","M"],"build_version":"2019-07-17","purchased_purges":0,"victory":false,"max_hp_per_floor":[75,75,75,75,75,75,75,75,75,75,75],"card_choices":[{"not_picked":["Gash","Steam"],"picked":"Darkness","floor":1},{"not_picked":["Stack","Go for the Eyes"],"picked":"Defragment","floor":4},{"not_picked":["Hologram","Barrage"],"picked":"White Noise","floor":7},{"not_picked":["Compile Driver","Stack"],"picked":"Self Repair","floor":8},{"not_picked":["Consume","All For One"],"picked":"Genetic Algorithm","floor":10}],"player_experience":404259,"relics_obtained":[{"floor":9,"key":"Darkstone Periapt"},{"floor":10,"key":"Pantograph"}],"event_choices":[{"damage_healed":0,"gold_gain":175,"player_choice":"AGREE","damage_taken":0,"max_hp_gain":0,"max_hp_loss":0,"event_name":"Liars Game","floor":2,"gold_loss":0,"cards_obtained":["Doubt"]},{"damage_healed":0,"gold_gain":0,"player_choice":"Entered Light","damage_taken":15,"max_hp_gain":0,"max_hp_loss":0,"event_name":"Shining Light","floor":5,"gold_loss":0,"cards_upgraded":["Strike_B","Defend_B"]}],"is_beta":false,"boss_relics":[],"items_purged_floors":[],"is_endless":false,"potions_floor_spawned":[7,8],"killed_by":"Blue Slaver","ascension_level":0}