{"path_per_floor":["M","?","M","?","M","R","E","R","T","R","$","E","?","E","R","B",null,"M","?","?","$","M"],"character_chosen":"DEFECT","items_purchased":["Capacitor","Double Energy"],"gold_per_floor":[111,111,123,123,134,134,164,164,164,164,40,73,73,106,106,181,181,200,200,200,63,75,75],"floor_reached":23,"campfire_rested":1,"playtime":1911,"current_hp_per_floor":[64,64,64,43,43,43,25,25,25,46,46,41,41,22,22,25,60,46,26,26,26,29,0],"items_purged":["Defend_B","Strike_B"],"gold":75,"score":359,"play_id":"16865639-5357-4792-ab70-94d4d53fbd17","local_time":"20180511210442","is_prod":false,"is_daily":false,"chose_seed":false,"is_ascension_mode":true,"campfire_upgraded":3,"timestamp":1526097882,"path_taken":["M","?","?","?","M","R","E","R","T","R","?","E","?","E","R","BOSS","M","?","?","$","?","E"],"build_version":"2018-05-10","seed_source_timestamp":553627740994106,"purchased_purges":2,"victory":false,"master_deck":["Strike_B+1","Defend_B","Defend_B","Defend_B","Zap+1","Dualcast+1","AscendersBane","BootSequence","Cold Snap+1","Axe Kick","Glacier","Capacitor+1","White Noise","Amplify","Ball Lightning","Creative AI","Chill","Double Energy","Stack+1"],"max_hp_per_floor":[71,71,71,71,71,71,71,71,71,71,71,71,71,71,71,71,71,71,76,76,76,76,76],"relics":["Cracked Core","NeowsBlessing","Gambling Chip","Toolbox","Emotion Chip","Meat on the Bone","Runic Pyramid"],"card_choices":[{"not_picked":["Go for the Eyes","Barrage"],"picked":"BootSequence","floor":1.0},{"not_picked":["Axe Kick","Reprogram"],"picked":"Cold Snap","floor":3.0},{"not_picked":["Skim","Force Field"],"picked":"Axe Kick","floor":5.0},{"not_picked":["Hologram","Chaos"],"picked":"Glacier","floor":7.0},{"not_picked":["Axe Kick","Cold Snap"],"picked":"White Noise","floor":12.0},{"not_picked":["Fission","Sweeping Beam"],"picked":"Ball Lightning","floor":14.0},{"not_picked":["Hyperbeam","Thunder Strike"],"picked":"Creative AI","floor":16.0},{"not_picked":["Hologram","Rip and Tear"],"picked":"Chill","floor":18.0},{"not_picked":["Reprogram","Go for the Eyes"],"picked":"Stack","floor":22.0}],"player_experience":649710,"potions_floor_usage":[23,23,23,23,23,23,23],"damage_taken":[{"damage":0.0,"enemies":"Jaw Worm","floor":1.0,"turns":1.0},{"damage":0.0,"enemies":"Small Slimes","floor":3.0,"turns":1.0},{"damage":0.0,"enemies":"Cultist","floor":5.0,"turns":1.0},{"damage":18.0,"enemies":"Lagavulin","floor":7.0,"turns":5.0},{"damage":5.0,"enemies":"Gremlin Nob","floor":12.0,"turns":3.0},{"damage":19.0,"enemies":"Lagavulin","floor":14.0,"turns":5.0},{"damage":9.0,"enemies":"The Guardian","floor":16.0,"turns":11.0},{"damage":14.0,"enemies":"3 Byrds","floor":18.0,"turns":7.0},{"damage":9.0,"enemies":"2 Thieves","floor":22.0,"turns":5.0},{"damage":36,"enemies":"Gremlin Leader","floor":23,"turns":7}],"event_choices":[{"event_name":"Living Wall","player_choice":"Forget","floor":2.0,"damage_taken":0.0},{"event_name":"Shining Light","player_choice":"Entered Light","floor":4.0,"damage_taken":0.0},{"event_name":"Match and Keep!","player_choice":"1 cards matched","floor":13.0,"damage_taken":0.0},{"event_name":"Match and Keep!","player_choice":"1 cards matched","floor":13.0,"damage_taken":0.0},{"event_name":"Forgotten Altar","player_choice":"Shed Blood","floor":19.0,"damage_taken":0.0},{"event_name":"Purifier","player_choice":"One Purge","floor":20.0,"damage_taken":0.0}],"boss_relics":[],"potions_floor_spawned":[5,14,16,22],"seed_played":"-8779514139993355330","killed_by":"Gremlin Leader","ascension_level":15,"is_trial":false}