{"path_per_floor":["M","?","M","M","M","R","M","R","T","R","T","E","$","?","R","B",null,"M","?","?","$","?","R","M","R","T","E","?","?","?","E","R","B",null,"M","?","M","$","M","R","E","R","T","M","M","$","E","?","R","B"],"character_chosen":"THE_SILENT","items_purchased":["Snake Skull","Backflip","Footwork","Concentrate","Noxious Fumes","Deep Breath"],"gold_per_floor":[118,193,203,221,235,235,252,252,275,275,275,309,37,37,37,137,137,152,152,112,30,30,30,46,46,46,73,73,73,73,101,101,197,197,217,217,228,21,34,34,66,66,90,110,120,20,54,54,54,54],"floor_reached":51,"campfire_rested":2,"playtime":6310,"current_hp_per_floor":[61,50,48,48,24,24,24,24,24,45,45,32,32,37,37,18,61,33,19,19,19,19,19,19,43,43,43,43,27,27,26,26,26,67,56,56,53,53,53,53,53,53,53,53,53,53,53,43,43,43],"items_purged":["Strike_G","Survivor"],"gold":54,"score":1200,"play_id":"e125b671-6796-4e2f-b550-95cc7a124eac","local_time":"20180418193029","is_prod":false,"is_daily":false,"chose_seed":false,"is_ascension_mode":true,"campfire_upgraded":8,"timestamp":1524105029,"path_taken":["M","?","M","M","M","R","?","R","T","R","?","E","$","?","R","BOSS","M","?","?","$","?","R","M","R","T","E","?","?","?","E","R","BOSS","M","?","M","?","M","R","E","R","T","M","M","$","E","?","R","BOSS"],"build_version":"2018-04-12","seed_source_timestamp":28058014427666,"purchased_purges":2,"victory":true,"master_deck":["Neutralize+1","Acrobatics+1","Choke+1","Concentrate+1","Infinite Blades","Reflex+1","Dodge and Roll+1","Backflip+1","Night Terror+1","Outmaneuver+1","Footwork+1","Calculated Gamble+1","Footwork+1","Necronomicurse","Backflip+1","Reflex+1","Tools of the Trade+1","Backflip+1","Masterful Stab","Outmaneuver+1","Cloak And Dagger+1","Endless Agony","Prepared+1","Deflect+1","Deflect+1","Bouncing Flask+1","Expertise+1","Concentrate+1","Noxious Fumes+1","Deep Breath+1","Bouncing Flask+1","A Thousand Cuts+1","Madness+1","Madness+1"],"max_hp_per_floor":[70,70,70,70,70,70,70,70,70,70,70,70,70,75,75,75,75,75,80,80,80,80,80,80,80,80,80,80,80,80,80,80,80,80,80,80,80,80,80,80,80,80,80,80,80,80,80,80,80,80],"relics":["Ring of the Snake","War Paint","Juzu Bracelet","Toxic Egg 2","Snake Skull","Philosopher\u0027s Stone","Letter Opener","Oddly Smooth Stone","Necronomicon","Happy Flower","Pandora\u0027s Box","Orichalcum","Omamori","Dodecahedron"],"card_choices":[{"not_picked":["Crippling Poison","Underhanded Strike"],"picked":"Acrobatics","floor":1},{"not_picked":["Underhanded Strike","Setup"],"picked":"Choke","floor":3},{"not_picked":["Backstab","Leg Sweep"],"picked":"Concentrate","floor":4},{"not_picked":["Deadly Poison","Dash"],"picked":"Infinite Blades","floor":5},{"not_picked":["Skewer","Eviscerate"],"picked":"Reflex","floor":7},{"not_picked":["Deflect","Terror"],"picked":"Dodge and Roll","floor":12},{"not_picked":["Grand Finale","Doppelganger"],"picked":"Night Terror","floor":16},{"not_picked":["Deadly Poison","PiercingWail"],"picked":"Outmaneuver","floor":18},{"not_picked":["Reflex","Dagger Throw"],"picked":"Calculated Gamble","floor":24},{"not_picked":["Die Die Die","Slice"],"picked":"Footwork","floor":27},{"not_picked":["Terror","Underhanded Strike"],"picked":"Reflex","floor":31},{"not_picked":["Unload","Corpse Explosion"],"picked":"Tools of the Trade","floor":33},{"not_picked":["Quick Slash","Backflip"],"picked":"Bouncing Flask","floor":35},{"not_picked":["Dagger Throw","Sucker Punch"],"picked":"Expertise","floor":37},{"not_picked":["Setup","Phantasmal Killer"],"picked":"Bouncing Flask","floor":41},{"not_picked":["PiercingWail","Leg Sweep"],"picked":"A Thousand Cuts","floor":47}],"player_experience":372049,"potions_floor_usage":[5,12,16,18,24,24,27,31,39,50,50,50],"damage_taken":[{"damage":2,"enemies":"2 Louse","floor":1,"turns":4},{"damage":2,"enemies":"Small Slimes","floor":3,"turns":4},{"damage":0,"enemies":"Cultist","floor":4,"turns":4},{"damage":24,"enemies":"Gremlin Gang","floor":5,"turns":10},{"damage":0,"enemies":"Exordium Thugs","floor":7,"turns":5},{"damage":13,"enemies":"3 Sentries","floor":12,"turns":7},{"damage":19,"enemies":"The Guardian","floor":16,"turns":11},{"damage":28,"enemies":"Shell Parasite","floor":18,"turns":6},{"damage":0,"enemies":"Chosen","floor":24,"turns":5},{"damage":0,"enemies":"Book of Stabbing","floor":27,"turns":7},{"damage":1,"enemies":"Gremlin Leader","floor":31,"turns":5},{"damage":0,"enemies":"Automaton","floor":33,"turns":6},{"damage":11,"enemies":"3 Shapes","floor":35,"turns":4},{"damage":3,"enemies":"Orb Walker","floor":37,"turns":3},{"damage":0,"enemies":"Maw","floor":39,"turns":3},{"damage":0,"enemies":"Nemesis","floor":41,"turns":3},{"damage":0,"enemies":"4 Shapes","floor":44,"turns":2},{"damage":0,"enemies":"3 Darklings","floor":45,"turns":2},{"damage":0,"enemies":"Giant Head","floor":47,"turns":3},{"damage":0,"enemies":"Time Eater","floor":50,"turns":5}],"event_choices":[{"event_name":"World of Goop","player_choice":"Gather Gold","floor":2,"damage_taken":0},{"event_name":"Big Fish","player_choice":"Donut","floor":14,"damage_taken":0},{"event_name":"Forgotten Altar","player_choice":"Shed Blood","floor":19,"damage_taken":0},{"event_name":"The Woman in Blue","player_choice":"Bought 3 Potions","floor":20,"damage_taken":0},{"event_name":"Drug Dealer","player_choice":"Ignored","floor":22,"damage_taken":0},{"event_name":"Wheel of Change","player_choice":"Card Removal","floor":28,"damage_taken":0},{"event_name":"Cursed Tome","player_choice":"Obtained Book","floor":29,"damage_taken":0},{"event_name":"The Library","player_choice":"Read","floor":30,"damage_taken":0},{"event_name":"Tomb of Lord Red Mask","player_choice":"Ignored","floor":36,"damage_taken":0},{"event_name":"Winding Halls","player_choice":"Embrace Madness","floor":48,"damage_taken":0}],"boss_relics":[{"not_picked":["Snecko Eye","Cursed Key"],"picked":"Philosopher\u0027s Stone"},{"not_picked":["Eternal Feather","Calling Bell"],"picked":"Pandora\u0027s Box"}],"potions_floor_spawned":[1,7,12,16,24,27,33,35,39,44,45],"seed_played":"6946794424244266841","ascension_level":7,"is_trial":false}