{"gold_per_floor":[111,122,72,72,88,116,116,176,226,238],"floor_reached":10,"playtime":957,"items_purged":[],"score":122,"play_id":"c4e6387d-7c43-4892-a838-52a06c3551a0","local_time":"20190805114425","is_ascension_mode":true,"campfire_choices":[{"data":"Zap","floor":7,"key":"SMITH"}],"neow_cost":"NONE","seed_source_timestamp":1670425995257971,"circlet_count":0,"master_deck":["AscendersBane","Strike_B","Strike_B","Strike_B","Defend_B","Defend_B","Defend_B","Zap+1","Dualcast","Purity","Self Repair","Glacier","Ball Lightning","Undo","Beam Cell"],"special_seed":0,"relics":["Cracked Core","Question Card","Tiny Chest","MawBank"],"potions_floor_usage":[6,8],"damage_taken":[{"damage":0.0,"enemies":"Small Slimes","floor":1.0,"turns":3.0},{"damage":3,"enemies":"2 Louse","floor":2,"turns":3},{"damage":10,"enemies":"Jaw Worm","floor":5,"turns":5},{"damage":15,"enemies":"3 Sentries","floor":6,"turns":7},{"damage":35,"enemies":"Gremlin Nob","floor":8,"turns":6},{"damage":36,"enemies":"Gremlin Gang","floor":10,"turns":3}],"seed_played":"-5186048501453677548","potions_obtained":[{"floor":1.0,"key":"Explosive Potion"},{"floor":2,"key":"Weak Potion"},{"floor":5,"key":"FocusPotion"}],"is_trial":false,"path_per_floor":["M","M","?","?","M","E","R","E","T","M"],"character_chosen":"DEFECT","items_purchased":[],"campfire_rested":0,"item_purchase_floors":[],"current_hp_per_floor":[68,72,72,72,69,61,61,33,33,0],"gold":238,"neow_bonus":"RANDOM_COLORLESS","is_prod":false,"is_daily":false,"chose_seed":false,"campfire_upgraded":1,"win_rate":0,"timestamp":1565030665,"path_taken":["M","M","?","?","M","E","R","E","T","M"],"build_version":"2019-07-17","purchased_purges":0,"victory":false,"max_hp_per_floor":[75,75,75,75,75,75,75,75,75,75],"card_choices":[{"not_picked":["Turbo","Steam"],"picked":"Self Repair","floor":1.0},{"not_picked":["Self Repair","Go for the Eyes"],"picked":"Glacier","floor":2},{"not_picked":["Force Field","Hello World"],"picked":"Ball Lightning","floor":5},{"not_picked":["Conserve Battery","Gash"],"picked":"Undo","floor":6},{"not_picked":["Meteor Strike","Lockon","Undo"],"picked":"Beam Cell","floor":8}],"player_experience":586276,"relics_obtained":[{"floor":6,"key":"Question Card"},{"floor":8,"key":"Tiny Chest"},{"floor":9,"key":"MawBank"}],"event_choices":[{"cards_removed":["Defend_B"],"damage_healed":0,"gold_gain":0,"player_choice":"Card Removal","damage_taken":0,"max_hp_gain":0,"max_hp_loss":0,"event_name":"The Cleric","floor":3,"gold_loss":50},{"cards_removed":["Strike_B"],"damage_healed":0,"gold_gain":0,"player_choice":"Forget","damage_taken":0,"max_hp_gain":0,"max_hp_loss":0,"event_name":"Living Wall","floor":4,"gold_loss":0}],"is_beta":false,"boss_relics":[],"items_purged_floors":[],"is_endless":false,"potions_floor_spawned":[1,2,5],"killed_by":"Gremlin Gang","ascension_level":12}