{"gold_per_floor":[116,116,128,128,142,142,142,142,222,253,273,66,81,95,95,95],"floor_reached":16,"playtime":914,"items_purged":[],"score":102,"play_id":"02ddfc32-13ac-456f-8706-71e24feb6af5","local_time":"20190917022649","is_ascension_mode":false,"campfire_choices":[{"floor":6,"key":"REST"},{"data":"Shrug It Off","floor":8,"key":"SMITH"},{"data":"Bash","floor":15,"key":"SMITH"}],"neow_cost":"PERCENT_DAMAGE","seed_source_timestamp":79439653534600,"circlet_count":0,"master_deck":["Strike_R","Strike_R","Strike_R","Strike_R","Defend_R","Defend_R","Defend_R","Defend_R","Bash+1","Shrug It Off+1"],"relics":["Burning Blood","Torii","Turnip","Ornamental Fan","Blue Candle","Matryoshka","Lee\u0027s Waffle"],"potions_floor_usage":[10,16],"damage_taken":[{"damage":12,"enemies":"Jaw Worm","floor":1,"turns":5},{"damage":1,"enemies":"Cultist","floor":3,"turns":4},{"damage":0,"enemies":"Small Slimes","floor":5,"turns":6},{"damage":13,"enemies":"3 Sentries","floor":10,"turns":16},{"damage":15,"enemies":"Red Slaver","floor":11,"turns":5},{"damage":10,"enemies":"Exordium Wildlife","floor":13,"turns":11},{"damage":0,"enemies":"3 Louse","floor":14,"turns":5},{"damage":91,"enemies":"Slime Boss","floor":16,"turns":16}],"seed_played":"-7994133516385310194","potions_obtained":[{"floor":3,"key":"EssenceOfSteel"},{"floor":13,"key":"Energy Potion"}],"is_trial":false,"path_per_floor":["M","?","M","T","M","R","T","R","T","E","M","$","M","M","R","B"],"character_chosen":"IRONCLAD","items_purchased":["Lee\u0027s Waffle"],"campfire_rested":1,"item_purchase_floors":[12],"current_hp_per_floor":[50,43,48,48,54,78,78,78,78,71,62,87,83,87,87,0],"gold":95,"neow_bonus":"ONE_RARE_RELIC","is_prod":false,"is_daily":false,"chose_seed":false,"campfire_upgraded":2,"win_rate":0,"timestamp":1568701609,"path_taken":["M","?","M","?","M","R","?","R","T","E","?","$","M","M","R","BOSS"],"build_version":"2019-07-17","purchased_purges":0,"victory":false,"max_hp_per_floor":[80,80,80,80,80,80,80,80,80,80,80,87,87,87,87,87],"card_choices":[{"not_picked":["Thunderclap","Seeing Red"],"picked":"Shrug It Off","floor":1},{"not_picked":["Thunderclap","Perfected Strike","Flame Barrier"],"picked":"SKIP","floor":3},{"not_picked":["Thunderclap","Spot Weakness","Pommel Strike"],"picked":"SKIP","floor":5},{"not_picked":["Pommel Strike","Infernal Blade","Uppercut"],"picked":"SKIP","floor":10},{"not_picked":["Pommel Strike","Sword Boomerang","Thunderclap"],"picked":"SKIP","floor":11},{"not_picked":["Clash","Fiend Fire","Rage"],"picked":"SKIP","floor":13},{"not_picked":["Rage","Havoc","Burning Pact"],"picked":"SKIP","floor":14}],"player_experience":552717,"relics_obtained":[{"floor":4,"key":"Turnip"},{"floor":7,"key":"Ornamental Fan"},{"floor":9,"key":"Blue Candle"},{"floor":10,"key":"Matryoshka"}],"event_choices":[{"cards_removed":["Strike_R"],"damage_healed":0,"gold_gain":0,"player_choice":"Card Removal","damage_taken":7,"max_hp_gain":0,"max_hp_loss":0,"event_name":"Golden Wing","floor":2,"gold_loss":0}],"is_beta":false,"boss_relics":[],"items_purged_floors":[],"is_endless":false,"potions_floor_spawned":[3,13],"killed_by":"Slime Boss","ascension_level":0}