{"gold_per_floor":[112,112,131,56,131,156,156,174,227,227,246,261,261,7,7,112,112,126,76,76,104,104,104,121,121,169,169,179,179,179,199,199,199],"floor_reached":33,"playtime":731,"items_purged":["Defend_R","Strike_R"],"score":268,"play_id":"fb0b2f5c-ee21-4a7e-b98f-2e0688fd5092","local_time":"20190912171442","is_ascension_mode":false,"campfire_choices":[{"data":"Flex","floor":7,"key":"SMITH"},{"data":"Dropkick","floor":15,"key":"SMITH"},{"floor":23,"key":"REST"},{"data":"Dropkick","floor":25,"key":"SMITH"},{"floor":27,"key":"REST"},{"floor":30,"key":"REST"},{"floor":32,"key":"REST"}],"neow_cost":"NONE","seed_source_timestamp":2292902236362100,"circlet_count":0,"master_deck":["Strike_R","Strike_R","Defend_R","Defend_R","Bash","Flex+1","Seeing Red+1","Dropkick+1","Seeing Red+1","Bloodletting+1","Dropkick+1"],"relics":["Burning Blood","NeowsBlessing","Boot","Strawberry","Letter Opener","War Paint","Empty Cage","Red Mask","Mummified Hand","Anchor"],"potions_floor_usage":[16,16,21,24,31],"damage_taken":[{"damage":0,"enemies":"2 Louse","floor":1,"turns":1},{"damage":0,"enemies":"Small Slimes","floor":3,"turns":1},{"damage":0,"enemies":"Lagavulin","floor":6,"turns":1},{"damage":1,"enemies":"Cultist","floor":8,"turns":3},{"damage":23,"enemies":"Exordium Thugs","floor":11,"turns":4},{"damage":16,"enemies":"Exordium Wildlife","floor":12,"turns":3},{"damage":49,"enemies":"Hexaghost","floor":16,"turns":7},{"damage":42,"enemies":"Shell Parasite","floor":18,"turns":4},{"damage":31,"enemies":"Masked Bandits","floor":21,"turns":4},{"damage":27,"enemies":"3 Byrds","floor":24,"turns":5},{"damage":8,"enemies":"Centurion and Healer","floor":28,"turns":4},{"damage":55,"enemies":"Sentry and Sphere","floor":31,"turns":6},{"damage":66,"enemies":"Collector","floor":33,"turns":5}],"seed_played":"2297722788065757711","potions_obtained":[{"floor":1,"key":"Ancient Potion"},{"floor":8,"key":"GamblersBrew"},{"floor":16,"key":"BloodPotion"},{"floor":21,"key":"Block Potion"},{"floor":24,"key":"Poison Potion"}],"is_trial":false,"path_per_floor":["M","?","M","$","?","E","R","M","T","?","M","M","T","$","R","B",null,"M","?","$","?","T","R","M","R","T","R","M","?","R","M","R","B"],"character_chosen":"IRONCLAD","items_purchased":["War Paint"],"campfire_rested":4,"item_purchase_floors":[14],"current_hp_per_floor":[80,80,80,80,69,75,75,80,87,87,70,60,60,60,60,17,87,51,51,51,47,47,73,52,52,52,78,76,59,86,37,64,0],"gold":199,"neow_bonus":"THREE_ENEMY_KILL","is_prod":false,"is_daily":false,"chose_seed":false,"campfire_upgraded":3,"win_rate":0,"timestamp":1568322882,"path_taken":["M","?","M","$","?","E","R","M","T","?","?","M","?","?","R","BOSS","M","?","$","?","?","R","?","R","T","R","M","?","R","M","R","BOSS"],"build_version":"2019-07-17","purchased_purges":2,"victory":false,"max_hp_per_floor":[80,80,80,80,80,80,80,80,87,87,87,87,87,87,87,87,87,87,87,87,87,87,87,87,87,87,87,87,92,92,92,92,92],"card_choices":[{"not_picked":["Combust","Feel No Pain"],"picked":"Flex","floor":1},{"not_picked":["Anger","Seeing Red","Armaments"],"picked":"SKIP","floor":3},{"not_picked":["Clothesline","Thunderclap","Anger"],"picked":"SKIP","floor":6},{"not_picked":["Wild Strike","Havoc"],"picked":"Seeing Red","floor":8},{"not_picked":["Carnage","Bludgeon"],"picked":"Dropkick","floor":11},{"not_picked":["Combust","Sword Boomerang"],"picked":"Seeing Red","floor":12},{"not_picked":["Body Slam","Twin Strike+1","Rampage"],"picked":"SKIP","floor":18},{"not_picked":["Twin Strike","Ghostly Armor"],"picked":"Bloodletting+1","floor":21},{"not_picked":["Burning Pact+1","Shockwave"],"picked":"Dropkick","floor":24},{"not_picked":["Wild Strike","Havoc","Evolve"],"picked":"SKIP","floor":28},{"not_picked":["Body Slam","Sword Boomerang+1","Pommel Strike"],"picked":"SKIP","floor":31}],"player_experience":394665,"relics_obtained":[{"floor":6,"key":"Boot"},{"floor":9,"key":"Strawberry"},{"floor":13,"key":"Letter Opener"},{"floor":21,"key":"Red Mask"},{"floor":22,"key":"Mummified Hand"},{"floor":26,"key":"Anchor"}],"event_choices":[{"damage_healed":0,"gold_gain":0,"player_choice":"Ignored","damage_taken":0,"max_hp_gain":0,"max_hp_loss":0,"event_name":"Liars Game","floor":2,"gold_loss":0},{"damage_healed":0,"gold_gain":75,"player_choice":"Gather Gold","damage_taken":11,"max_hp_gain":0,"max_hp_loss":0,"event_name":"World of Goop","floor":5,"gold_loss":0},{"cards_removed":["Strike_R"],"damage_healed":0,"gold_gain":0,"player_choice":"Purged","damage_taken":0,"max_hp_gain":0,"max_hp_loss":0,"event_name":"Purifier","floor":10,"gold_loss":0},{"damage_healed":0,"gold_gain":0,"player_choice":"Bet on Murderer","damage_taken":0,"max_hp_gain":0,"max_hp_loss":0,"event_name":"The Joust","floor":19,"gold_loss":50},{"damage_healed":0,"gold_gain":0,"player_choice":"Fought Bandits","damage_taken":0,"max_hp_gain":0,"max_hp_loss":0,"event_name":"Masked Bandits","floor":21,"gold_loss":0},{"damage_healed":0,"gold_gain":0,"player_choice":"Shed Blood","damage_taken":22,"max_hp_gain":5,"max_hp_loss":0,"event_name":"Forgotten Altar","floor":29,"gold_loss":0}],"is_beta":false,"boss_relics":[{"not_picked":["Runic Pyramid","Snecko Eye"],"picked":"Empty Cage"}],"items_purged_floors":[4,14],"is_endless":false,"potions_floor_spawned":[1,8,16,21,24],"killed_by":"Collector","ascension_level":0}