{"gold_per_floor":[114,64,64,75,95,130,130,194,219,219,63,63,78,6,6,103,103,120,120,138,138,151,151,151,151,200,214,224,224,240,254,254,351,401,413,513,513,529,126,126,140,140,140,140,153,179,179,189,189,189],"floor_reached":51,"playtime":2384,"items_purged":["Strike_B"],"score":682,"play_id":"c33a6da1-9cb8-4a35-b3ad-a390ab6de277","local_time":"20181030170306","is_ascension_mode":false,"campfire_choices":[{"data":"Blizzard","floor":7,"key":"SMITH"},{"data":"Redo","floor":10,"key":"SMITH"},{"data":"Self Repair","floor":12,"key":"SMITH"},{"data":"Zap","floor":15,"key":"SMITH"},{"data":"Buffer","floor":23,"key":"SMITH"},{"data":"Beam Cell","floor":29,"key":"SMITH"},{"data":"Cold Snap","floor":32,"key":"SMITH"},{"data":"Apotheosis","floor":40,"key":"SMITH"},{"data":"J.A.X.","floor":42,"key":"SMITH"},{"data":"Dualcast","floor":44,"key":"SMITH"},{"data":"Coolheaded","floor":49,"key":"SMITH"}],"neow_cost":"NONE","seed_source_timestamp":3930090209697,"circlet_count":0,"master_deck":["Strike_B","Defend_B","Defend_B","Defend_B","Defend_B","Zap+1","Dualcast+1","Cold Snap+1","Blizzard+1","Coolheaded+1","Redo+1","Coolheaded","Self Repair+1","Glacier+1","Buffer+1","Cold Snap","Beam Cell+1","J.A.X.+1","Leap+1","Rip and Tear+1","Steam+1","Apotheosis+1"],"relics":["Cracked Core","Strawberry","Oddly Smooth Stone","Tiny Chest","Juzu Bracelet","Lizard Tail","DataDisk","Tiny House","Du-Vu Doll","Regal Pillow","Cables","Pen Nib"],"potions_floor_usage":[6,16,21,21,33,33,50,50],"damage_taken":[{"damage":0,"enemies":"Small Slimes","floor":1,"turns":3},{"damage":0,"enemies":"2 Louse","floor":4,"turns":3},{"damage":1,"enemies":"Cultist","floor":5,"turns":3},{"damage":15,"enemies":"Lagavulin","floor":6,"turns":8},{"damage":16,"enemies":"3 Sentries","floor":8,"turns":6},{"damage":0,"enemies":"Blue Slaver","floor":13,"turns":5},{"damage":10,"enemies":"Hexaghost","floor":16,"turns":11},{"damage":4,"enemies":"Chosen","floor":18,"turns":8},{"damage":7,"enemies":"Spheric Guardian","floor":20,"turns":8},{"damage":26,"enemies":"Colosseum Slavers","floor":21,"turns":6},{"damage":32,"enemies":"Cultist and Chosen","floor":22,"turns":12},{"damage":4,"enemies":"Centurion and Healer","floor":27,"turns":10},{"damage":7,"enemies":"Snecko","floor":28,"turns":9},{"damage":1,"enemies":"Chosen and Byrds","floor":30,"turns":12},{"damage":4,"enemies":"Cultist and Chosen","floor":31,"turns":11},{"damage":40,"enemies":"Collector","floor":33,"turns":14},{"damage":1,"enemies":"3 Shapes","floor":35,"turns":9},{"damage":3,"enemies":"Mind Bloom Boss Battle","floor":36,"turns":8},{"damage":6,"enemies":"Orb Walker","floor":38,"turns":4},{"damage":26,"enemies":"3 Darklings","floor":41,"turns":8},{"damage":18,"enemies":"4 Shapes","floor":45,"turns":7},{"damage":4,"enemies":"Transient","floor":48,"turns":5},{"damage":48,"enemies":"Time Eater","floor":50,"turns":15}],"seed_played":"-6598640165844034098","potions_obtained":[{"floor":4,"key":"Strength Potion"},{"floor":5,"key":"Poison Potion"},{"floor":6,"key":"Explosive Potion"},{"floor":18,"key":"Fire Potion"},{"floor":28,"key":"PowerPotion"},{"floor":31,"key":"SkillPotion"},{"floor":34,"key":"Ancient Potion"},{"floor":35,"key":"Weak Potion"},{"floor":45,"key":"PowerPotion"}],"is_trial":false,"path_per_floor":["M","?","?","M","M","E","R","E","T","R","$","R","M","$","R","B",null,"M","?","M","?","M","R","?","$","T","M","M","R","M","M","R","B",null,"M","?","?","M","$","R","M","R","T","R","M","T","?","M","R","B"],"character_chosen":"DEFECT","items_purchased":["Self Repair","Glacier","FocusPotion","Regal Pillow","Apotheosis"],"campfire_rested":0,"item_purchase_floors":[11,11,14,39,39],"current_hp_per_floor":[82,82,75,75,74,59,59,43,43,43,43,43,53,53,53,53,82,82,82,82,66,44,44,44,44,44,50,53,53,62,68,68,38,87,87,87,87,87,87,87,71,71,71,71,63,63,63,69,69,31],"gold":189,"neow_bonus":"RANDOM_COMMON_RELIC","is_prod":false,"is_daily":false,"chose_seed":false,"campfire_upgraded":11,"win_rate":0,"timestamp":1540933386,"path_taken":["M","?","?","M","M","E","R","E","T","R","$","R","M","$","R","BOSS","M","?","M","?","M","R","?","$","T","M","M","R","M","M","R","BOSS","M","?","?","M","$","R","M","R","T","R","M","?","?","M","R","BOSS"],"build_version":"2018-10-29v2","purchased_purges":1,"victory":true,"max_hp_per_floor":[82,82,82,82,82,82,82,82,82,82,82,82,82,82,82,82,82,82,82,82,82,82,82,82,82,82,82,82,82,82,82,82,82,87,87,87,87,87,87,87,87,87,87,87,87,87,87,87,87,87],"card_choices":[{"not_picked":["Go for the Eyes","Auto Shields"],"picked":"Cold Snap","floor":1},{"not_picked":["Stack","Hello World"],"picked":"Blizzard","floor":4},{"not_picked":["Steam","Static Discharge"],"picked":"Coolheaded","floor":5},{"not_picked":["Beam Cell","Reboot"],"picked":"Redo","floor":6},{"not_picked":["Storm","Rainbow"],"picked":"Coolheaded","floor":8},{"not_picked":["Skim","FTL","Redo"],"picked":"SKIP","floor":13},{"not_picked":["Amplify","All For One"],"picked":"Buffer","floor":16},{"not_picked":["Barrage","Compile Driver","Skim"],"picked":"SKIP","floor":18},{"not_picked":["Steam","Compile Driver+1"],"picked":"Cold Snap","floor":20},{"not_picked":["Turbo","Cold Snap"],"picked":"Beam Cell","floor":22},{"not_picked":["Capacitor","Cold Snap"],"picked":"Leap+1","floor":27},{"not_picked":["Static Discharge","Cold Snap","Barrage"],"picked":"SKIP","floor":28},{"not_picked":["Sweeping Beam","Sunder","Skim"],"picked":"SKIP","floor":30},{"not_picked":["Gash","Barrage","BootSequence"],"picked":"SKIP","floor":31},{"not_picked":["Barrage+1","Fusion+1"],"picked":"Rip and Tear+1","floor":34},{"not_picked":["Steam","Skim","Stack+1"],"picked":"SKIP","floor":35},{"not_picked":["Hologram","Chaos"],"picked":"Steam+1","floor":38},{"not_picked":["Sweeping Beam+1","Buffer","Rebound"],"picked":"SKIP","floor":41},{"not_picked":["Storm","Conserve Battery+1","Cold Snap+1"],"picked":"SKIP","floor":45},{"not_picked":["Coolheaded+1","Reprogram+1","Barrage"],"picked":"SKIP","floor":48}],"player_experience":949202,"relics_obtained":[{"floor":6,"key":"Oddly Smooth Stone"},{"floor":8,"key":"Tiny Chest"},{"floor":9,"key":"Juzu Bracelet"},{"floor":26,"key":"DataDisk"},{"floor":36,"key":"Du-Vu Doll"},{"floor":43,"key":"Cables"},{"floor":46,"key":"Pen Nib"}],"event_choices":[{"cards_removed":["Strike_B"],"damage_healed":0,"gold_gain":0,"player_choice":"Card Removal","damage_taken":0,"max_hp_gain":0,"max_hp_loss":0,"event_name":"The Cleric","floor":2,"gold_loss":50},{"cards_removed":["Strike_B"],"damage_healed":0,"gold_gain":0,"player_choice":"Card Removal","damage_taken":7,"max_hp_gain":0,"max_hp_loss":0,"event_name":"Golden Wing","floor":3,"gold_loss":0},{"damage_healed":0,"gold_gain":0,"player_choice":"Ignored","damage_taken":0,"max_hp_gain":0,"max_hp_loss":0,"event_name":"Vampires","floor":19,"gold_loss":0},{"damage_healed":0,"gold_gain":0,"player_choice":"Fight","damage_taken":0,"max_hp_gain":0,"max_hp_loss":0,"event_name":"Colosseum","floor":21,"gold_loss":0},{"damage_healed":0,"gold_gain":0,"player_choice":"Fled From Nobs","damage_taken":0,"max_hp_gain":0,"max_hp_loss":0,"event_name":"Colosseum","floor":21,"gold_loss":0},{"damage_healed":0,"gold_gain":0,"player_choice":"Obtain J.A.X.","damage_taken":0,"max_hp_gain":0,"max_hp_loss":0,"event_name":"Drug Dealer","floor":24,"gold_loss":0,"cards_obtained":["J.A.X."]},{"damage_healed":0,"gold_gain":0,"player_choice":"Fight","damage_taken":0,"max_hp_gain":0,"max_hp_loss":0,"event_name":"MindBloom","floor":36,"gold_loss":0},{"damage_healed":0,"gold_gain":0,"player_choice":"Ignored","damage_taken":0,"max_hp_gain":0,"max_hp_loss":0,"event_name":"Mysterious Sphere","floor":37,"gold_loss":0},{"damage_healed":0,"gold_gain":0,"player_choice":"Memory 1","damage_taken":0,"max_hp_gain":0,"max_hp_loss":0,"event_name":"SensoryStone","floor":47,"gold_loss":0}],"is_beta":true,"boss_relics":[{"not_picked":["Runic Pyramid","Ectoplasm"],"picked":"Lizard Tail"},{"not_picked":["Calling Bell","Snecko Eye"],"picked":"Tiny House"}],"items_purged_floors":[39],"is_endless":false,"potions_floor_spawned":[4,5,6,18,21,28,31,35,38,45],"ascension_level":0}