{"gold_per_floor":[12,12,27,1,1,1,34,52,52,70,81,81,92,124,124,219,219,235,150,164,164,183,183,193,193,193,226,18,18,44,44,44,139,139,150,150,162,172,186,186],"floor_reached":40,"playtime":3430,"items_purged":[],"score":741,"play_id":"b271a464-5f52-498c-a461-7089d6eccb32","local_time":"20190901232819","is_ascension_mode":true,"campfire_choices":[{"data":"Noxious Fumes","floor":6,"key":"SMITH"},{"floor":12,"key":"REST"},{"data":"Noxious Fumes","floor":15,"key":"SMITH"},{"data":"Neutralize","floor":23,"key":"SMITH"},{"floor":25,"key":"REST"},{"data":"Calculated Gamble","floor":29,"key":"SMITH"},{"data":"Sucker Punch","floor":32,"key":"SMITH"}],"neow_cost":"NO_GOLD","seed_source_timestamp":1081655426183185,"circlet_count":0,"master_deck":["AscendersBane","Defend_G","Defend_G","Defend_G","Defend_G","Defend_G","Survivor","Neutralize+1","Endless Agony","Noxious Fumes+1","Flying Knee","Poisoned Stab","Deflect","Skewer","Sucker Punch+1","Calculated Gamble+1","Endless Agony","Escape Plan","Noxious Fumes+1","Corpse Explosion","Dodge and Roll","Footwork+1","Backstab","Acrobatics","Deadly Poison","Cloak And Dagger","Venomology","Dagger Spray","Distraction","Dagger Spray+1","Dodge and Roll+1","Blur+1"],"relics":["Ring of the Serpent","CultistMask","Dodecahedron","Blood Vial","Centennial Puzzle","Empty Cage","Letter Opener","Mercury Hourglass","Blue Candle","Lee\u0027s Waffle","Boot","MutagenicStrength"],"potions_floor_usage":[16,24,27,33,37,38,38,38,40],"damage_taken":[{"damage":7,"enemies":"Jaw Worm","floor":1,"turns":7},{"damage":0,"enemies":"2 Louse","floor":3,"turns":2},{"damage":11,"enemies":"Lagavulin","floor":7,"turns":7},{"damage":5,"enemies":"Cultist","floor":8,"turns":4},{"damage":16,"enemies":"Large Slime","floor":10,"turns":6},{"damage":1,"enemies":"3 Louse","floor":11,"turns":4},{"damage":0,"enemies":"Blue Slaver","floor":13,"turns":3},{"damage":23,"enemies":"3 Sentries","floor":14,"turns":7},{"damage":6,"enemies":"The Guardian","floor":16,"turns":10},{"damage":32,"enemies":"Shell Parasite","floor":18,"turns":7},{"damage":13,"enemies":"Chosen","floor":20,"turns":6},{"damage":17,"enemies":"Snake Plant","floor":22,"turns":5},{"damage":22,"enemies":"Snecko","floor":24,"turns":6},{"damage":24,"enemies":"Book of Stabbing","floor":27,"turns":6},{"damage":0,"enemies":"Gremlin Leader","floor":30,"turns":6},{"damage":22,"enemies":"Collector","floor":33,"turns":8},{"damage":29,"enemies":"3 Darklings","floor":35,"turns":3},{"damage":7,"enemies":"Orb Walker","floor":37,"turns":4},{"damage":24,"enemies":"3 Darklings","floor":38,"turns":3},{"damage":4,"enemies":"Maw","floor":39,"turns":9},{"damage":22,"enemies":"Giant Head","floor":40,"turns":7}],"seed_played":"1584817987327363778","potions_obtained":[{"floor":1,"key":"SpeedPotion"},{"floor":13,"key":"PowerPotion"},{"floor":16,"key":"FearPotion"},{"floor":20,"key":"Dexterity Potion"},{"floor":24,"key":"Strength Potion"},{"floor":30,"key":"GamblersBrew"},{"floor":35,"key":"Block Potion"},{"floor":38,"key":"FearPotion"}],"is_trial":false,"path_per_floor":["M","?","M","$","?","R","E","M","T","M","M","R","M","E","R","B",null,"M","?","M","?","M","R","M","R","T","E","$","R","E","?","R","B",null,"M","?","M","M","M","E"],"character_chosen":"THE_SILENT","items_purchased":["Deflect","Lee\u0027s Waffle"],"campfire_rested":2,"item_purchase_floors":[4,28],"current_hp_per_floor":[56,56,56,56,56,56,45,40,40,26,27,48,50,29,29,25,59,29,29,18,41,26,26,6,27,27,5,77,77,77,77,77,55,72,45,45,40,18,16,0],"gold":186,"neow_bonus":"TRANSFORM_TWO_CARDS","is_prod":false,"is_daily":false,"chose_seed":false,"campfire_upgraded":5,"win_rate":0,"timestamp":1567394899,"path_taken":["M","?","M","$","?","R","E","M","T","M","M","R","?","E","R","BOSS","M","?","M","?","M","R","M","R","T","E","$","R","E","?","R","BOSS","M","?","M","?","M","E"],"build_version":"2019-07-17","purchased_purges":0,"victory":false,"max_hp_per_floor":[70,70,70,70,70,70,70,70,70,70,70,70,70,70,70,70,70,70,70,70,70,70,70,70,70,70,70,77,77,77,77,77,77,77,77,77,77,77,77,77],"card_choices":[{"not_picked":["Masterful Stab","Flying Knee"],"picked":"Noxious Fumes","floor":1},{"not_picked":["Dagger Throw","Reflex"],"picked":"Poisoned Stab","floor":3},{"not_picked":["Backflip","Bane"],"picked":"Skewer","floor":7},{"not_picked":["Bane","Dodge and Roll"],"picked":"Sucker Punch","floor":8},{"not_picked":["Underhanded Strike","Prepared"],"picked":"Calculated Gamble","floor":10},{"not_picked":["Deflect","Grand Finale"],"picked":"Endless Agony","floor":11},{"not_picked":["PiercingWail","Outmaneuver"],"picked":"Escape Plan","floor":13},{"not_picked":["Outmaneuver","Adrenaline"],"picked":"Noxious Fumes","floor":14},{"not_picked":["Unload","Bullet Time"],"picked":"Corpse Explosion","floor":16},{"not_picked":["Blade Dance","Slice"],"picked":"Dodge and Roll","floor":18},{"not_picked":["Deadly Poison","Quick Slash"],"picked":"Footwork+1","floor":20},{"not_picked":["Underhanded Strike","Riddle With Holes"],"picked":"Backstab","floor":22},{"not_picked":["Setup","Masterful Stab"],"picked":"Acrobatics","floor":24},{"not_picked":["Dagger Throw","Accuracy"],"picked":"Deadly Poison","floor":27},{"not_picked":["Quick Slash","Deflect"],"picked":"Cloak And Dagger","floor":30},{"not_picked":["Night Terror","Corpse Explosion"],"picked":"Venomology","floor":33},{"not_picked":["Tactician","Deadly Poison"],"picked":"Dagger Spray","floor":35},{"not_picked":["Calculated Gamble","Predator"],"picked":"Dagger Spray+1","floor":37},{"not_picked":["Cloak And Dagger","Heel Hook+1"],"picked":"Dodge and Roll+1","floor":38},{"not_picked":["Distraction","Glass Knife"],"picked":"Blur+1","floor":39}],"player_experience":533904,"relics_obtained":[{"floor":7,"key":"Dodecahedron"},{"floor":9,"key":"Blood Vial"},{"floor":14,"key":"Centennial Puzzle"},{"floor":26,"key":"Mercury Hourglass"},{"floor":27,"key":"Blue Candle"},{"floor":30,"key":"Boot"}],"event_choices":[{"damage_healed":0,"gold_gain":0,"cards_transformed":["Concentrate"],"player_choice":"Change","damage_taken":0,"max_hp_gain":0,"max_hp_loss":0,"event_name":"Living Wall","floor":2,"gold_loss":0,"cards_obtained":["Flying Knee"]},{"damage_healed":0,"gold_gain":0,"player_choice":"Trade","damage_taken":0,"relics_obtained":["CultistMask"],"max_hp_gain":0,"max_hp_loss":0,"event_name":"FaceTrader","floor":5,"gold_loss":0},{"damage_healed":0,"gold_gain":0,"player_choice":"Obtained Relic","damage_taken":0,"relics_obtained":["Letter Opener"],"max_hp_gain":0,"max_hp_loss":0,"event_name":"Addict","floor":19,"gold_loss":85},{"damage_healed":23,"gold_gain":0,"player_choice":"Heal","damage_taken":0,"max_hp_gain":0,"max_hp_loss":0,"event_name":"The Library","floor":21,"gold_loss":0},{"damage_healed":0,"gold_gain":0,"player_choice":"Inject Mutagens","damage_taken":0,"relics_obtained":["MutagenicStrength"],"max_hp_gain":0,"max_hp_loss":0,"event_name":"Drug Dealer","floor":31,"gold_loss":0},{"damage_healed":0,"gold_gain":0,"cards_transformed":["Strike_G"],"player_choice":"Transformed","damage_taken":0,"max_hp_gain":0,"max_hp_loss":0,"event_name":"Transmorgrifier","floor":36,"gold_loss":0,"cards_obtained":["Distraction"]}],"is_beta":false,"boss_relics":[{"not_picked":["HoveringKite","Lizard Tail"],"picked":"Empty Cage"},{"not_picked":["Snecko Eye","Runic Pyramid"],"picked":"Ring of the Serpent"}],"items_purged_floors":[],"is_endless":false,"potions_floor_spawned":[1,13,14,16,20,24,30,35,38],"killed_by":"Giant Head","ascension_level":12}