{"gold_per_floor":[114,114,94,109,124,154,184,199,224,224,224,254,284,136,136,236,236,251,136,151,166,91,121,121,151,201,201,201,151,151,166,166,166],"floor_reached":33,"playtime":1475,"items_purged":["Second Wind"],"score":361,"play_id":"7b76f76c-2ba4-4071-a370-2d321fee19c7","local_time":"20181115171333","daily_mods":["Allstar","Flight","DeadlyEvents"],"is_ascension_mode":false,"campfire_choices":[{"data":"Heavy Blade","floor":10,"key":"SMITH"},{"floor":15,"key":"REST"},{"floor":24,"key":"REST"},{"floor":28,"key":"REST"},{"data":"Rupture","floor":32,"key":"SMITH"}],"neow_cost":"","seed_source_timestamp":40729341263675,"circlet_count":0,"master_deck":["Strike_R","Strike_R","Strike_R","Strike_R","Defend_R","Defend_R","Defend_R","Defend_R","Bash","Violence","Purity","Master of Strategy","Swift Strike","Discovery","Heavy Blade+1","Rupture+1","Immolate","Flex","Bloodletting","Inflame","Immolate","Brutality","Battle Trance","Rupture","Hemokinesis","Rupture+1","Inflame","Flex+1","Rupture"],"special_seed":17850,"relics":["Burning Blood","Darkstone Periapt","Centennial Puzzle","Red Skull","StoneCalendar","Prayer Wheel","Runic Pyramid","Pantograph","Vajra","Oddly Smooth Stone","Molten Egg 2"],"potions_floor_usage":[6,8,13,16,23,25,31,31,33],"damage_taken":[{"damage":2,"enemies":"Small Slimes","floor":1,"turns":2},{"damage":0,"enemies":"Cultist","floor":4,"turns":2},{"damage":0,"enemies":"2 Louse","floor":5,"turns":2},{"damage":12,"enemies":"Gremlin Nob","floor":6,"turns":4},{"damage":35,"enemies":"3 Sentries","floor":7,"turns":7},{"damage":5,"enemies":"Exordium Thugs","floor":8,"turns":3},{"damage":16,"enemies":"Gremlin Nob","floor":12,"turns":3},{"damage":19,"enemies":"Lagavulin","floor":13,"turns":4},{"damage":45,"enemies":"Hexaghost","floor":16,"turns":5},{"damage":13,"enemies":"Chosen","floor":18,"turns":2},{"damage":25,"enemies":"3 Byrds","floor":20,"turns":4},{"damage":20,"enemies":"Snake Plant","floor":21,"turns":3},{"damage":24,"enemies":"Book of Stabbing","floor":23,"turns":4},{"damage":43,"enemies":"Slavers","floor":25,"turns":4},{"damage":35,"enemies":"3 Cultists","floor":31,"turns":4},{"damage":99,"enemies":"Automaton","floor":33,"turns":6}],"seed_played":"-5442637841000677310","potions_obtained":[{"floor":1,"key":"Block Potion"},{"floor":3,"key":"LiquidBronze"},{"floor":5,"key":"GamblersBrew"},{"floor":7,"key":"Weak Potion"},{"floor":12,"key":"Block Potion"},{"floor":13,"key":"FearPotion"},{"floor":20,"key":"PowerPotion"},{"floor":23,"key":"Fire Potion"}],"is_trial":false,"path_per_floor":["M","$","?","M","M","E","E","M","T","R","?","E","E","$","R","B",null,"M","$","M","M","?","E","R","E","T","T","R","$","?","M","R","B"],"character_chosen":"IRONCLAD","items_purchased":["Inflame","Immolate","Rupture","AttackPotion"],"campfire_rested":3,"item_purchase_floors":[14,14,19,29],"current_hp_per_floor":[80,80,80,80,80,74,45,46,46,46,46,36,23,23,47,8,80,73,73,54,40,40,22,46,9,9,9,33,33,59,30,30,0],"gold":166,"neow_bonus":"","is_prod":false,"is_daily":true,"chose_seed":false,"campfire_upgraded":2,"win_rate":0,"timestamp":1542298413,"path_taken":["M","$","?","M","?","E","E","M","T","R","?","E","?","$","R","BOSS","M","$","M","M","?","E","R","E","T","?","R","$","?","?","R","BOSS"],"build_version":"2018-11-08","purchased_purges":1,"victory":false,"max_hp_per_floor":[80,80,80,80,80,80,80,80,80,80,80,80,80,80,80,80,80,80,80,80,80,80,80,80,80,80,80,80,80,80,80,80,80],"card_choices":[{"not_picked":["Sword Boomerang","Body Slam"],"picked":"Heavy Blade","floor":1},{"not_picked":["Clash","Infernal Blade","Flame Barrier"],"picked":"SKIP","floor":4},{"not_picked":["Iron Wave","Headbutt","Armaments"],"picked":"SKIP","floor":5},{"not_picked":["Fire Breathing","Twin Strike"],"picked":"Rupture","floor":6},{"not_picked":["Armaments","Evolve"],"picked":"Immolate","floor":7},{"not_picked":["Twin Strike","Cleave"],"picked":"Flex","floor":8},{"not_picked":["Whirlwind","Pommel Strike","Perfected Strike"],"picked":"SKIP","floor":12},{"not_picked":["Flame Barrier","Anger"],"picked":"Bloodletting","floor":13},{"not_picked":["Barricade","Immolate"],"picked":"Brutality","floor":16},{"not_picked":["Clash","Power Through"],"picked":"Second Wind","floor":18},{"not_picked":["Pommel Strike","Perfected Strike"],"picked":"Battle Trance","floor":18},{"not_picked":["Impervious","True Grit"],"picked":"Hemokinesis","floor":20},{"not_picked":["Evolve","Metallicize","Armaments"],"picked":"SKIP","floor":20},{"not_picked":["Sword Boomerang+1","Hemokinesis"],"picked":"Rupture","floor":21},{"not_picked":["Body Slam","Flex"],"picked":"Inflame","floor":21},{"not_picked":["Twin Strike+1","Reckless Charge+1","Shrug It Off+1"],"picked":"SKIP","floor":23},{"not_picked":["Seeing Red","Entrench"],"picked":"Flex+1","floor":25},{"not_picked":["Sentinel","Twin Strike+1"],"picked":"Rupture","floor":31},{"not_picked":["Pommel Strike+1","Cleave+1","Warcry"],"picked":"SKIP","floor":31}],"player_experience":221265,"relics_obtained":[{"floor":6,"key":"Darkstone Periapt"},{"floor":7,"key":"Centennial Puzzle"},{"floor":9,"key":"Red Skull"},{"floor":12,"key":"StoneCalendar"},{"floor":13,"key":"Prayer Wheel"},{"floor":23,"key":"Pantograph"},{"floor":25,"key":"Vajra"},{"floor":26,"key":"Oddly Smooth Stone"},{"floor":27,"key":"Molten Egg 2"}],"event_choices":[{"damage_healed":0,"gold_gain":0,"player_choice":"Bought 1 Potion","damage_taken":0,"max_hp_gain":0,"max_hp_loss":0,"event_name":"The Woman in Blue","floor":3,"gold_loss":0},{"damage_healed":0,"gold_gain":0,"player_choice":"Upgraded","damage_taken":0,"max_hp_gain":0,"max_hp_loss":0,"event_name":"Upgrade Shrine","floor":11,"gold_loss":0,"cards_upgraded":["Rupture"]},{"cards_removed":["Strike_R"],"damage_healed":0,"gold_gain":0,"player_choice":"Gave Gold","damage_taken":0,"max_hp_gain":0,"max_hp_loss":0,"event_name":"Beggar","floor":22,"gold_loss":75},{"damage_healed":26,"gold_gain":0,"player_choice":"Heal","damage_taken":0,"max_hp_gain":0,"max_hp_loss":0,"event_name":"The Library","floor":30,"gold_loss":0}],"is_beta":false,"boss_relics":[{"not_picked":["Lizard Tail","Pandora\u0027s Box"],"picked":"Runic Pyramid"}],"items_purged_floors":[19],"is_endless":false,"potions_floor_spawned":[1,5,7,12,13,20,21,23],"killed_by":"Automaton","ascension_level":0}