{"gold_per_floor":[119,67,67,67,77,106,122,122,152,5,5,65,92,105,105,200,200,217,243,260,260,15,49,67,67,67,79,79,96,106,124,124,124],"floor_reached":33,"playtime":882,"items_purged":[],"score":267,"play_id":"76c3e55d-5222-49b9-b421-aa6755e9a13e","local_time":"20190106211036","is_ascension_mode":false,"campfire_choices":[{"data":"Perfected Strike","floor":8,"key":"SMITH"},{"data":"Perfected Strike","floor":11,"key":"SMITH"},{"data":"infinitespire:OneForAll","floor":15,"key":"SMITH"},{"data":"Bash","floor":28,"key":"SMITH"},{"floor":32,"key":"REST"}],"neow_cost":"NONE","seed_source_timestamp":862976692921700,"circlet_count":0,"master_deck":["Strike_R+1","Strike_R+1","Strike_R+1","Strike_R+1","Strike_R+1","Defend_R+1","Defend_R+1","Defend_R+1","Defend_R+1","Bash+1","Perfected Strike+1","Wild Strike","Perfected Strike+1","infinitespire:OneForAll+1","Ghostly Armor","Pommel Strike","Thunderclap","Cleave+1","Wild Strike"],"relics":["Black Blood","infinitespire:Satchel","Centennial Puzzle","Lantern","hubris:BottledRain","Tiny Chest","hubris:OldNail","Omamori","Red Mask","Gremlin Horn","hubris:CuriousFeather","Bird Faced Urn"],"potions_floor_usage":[14,16,33],"damage_taken":[{"damage":6,"enemies":"Cultist","floor":1,"turns":3},{"damage":1,"enemies":"2 Louse","floor":5,"turns":2},{"damage":27,"enemies":"3 Sentries","floor":6,"turns":5},{"damage":0,"enemies":"Small Slimes","floor":7,"turns":3},{"damage":8,"enemies":"2 Fungi Beasts","floor":14,"turns":3},{"damage":59,"enemies":"The Guardian","floor":16,"turns":9},{"damage":15,"enemies":"2 Thieves","floor":18,"turns":4},{"damage":39,"enemies":"Masked Bandits","floor":19,"turns":4},{"damage":1,"enemies":"Chosen","floor":20,"turns":3},{"damage":26,"enemies":"Slavers","floor":23,"turns":4},{"damage":15,"enemies":"Snake Plant","floor":24,"turns":2},{"damage":8,"enemies":"Snecko","floor":27,"turns":4},{"damage":8,"enemies":"Chosen and Byrds","floor":29,"turns":4},{"damage":2,"enemies":"Sentry and Sphere","floor":30,"turns":3},{"damage":12,"enemies":"Shelled Parasite and Fungi","floor":31,"turns":2},{"damage":91,"enemies":"Automaton","floor":33,"turns":6}],"seed_played":"-3334745079826268194","potions_obtained":[{"floor":5,"key":"LiquidBronze"},{"floor":6,"key":"Strength Potion"},{"floor":14,"key":"Fruit Juice"},{"floor":18,"key":"AttackPotion"},{"floor":24,"key":"FearPotion"}],"is_trial":false,"path_per_floor":["M","$","?","$","M","E","M","R","T","$","R","?","T","M","R","B",null,"M","?","M","?","$","E","M","?","T","M","R","M","M","M","R","B"],"character_chosen":"IRONCLAD","items_purchased":["Wild Strike","hubris:OldNail","Gremlin Horn"],"campfire_rested":1,"item_purchase_floors":[2,10,22],"current_hp_per_floor":[80,80,68,68,73,52,58,58,58,58,58,58,58,61,61,8,85,80,51,60,60,60,44,39,39,39,41,41,43,51,49,74,0],"gold":124,"neow_bonus":"RANDOM_COMMON_RELIC","is_prod":false,"is_daily":false,"chose_seed":false,"campfire_upgraded":4,"win_rate":0,"timestamp":1546827036,"path_taken":["M","?","?","$","M","E","M","R","T","$","R","?","?","?","R","BOSS","M","?","M","?","$","E","M","?","T","?","R","M","M","M","R","BOSS"],"build_version":"2019-01-03v4","purchased_purges":0,"victory":false,"max_hp_per_floor":[80,80,80,80,80,80,80,80,80,80,80,80,80,85,85,85,85,85,85,85,85,85,85,85,85,85,85,85,85,85,85,85,85],"card_choices":[{"not_picked":["Bloodletting","Wild Strike"],"picked":"Perfected Strike","floor":1},{"not_picked":["Rampage","Sword Boomerang"],"picked":"Perfected Strike","floor":5},{"not_picked":["Shockwave","Sentinel"],"picked":"infinitespire:OneForAll","floor":6},{"not_picked":["Havoc","Clash"],"picked":"Ghostly Armor","floor":7},{"not_picked":["Pommel Strike","Juggernaut","Flex"],"picked":"SKIP","floor":14},{"not_picked":["Rupture+1","Perfected Strike"],"picked":"Pommel Strike","floor":18},{"not_picked":["True Grit","Seeing Red"],"picked":"Thunderclap","floor":20},{"not_picked":["Sword Boomerang","Ghostly Armor+1","hubris:SharpeningStone"],"picked":"SKIP","floor":23},{"not_picked":["Thunderclap","Searing Blow","Armaments"],"picked":"SKIP","floor":24},{"not_picked":["Bloodletting","Hemokinesis","Flex"],"picked":"SKIP","floor":27},{"not_picked":["Heavy Blade+1","Feed"],"picked":"Cleave+1","floor":29},{"not_picked":["Clash","Fire Breathing"],"picked":"Wild Strike","floor":30},{"not_picked":["Intimidate","Pummel+1","hubris:ReadiedAction"],"picked":"SKIP","floor":31}],"player_experience":546802,"relics_obtained":[{"floor":6,"key":"Lantern"},{"floor":9,"key":"Tiny Chest"},{"floor":13,"key":"Omamori"},{"floor":19,"key":"Red Mask"},{"floor":23,"key":"hubris:CuriousFeather"},{"floor":26,"key":"Bird Faced Urn"}],"event_choices":[{"damage_healed":0,"gold_gain":0,"player_choice":"Success","damage_taken":12,"relics_obtained":["Centennial Puzzle"],"max_hp_gain":0,"max_hp_loss":0,"event_name":"Scrap Ooze","floor":3,"gold_loss":0},{"damage_healed":0,"gold_gain":60,"player_choice":"Gained Gold","damage_taken":0,"max_hp_gain":0,"max_hp_loss":0,"event_name":"Golden Wing","floor":12,"gold_loss":0},{"damage_healed":0,"gold_gain":0,"player_choice":"Fought Bandits","damage_taken":0,"max_hp_gain":0,"max_hp_loss":0,"event_name":"Masked Bandits","floor":19,"gold_loss":0},{"damage_healed":0,"gold_gain":0,"player_choice":"Simplicity","damage_taken":0,"max_hp_gain":0,"max_hp_loss":0,"event_name":"Back to Basics","floor":21,"gold_loss":0,"cards_upgraded":["Strike_R","Strike_R","Strike_R","Strike_R","Strike_R","Defend_R","Defend_R","Defend_R","Defend_R"]},{"damage_healed":0,"gold_gain":0,"player_choice":"Ignored","damage_taken":0,"max_hp_gain":0,"max_hp_loss":0,"event_name":"Beggar","floor":25,"gold_loss":0}],"is_beta":false,"boss_relics":[{"not_picked":["hubris:TerracottaHorce","Runic Dome"],"picked":"Black Blood"}],"items_purged_floors":[],"is_endless":false,"potions_floor_spawned":[5,6,14,18,24,27,30],"killed_by":"Automaton","ascension_level":0}