{"path_per_floor":["M","M","M","?","?","E","R","?","T","R","M","E","R","?","R","B",null,"M","M","?","M","$","R","?","T","T","R","M","R","M","E","R","B",null,"M","?","$","M","?","R","E","R","T","?","E","M","T","M","R","B"],"character_chosen":"DEFECT","items_purchased":["Scrape","Thunder Strike","Turbo","Bottled Flame"],"gold_per_floor":[18,32,46,46,46,81,81,81,81,81,106,142,142,142,142,267,267,285,304,219,243,25,25,25,75,75,75,88,88,108,151,151,276,276,295,295,28,46,46,46,81,81,81,141,174,197,197,213,213,213],"floor_reached":51,"campfire_rested":5,"playtime":7411,"current_hp_per_floor":[80,77,77,55,48,24,24,6,6,32,32,4,30,23,49,22,72,59,41,41,38,38,38,22,22,22,48,52,52,39,37,63,89,89,89,78,78,76,76,76,89,89,89,89,89,89,89,89,89,89],"items_purged":[],"gold":213,"score":1235,"play_id":"c5b9ad71-7aa2-4390-9e51-18a6c7d32ed8","local_time":"20180507120710","is_prod":false,"is_daily":false,"chose_seed":false,"is_ascension_mode":true,"campfire_upgraded":6,"timestamp":1525720030,"path_taken":["M","M","M","?","?","E","R","?","T","R","?","E","R","?","R","BOSS","M","M","?","M","$","R","?","?","T","R","?","R","M","E","R","BOSS","M","?","$","M","?","R","E","R","T","?","E","M","?","?","R","BOSS"],"build_version":"2018-05-03","seed_source_timestamp":169858604204222,"purchased_purges":0,"victory":true,"master_deck":["Strike_B","Strike_B","Strike_B","Defend_B+1","Defend_B","Defend_B+1","Defend_B","Zap+1","Dualcast+1","AscendersBane","Steam Power","Streamline+1","Auto Shields","Skim","White Noise+1","Cold Snap+1","Creative AI","Turbo+1","Seek+1","Leap+1","Scrape+1","Thunder Strike+1","Go for the Eyes+1","Skim+1","Stack+1","Fission+1","Impulse+1","Madness+1","Madness+1","Turbo+1","Stack+1","Undo+1","Consume+1","Beam Cell+1","Conserve Battery+1"],"max_hp_per_floor":[89,89,89,89,89,89,89,89,89,89,89,89,89,89,89,89,89,89,89,89,89,89,89,89,89,89,89,89,89,89,89,89,89,89,89,89,89,89,89,89,89,89,89,89,89,89,89,89,89,89],"relics":["Cracked Core","Golden Idol","Kunai","Pen Nib","Molten Egg 2","Toolbox","Sozu","Bag of Marbles","Nilry\u0027s Codex","Oddly Smooth Stone","Toxic Egg 2","Bird Faced Urn","Runic Pyramid","Bottled Flame","Question Card","Dodecahedron","Shovel","Bottled Lightning","Matryoshka"],"card_choices":[{"not_picked":["Barrage","Stack"],"picked":"Steam Power","floor":1.0},{"not_picked":["Beam Cell","Stack"],"picked":"Streamline","floor":2.0},{"not_picked":["Steam Power","Barrage"],"picked":"Auto Shields","floor":3.0},{"not_picked":["Streamline","Impulse"],"picked":"Skim","floor":6.0},{"not_picked":["Ball Lightning","Stack"],"picked":"White Noise","floor":11.0},{"not_picked":["Genetic Algorithm","Force Field"],"picked":"Cold Snap","floor":12.0},{"not_picked":["Rainbow","Multi-Cast"],"picked":"Creative AI","floor":16.0},{"not_picked":["Beam Cell","Leap"],"picked":"Turbo","floor":18.0},{"not_picked":["Rebound","Turbo"],"picked":"Seek","floor":19.0},{"not_picked":["Force Field","Cold Snap"],"picked":"Leap","floor":21.0},{"not_picked":["Rip and Tear","Streamline"],"picked":"Go for the Eyes","floor":28.0},{"not_picked":["Barrage","Turbo"],"picked":"Skim","floor":30.0},{"not_picked":["Skim","Sweeping Beam"],"picked":"Stack","floor":31.0},{"not_picked":["Amplify","Prime"],"picked":"Fission","floor":33.0},{"not_picked":["Axe Kick","Rip and Tear"],"picked":"Impulse","floor":35.0},{"not_picked":["Sweeping Beam","Capacitor"],"picked":"Stack","floor":38.0},{"not_picked":["Barrage","Capacitor","Chaos"],"picked":"Undo","floor":44.0},{"not_picked":["Streamline","Cold Snap","Heatsinks"],"picked":"Consume","floor":45.0},{"not_picked":["Impulse","Streamline","Reprogram"],"picked":"Beam Cell","floor":46.0},{"not_picked":["Steam Power","Axe Kick","Capacitor"],"picked":"Conserve Battery","floor":48.0}],"player_experience":573590,"potions_floor_usage":[],"damage_taken":[{"damage":2.0,"enemies":"Jaw Worm","floor":1.0,"turns":4.0},{"damage":3.0,"enemies":"Small Slimes","floor":2.0,"turns":3.0},{"damage":0.0,"enemies":"2 Louse","floor":3.0,"turns":3.0},{"damage":24.0,"enemies":"3 Sentries","floor":6.0,"turns":10.0},{"damage":0.0,"enemies":"Looter","floor":11.0,"turns":3.0},{"damage":28.0,"enemies":"Gremlin Nob","floor":12.0,"turns":4.0},{"damage":27.0,"enemies":"The Guardian","floor":16.0,"turns":11.0},{"damage":13.0,"enemies":"Chosen","floor":18.0,"turns":5.0},{"damage":18.0,"enemies":"Shell Parasite","floor":19.0,"turns":6.0},{"damage":10.0,"enemies":"Cultist and Chosen","floor":21.0,"turns":8.0},{"damage":10.0,"enemies":"Centurion and Healer","floor":28.0,"turns":4.0},{"damage":13.0,"enemies":"Sentry and Sphere","floor":30.0,"turns":4.0},{"damage":2.0,"enemies":"Book of Stabbing","floor":31.0,"turns":4.0},{"damage":0.0,"enemies":"Automaton","floor":33.0,"turns":8.0},{"damage":0.0,"enemies":"Flame Bruiser 1 Orb","floor":35.0,"turns":3.0},{"damage":10.0,"enemies":"3 Darklings","floor":38.0,"turns":4.0},{"damage":10.0,"enemies":"2 Orb Walkers","floor":41.0,"turns":6.0},{"damage":27.0,"enemies":"Mysterious Sphere","floor":44.0,"turns":7.0},{"damage":0.0,"enemies":"Nemesis","floor":45.0,"turns":5.0},{"damage":30.0,"enemies":"Maw","floor":46.0,"turns":8.0},{"damage":0.0,"enemies":"Flame Bruiser 2 Orb","floor":48.0,"turns":5.0},{"damage":22,"enemies":"Donu and Deca","floor":50,"turns":12}],"event_choices":[{"event_name":"Golden Idol","player_choice":"Take Damage","floor":4.0,"damage_taken":0.0},{"event_name":"Golden Wing","player_choice":"Card Removal","floor":5.0,"damage_taken":0.0},{"event_name":"Shining Light","player_choice":"Entered Light","floor":8.0,"damage_taken":0.0},{"event_name":"Scrap Ooze","player_choice":"success","floor":14.0,"damage_taken":7.0},{"event_name":"Addict","player_choice":"Obtained Relic","floor":20.0,"damage_taken":0.0},{"event_name":"Cursed Tome","player_choice":"Obtained Book","floor":24.0,"damage_taken":0.0},{"event_name":"Winding Halls","player_choice":"Embrace Madness","floor":36.0,"damage_taken":0.0},{"event_name":"The Lab","player_choice":"Got Potions","floor":39.0,"damage_taken":0.0},{"event_name":"Mysterious Sphere","player_choice":"Fight","floor":44.0,"damage_taken":0.0}],"boss_relics":[],"potions_floor_spawned":[6,12,28,30,33,38,41,48],"seed_played":"6310352655810697240","ascension_level":12,"is_trial":false}