{"gold_per_floor":[168,168,168,77,94,94,122,122,173,185,185,205,221,241,241,336,336,351,23,23,34,49,49,49,49,49,69,69,95,95,112,112,215,215,235,247,2,2],"floor_reached":38,"playtime":1568,"items_purged":["Strike_B"],"score":475,"play_id":"b4674374-1870-47f1-a90b-cf0dd3f337fc","local_time":"20181018134645","is_ascension_mode":true,"campfire_choices":[{"data":"Mind Blast","floor":6,"key":"SMITH"},{"data":"Defragment","floor":8,"key":"SMITH"},{"data":"Zap","floor":11,"key":"SMITH"},{"floor":15,"key":"REST"},{"floor":23,"key":"REST"},{"data":"Creative AI","floor":25,"key":"SMITH"},{"floor":28,"key":"REST"},{"floor":32,"key":"REST"}],"neow_cost":"NONE","seed_source_timestamp":943823815874454,"circlet_count":0,"master_deck":["Strike_B","Strike_B","Defend_B+1","Defend_B","Defend_B","Defend_B","Zap+1","Dualcast","Go for the Eyes","Chill","Mind Blast+1","Gash","Defragment+1","Cold Snap","Creative AI+1","Force Field","Gash","Creative AI","Glacier","Redo","Gash+1","Conserve Battery+1","Go for the Eyes+1","Blizzard+1","Electrodynamics","Ball Lightning","Glacier","PanicButton"],"relics":["Tiny House","Du-Vu Doll","PreservedInsect","Sozu","Bottled Tornado","Letter Opener","Pen Nib","Inserter","DataDisk"],"potions_floor_usage":[7,7,16,33],"damage_taken":[{"damage":0,"enemies":"2 Louse","floor":1,"turns":2},{"damage":12,"enemies":"Jaw Worm","floor":5,"turns":6},{"damage":20,"enemies":"Gremlin Nob","floor":7,"turns":4},{"damage":0,"enemies":"Small Slimes","floor":10,"turns":4},{"damage":0,"enemies":"2 Fungi Beasts","floor":12,"turns":4},{"damage":2,"enemies":"Looter","floor":13,"turns":4},{"damage":15,"enemies":"Lots of Slimes","floor":14,"turns":5},{"damage":15,"enemies":"Hexaghost","floor":16,"turns":11},{"damage":31,"enemies":"Spheric Guardian","floor":18,"turns":6},{"damage":14,"enemies":"Shell Parasite","floor":21,"turns":7},{"damage":29,"enemies":"Centurion and Healer","floor":22,"turns":7},{"damage":18,"enemies":"Snake Plant","floor":27,"turns":7},{"damage":20,"enemies":"Book of Stabbing","floor":29,"turns":6},{"damage":15,"enemies":"Colosseum Slavers","floor":30,"turns":5},{"damage":19,"enemies":"3 Cultists","floor":31,"turns":6},{"damage":18,"enemies":"Automaton","floor":33,"turns":12},{"damage":31,"enemies":"3 Darklings","floor":35,"turns":5},{"damage":19,"enemies":"Orb Walker","floor":36,"turns":4},{"damage":43,"enemies":"Writhing Mass","floor":38,"turns":4}],"seed_played":"-4662742672811905819","potions_obtained":[{"floor":0,"key":"Block Potion"},{"floor":5,"key":"SteroidPotion"},{"floor":7,"key":"SpeedPotion"},{"floor":12,"key":"FairyPotion"},{"floor":14,"key":"FocusPotion"}],"is_trial":false,"path_per_floor":["M","?","?","$","M","R","E","R","T","M","R","M","M","M","R","B",null,"M","$","?","M","M","R","?","R","T","M","R","E","?","M","R","B",null,"M","M","$"],"character_chosen":"DEFECT","items_purchased":["Mind Blast","Bottled Tornado","DataDisk","PanicButton"],"campfire_rested":4,"item_purchase_floors":[4,19,37,37],"current_hp_per_floor":[80,73,78,78,66,66,46,46,46,46,46,46,44,29,54,39,85,54,54,54,40,11,36,36,36,36,18,43,23,8,2,27,9,85,54,35,35,0],"gold":2,"neow_bonus":"BOSS_RELIC","is_prod":false,"is_daily":false,"chose_seed":false,"campfire_upgraded":4,"win_rate":0,"timestamp":1539884805,"path_taken":["M","?","?","?","M","R","E","R","T","?","R","M","M","M","R","BOSS","M","$","?","M","M","R","?","R","T","M","R","E","?","M","R","BOSS","M","M","$","M"],"build_version":"2018-10-17v3","purchased_purges":1,"victory":false,"max_hp_per_floor":[80,80,85,85,85,85,85,85,85,85,85,85,85,85,85,85,85,85,85,85,85,85,85,85,85,85,85,85,85,85,85,85,85,85,85,85,85,85],"card_choices":[{"not_picked":["Turbo","Capacitor"],"picked":"Go for the Eyes","floor":0},{"not_picked":["BootSequence","Redo"],"picked":"Chill","floor":1},{"not_picked":["Blizzard","Sweeping Beam"],"picked":"Gash","floor":5},{"not_picked":["Rip and Tear","Blizzard"],"picked":"Defragment","floor":7},{"not_picked":["Recycle","Sweeping Beam"],"picked":"Cold Snap","floor":10},{"not_picked":["Melter","Reprogram"],"picked":"Creative AI","floor":12},{"not_picked":["Glacier","Scrape"],"picked":"Force Field","floor":13},{"not_picked":["Tempest","Go for the Eyes"],"picked":"Gash","floor":14},{"not_picked":["Meteor Strike","Hyperbeam"],"picked":"Creative AI","floor":16},{"not_picked":["Coolheaded","Capacitor"],"picked":"Glacier","floor":18},{"not_picked":["Reprogram","Streamline"],"picked":"Redo","floor":21},{"not_picked":["Compile Driver","Steam"],"picked":"Gash+1","floor":22},{"not_picked":["Steam","Recycle"],"picked":"Conserve Battery+1","floor":27},{"not_picked":["White Noise","Conserve Battery"],"picked":"Go for the Eyes+1","floor":29},{"not_picked":["Beam Cell","Steam Power"],"picked":"Blizzard+1","floor":31},{"not_picked":["All For One","Hyperbeam"],"picked":"Electrodynamics","floor":33},{"not_picked":["Cold Snap","Hologram"],"picked":"Ball Lightning","floor":35},{"not_picked":["Cold Snap","Ball Lightning"],"picked":"Glacier","floor":36}],"player_experience":927848,"relics_obtained":[{"floor":7,"key":"Du-Vu Doll"},{"floor":9,"key":"PreservedInsect"},{"floor":26,"key":"Letter Opener"},{"floor":29,"key":"Pen Nib"}],"event_choices":[{"cards_removed":["Strike_B"],"damage_healed":0,"gold_gain":0,"player_choice":"Card Removal","damage_taken":7,"max_hp_gain":0,"max_hp_loss":0,"event_name":"Golden Wing","floor":2,"gold_loss":0},{"damage_healed":0,"gold_gain":0,"player_choice":"Donut","damage_taken":0,"max_hp_gain":5,"max_hp_loss":0,"event_name":"Big Fish","floor":3,"gold_loss":0},{"damage_healed":0,"gold_gain":0,"player_choice":"Ignored","damage_taken":0,"max_hp_gain":0,"max_hp_loss":0,"event_name":"The Mausoleum","floor":20,"gold_loss":0},{"damage_healed":0,"gold_gain":0,"player_choice":"Got Potions","damage_taken":0,"max_hp_gain":0,"max_hp_loss":0,"event_name":"The Lab","floor":24,"gold_loss":0},{"damage_healed":0,"gold_gain":0,"player_choice":"Fight","damage_taken":0,"max_hp_gain":0,"max_hp_loss":0,"event_name":"Colosseum","floor":30,"gold_loss":0},{"damage_healed":0,"gold_gain":0,"player_choice":"Fled From Nobs","damage_taken":0,"max_hp_gain":0,"max_hp_loss":0,"event_name":"Colosseum","floor":30,"gold_loss":0}],"is_beta":true,"boss_relics":[{"not_picked":["Lizard Tail","Velvet Choker"],"picked":"Sozu"},{"not_picked":["Pandora\u0027s Box","Coffee Dripper"],"picked":"Inserter"}],"items_purged_floors":[19],"is_endless":false,"potions_floor_spawned":[5,7,12,14,18,22,27,33,36],"killed_by":"Writhing Mass","ascension_level":4}