{"gold_per_floor":[115,115,115,127,142,169,169,199,199,212,241,5,5,81,81,81],"floor_reached":16,"playtime":1233,"items_purged":["Defend_R"],"score":153,"play_id":"736c768c-4954-4a8e-b0f6-5e8e1f89f439","local_time":"20190224073904","is_ascension_mode":true,"campfire_choices":[{"data":"Spot Weakness","floor":7,"key":"SMITH"},{"data":"Shrug It Off","floor":13,"key":"SMITH"},{"data":"Flame Barrier","floor":15,"key":"SMITH"}],"neow_cost":"NONE","seed_source_timestamp":9859086332361,"circlet_count":0,"master_deck":["Strike_R","Strike_R","Strike_R","Strike_R","Strike_R","Defend_R","Defend_R","Defend_R","Bash+1","Ghostly Armor","Shrug It Off+1","Shrug It Off","Spot Weakness+1","Headbutt","Double Tap","Heavy Blade","Flame Barrier+1","Inflame","Cleave"],"relics":["Burning Blood","Bag of Marbles","Bottled Lightning","Boot","Omamori"],"potions_floor_usage":[6,6,6,11],"damage_taken":[{"damage":9,"enemies":"Jaw Worm","floor":1,"turns":4},{"damage":5,"enemies":"2 Louse","floor":4,"turns":3},{"damage":5,"enemies":"Small Slimes","floor":5,"turns":5},{"damage":12,"enemies":"Gremlin Nob","floor":6,"turns":4},{"damage":40,"enemies":"Lagavulin","floor":8,"turns":8},{"damage":0,"enemies":"Exordium Wildlife","floor":10,"turns":5},{"damage":17,"enemies":"Gremlin Nob","floor":11,"turns":4},{"damage":41,"enemies":"Slime Boss","floor":16,"turns":7}],"seed_played":"6594734624586552141","potions_obtained":[{"floor":0,"key":"AttackPotion"},{"floor":0,"key":"EssenceOfSteel"},{"floor":0,"key":"EssenceOfSteel"},{"floor":5,"key":"SteroidPotion"},{"floor":8,"key":"SpeedPotion"}],"is_trial":false,"path_per_floor":["M","?","?","M","M","E","R","E","T","M","E","$","R","?","R","B"],"character_chosen":"IRONCLAD","items_purchased":["Flame Barrier","Inflame","Cleave"],"campfire_rested":0,"item_purchase_floors":[12,12,12],"current_hp_per_floor":[69,69,69,70,71,65,65,31,31,37,26,26,26,26,26,0],"gold":81,"neow_bonus":"THREE_SMALL_POTIONS","is_prod":false,"is_daily":false,"chose_seed":false,"campfire_upgraded":3,"win_rate":0,"timestamp":1550990344,"path_taken":["M","?","?","M","M","E","R","E","T","M","E","$","R","?","R","BOSS"],"build_version":"2019-01-23","purchased_purges":1,"victory":false,"max_hp_per_floor":[80,80,80,80,80,80,80,80,80,80,80,80,80,80,80,80],"card_choices":[{"not_picked":["Anger","Havoc"],"picked":"Ghostly Armor","floor":1},{"not_picked":["Thunderclap","Seeing Red"],"picked":"Shrug It Off","floor":4},{"not_picked":["Iron Wave","Flex"],"picked":"Shrug It Off","floor":5},{"not_picked":["Shrug It Off","Clothesline"],"picked":"Spot Weakness","floor":6},{"not_picked":["Twin Strike","Armaments"],"picked":"Headbutt","floor":8},{"not_picked":["Feel No Pain","Warcry"],"picked":"Double Tap","floor":10},{"not_picked":["Perfected Strike","Entrench"],"picked":"Heavy Blade","floor":11}],"player_experience":256556,"relics_obtained":[{"floor":6,"key":"Bag of Marbles"},{"floor":8,"key":"Bottled Lightning"},{"floor":9,"key":"Boot"},{"floor":11,"key":"Omamori"}],"event_choices":[{"damage_healed":0,"gold_gain":0,"player_choice":"Ignored","damage_taken":0,"max_hp_gain":0,"max_hp_loss":0,"event_name":"Liars Game","floor":2,"gold_loss":0},{"damage_healed":0,"gold_gain":0,"player_choice":"Grow","damage_taken":0,"max_hp_gain":0,"max_hp_loss":0,"event_name":"Living Wall","floor":3,"gold_loss":0,"cards_upgraded":["Bash"]},{"damage_healed":0,"gold_gain":76,"player_choice":"Gained Gold","damage_taken":0,"max_hp_gain":0,"max_hp_loss":0,"event_name":"Golden Wing","floor":14,"gold_loss":0}],"is_beta":false,"boss_relics":[],"items_purged_floors":[12],"is_endless":false,"potions_floor_spawned":[1,5,8],"killed_by":"Slime Boss","ascension_level":6}