{"gold_per_floor":[118,193,210,210,227,227,247,21,21,33,58,70,82,110,122,239,251,279,301,313,325],"floor_reached":21,"playtime":715,"items_purged":["Strike_B"],"score":197,"play_id":"b7375d92-1c41-4b41-94b6-8a21ada9b7ae","local_time":"20181223062102","is_ascension_mode":true,"campfire_choices":[{"data":"White Noise","floor":6,"key":"SMITH"},{"floor":10,"key":"REST"},{"data":"Loop","floor":12,"key":"SMITH"},{"floor":15,"key":"REST"}],"neow_cost":"PERCENT_DAMAGE","seed_source_timestamp":217819587116381,"circlet_count":0,"master_deck":["Strike_B","Strike_B","Strike_B","Defend_B","Defend_B","Defend_B","Defend_B","Zap","Dualcast","White Noise+1","Loop+1","Storm","FTL","Consume","Regret","Fission","Hologram","Amplify","Steam Power","Conserve Battery"],"relics":["Cracked Core","Du-Vu Doll","MawBank","Runic Pyramid","CultistMask"],"potions_floor_usage":[7,14,16],"damage_taken":[{"damage":19,"enemies":"Jaw Worm","floor":1,"turns":4},{"damage":1,"enemies":"2 Louse","floor":3,"turns":4},{"damage":1,"enemies":"Cultist","floor":5,"turns":4},{"damage":8,"enemies":"3 Louse","floor":7,"turns":3},{"damage":7,"enemies":"Red Slaver","floor":11,"turns":4},{"damage":6,"enemies":"Exordium Thugs","floor":14,"turns":4},{"damage":37,"enemies":"Hexaghost","floor":16,"turns":8},{"damage":61,"enemies":"2 Thieves","floor":18,"turns":4},{"damage":3,"enemies":"3 Byrds","floor":19,"turns":2},{"damage":11,"enemies":"Shelled Parasite and Fungi","floor":21,"turns":2}],"seed_played":"8934548357952204597","potions_obtained":[{"floor":1,"key":"AttackPotion"},{"floor":3,"key":"SkillPotion"},{"floor":11,"key":"FearPotion"}],"is_trial":false,"path_per_floor":["M","?","M","?","M","R","M","$","T","R","M","R","?","M","R","B",null,"M","M","?","M"],"character_chosen":"DEFECT","items_purchased":["Storm","FTL"],"campfire_rested":2,"item_purchase_floors":[8,8],"current_hp_per_floor":[35,24,23,23,22,22,14,14,14,36,29,29,29,23,45,8,75,14,11,11,0],"gold":325,"neow_bonus":"ONE_RARE_RELIC","is_prod":false,"is_daily":false,"chose_seed":false,"campfire_upgraded":2,"win_rate":0,"timestamp":1545542462,"path_taken":["M","?","M","?","M","R","M","$","T","R","M","R","?","?","R","BOSS","M","M","?","?"],"build_version":"2018-12-20","purchased_purges":1,"victory":false,"max_hp_per_floor":[75,75,75,75,75,75,75,75,75,75,75,75,75,75,75,75,75,75,75,75,75],"card_choices":[{"not_picked":["Double Energy","Tempest"],"picked":"White Noise","floor":1},{"not_picked":["Ball Lightning","Go for the Eyes"],"picked":"Loop","floor":3},{"not_picked":["Static Discharge","Sweeping Beam","Compile Driver"],"picked":"SKIP","floor":5},{"not_picked":["Doom and Gloom","Redo","Scrape"],"picked":"SKIP","floor":7},{"not_picked":["Compile Driver","Stack"],"picked":"Consume","floor":11},{"not_picked":["Ball Lightning","Gash"],"picked":"Hologram","floor":14},{"not_picked":["Rainbow","Multi-Cast"],"picked":"Amplify","floor":16},{"not_picked":["Conserve Battery","Go for the Eyes+1"],"picked":"Steam Power","floor":18},{"not_picked":["Conserve Battery","Sweeping Beam","Chill"],"picked":"SKIP","floor":19},{"not_picked":["Sweeping Beam","Chill"],"picked":"Conserve Battery","floor":19}],"player_experience":326715,"relics_obtained":[{"floor":9,"key":"MawBank"}],"event_choices":[{"damage_healed":0,"gold_gain":75,"player_choice":"Gather Gold","damage_taken":11,"max_hp_gain":0,"max_hp_loss":0,"event_name":"World of Goop","floor":2,"gold_loss":0},{"damage_healed":0,"gold_gain":0,"player_choice":"Fled","damage_taken":0,"max_hp_gain":0,"max_hp_loss":0,"event_name":"Scrap Ooze","floor":4,"gold_loss":0},{"damage_healed":0,"gold_gain":0,"player_choice":"2 cards matched","damage_taken":0,"max_hp_gain":0,"max_hp_loss":0,"event_name":"Match and Keep!","floor":13,"gold_loss":0,"cards_obtained":["Regret","Fission"]},{"damage_healed":0,"gold_gain":0,"player_choice":"Trade","damage_taken":0,"relics_obtained":["CultistMask"],"max_hp_gain":0,"max_hp_loss":0,"event_name":"FaceTrader","floor":20,"gold_loss":0}],"is_beta":false,"boss_relics":[{"not_picked":["Nuclear Battery","Astrolabe"],"picked":"Runic Pyramid"}],"items_purged_floors":[8],"is_endless":false,"potions_floor_spawned":[1,3,11],"killed_by":"Shelled Parasite and Fungi","ascension_level":3}