{"gold_per_floor":[112,124,124,138,157,157,157,191,191,191,116,136,106,119,119,216,216,236,236,176,176,186,186],"floor_reached":23,"playtime":1663,"items_purged":[],"score":191,"play_id":"69e4e23b-5cf2-46b1-8a22-d9d9da344119","local_time":"20180703234319","is_ascension_mode":false,"campfire_choices":[{"data":"Zap","floor":6,"key":"SMITH"},{"data":"Genetic Algorithm","floor":10,"key":"SMITH"},{"floor":15,"key":"REST"}],"neow_cost":"","seed_source_timestamp":761175546588549,"circlet_count":0,"master_deck":["Strike_B","Strike_B","Strike_B","Strike_B","Defend_B","Defend_B","Defend_B","Defend_B","Zap+1","Dualcast","Redo","Barrage+1","Conserve Battery","Aggregate","Genetic Algorithm+1","Capacitor+1","Loop+1","Glacier","All For One","Beam Cell+1","Writhe","Gash","Ball Lightning"],"relics":["Cracked Core","Frozen Egg 2","Kunai","Inserter","Anchor"],"potions_floor_usage":[8,8,16,23],"damage_taken":[{"damage":3,"enemies":"Jaw Worm","floor":1,"turns":3},{"damage":10,"enemies":"Small Slimes","floor":2,"turns":3},{"damage":1,"enemies":"2 Louse","floor":4,"turns":2},{"damage":0,"enemies":"Large Slime","floor":5,"turns":5},{"damage":21,"enemies":"Gremlin Nob","floor":8,"turns":4},{"damage":13,"enemies":"2 Fungi Beasts","floor":12,"turns":4},{"damage":12,"enemies":"Gremlin Gang","floor":14,"turns":5},{"damage":19,"enemies":"Hexaghost","floor":16,"turns":13},{"damage":19,"enemies":"Spheric Guardian","floor":18,"turns":6},{"damage":7,"enemies":"2 Thieves","floor":20,"turns":4},{"damage":28,"enemies":"Cultist and Chosen","floor":22,"turns":8},{"damage":28,"enemies":"Book of Stabbing","floor":23,"turns":3}],"seed_played":"-8320074975809301971","potions_obtained":[{"floor":2,"key":"PowerPotion"},{"floor":5,"key":"Strength Potion"},{"floor":12,"key":"SkillPotion"},{"floor":14,"key":"Ancient Potion"},{"floor":22,"key":"SpeedPotion"}],"is_trial":false,"path_per_floor":["M","M","?","M","M","R","?","E","T","R","$","M","?","M","R","B",null,"M","?","M","?","M"],"character_chosen":"DEFECT","items_purchased":["Capacitor+1"],"campfire_rested":1,"item_purchase_floors":[11],"current_hp_per_floor":[72,62,67,66,66,66,66,45,45,45,45,32,32,20,44,25,80,61,61,54,54,26,0],"gold":186,"neow_bonus":"","is_prod":false,"is_daily":false,"chose_seed":false,"campfire_upgraded":2,"win_rate":0.0,"timestamp":1530654199,"path_taken":["M","M","?","M","M","R","?","E","T","R","$","M","?","M","R","BOSS","M","?","M","?","M","E"],"build_version":"2018-06-28","purchased_purges":0,"victory":false,"max_hp_per_floor":[75,75,80,80,80,80,80,80,80,80,80,80,80,80,80,80,80,80,80,80,80,80,80],"card_choices":[{"not_picked":["Chaos","Glacier"],"picked":"Redo","floor":1},{"not_picked":["Leap","Stack"],"picked":"Barrage","floor":2},{"not_picked":["Redo","Hologram"],"picked":"Conserve Battery","floor":4},{"not_picked":["Double Energy","Buffer"],"picked":"Aggregate","floor":5},{"not_picked":["Redo","Reinforced Body"],"picked":"Genetic Algorithm","floor":8},{"not_picked":["Double Energy","Compile Driver"],"picked":"Loop+1","floor":12},{"not_picked":["Ball Lightning","Auto Shields"],"picked":"Glacier","floor":14},{"not_picked":["Biased Cognition+1","Thunder Strike"],"picked":"All For One","floor":16},{"not_picked":["Sweeping Beam","Streamline+1"],"picked":"Beam Cell+1","floor":18},{"not_picked":["Cold Snap","Streamline"],"picked":"Gash","floor":20},{"not_picked":["Leap","Go for the Eyes+1"],"picked":"Ball Lightning","floor":22}],"player_experience":16990,"relics_obtained":[{"floor":8,"key":"Frozen Egg 2"},{"floor":9,"key":"Kunai"}],"event_choices":[{"event_name":"Big Fish","player_choice":"Donut","floor":3,"damage_taken":0},{"event_name":"Shining Light","player_choice":"Ignored","floor":7,"damage_taken":0},{"event_name":"World of Goop","player_choice":"Left","floor":13,"damage_taken":0},{"event_name":"The Mausoleum","player_choice":"Yes","floor":19,"damage_taken":0},{"event_name":"Upgrade Shrine","player_choice":"Upgraded","floor":21,"damage_taken":0}],"boss_relics":[{"not_picked":["Lizard Tail","Fusion Hammer"],"picked":"Inserter"}],"items_purged_floors":[],"is_endless":false,"potions_floor_spawned":[2,5,12,14,22],"killed_by":"Book of Stabbing","ascension_level":0}