{"path_per_floor":["M","$","M","$","M","R","M","R","T","?","M","M","?","M","R","B",null,"M","?","M","$","?","R"],"character_chosen":"IRONCLAD","items_purchased":["Feel No Pain","Flex","Apotheosis","Pen Nib"],"gold_per_floor":[367,198,217,31,43,43,63,63,63,63,74,84,84,97,97,201,201,220,143,160,16,16,16,16],"floor_reached":24,"campfire_rested":1,"playtime":1706,"current_hp_per_floor":[36,36,24,24,21,21,19,43,43,36,27,28,28,34,34,30,68,71,71,41,41,41,41,0],"items_purged":["Strike_R"],"gold":16,"score":282,"play_id":"1aca8b6c-9ea9-47e0-a392-79fdae8d6924","local_time":"20180420204435","is_prod":false,"is_daily":false,"chose_seed":false,"is_ascension_mode":true,"campfire_upgraded":3,"timestamp":1524282275,"path_taken":["M","?","?","$","M","R","M","R","T","?","M","M","?","M","R","BOSS","M","?","M","$","?","R","E"],"build_version":"2018-04-19","seed_source_timestamp":209910029531246,"purchased_purges":1,"victory":false,"master_deck":["Strike_R","Strike_R","Defend_R","Defend_R","Defend_R","Defend_R","Bash","AscendersBane","Armaments+1","Feel No Pain","Flex","Feel No Pain","Apotheosis+1","Inflame+1","Dropkick","Body Slam","Rampage","Barricade","Intimidate","Berserk","Hemokinesis+1","J.A.X.","Shrug It Off"],"max_hp_per_floor":[80,80,80,80,80,80,80,80,80,80,80,80,80,80,80,80,80,80,80,80,80,80,80,80],"relics":["Burning Blood","Mummified Hand","Black Star","Pen Nib"],"card_choices":[{"not_picked":["Body Slam","Burning Pact"],"picked":"Armaments","floor":1},{"not_picked":["Shockwave","Shrug It Off"],"picked":"Feel No Pain","floor":3},{"not_picked":["Power Through","True Grit"],"picked":"Inflame","floor":7},{"not_picked":["Sever Soul","Bloodletting"],"picked":"Dropkick","floor":11},{"not_picked":["Iron Wave","Shockwave"],"picked":"Body Slam","floor":12},{"not_picked":["Armaments","Uppercut"],"picked":"Intimidate","floor":14},{"not_picked":["Demon Form","Reaper"],"picked":"Berserk","floor":16},{"not_picked":["Shrug It Off","Sever Soul"],"picked":"Hemokinesis","floor":18},{"not_picked":["Sword Boomerang","Searing Blow"],"picked":"Shrug It Off","floor":20}],"player_experience":404961,"potions_floor_usage":[5,14,16,20],"damage_taken":[{"damage":6,"enemies":"Cultist","floor":1,"turns":4},{"damage":18,"enemies":"Jaw Worm","floor":3,"turns":5},{"damage":9,"enemies":"2 Louse","floor":5,"turns":5},{"damage":8,"enemies":"Exordium Thugs","floor":7,"turns":6},{"damage":15,"enemies":"2 Fungi Beasts","floor":11,"turns":4},{"damage":5,"enemies":"3 Louse","floor":12,"turns":4},{"damage":0,"enemies":"Exordium Thugs","floor":14,"turns":3},{"damage":10,"enemies":"Slime Boss","floor":16,"turns":10},{"damage":3,"enemies":"Chosen","floor":18,"turns":8},{"damage":36,"enemies":"3 Byrds","floor":20,"turns":7},{"damage":43,"enemies":"Book of Stabbing","floor":24,"turns":4}],"event_choices":[{"event_name":"Golden Wing","player_choice":"Card Removal","floor":10,"damage_taken":0},{"event_name":"Match and Keep!","player_choice":"2 cards matched","floor":13,"damage_taken":0},{"event_name":"Drug Dealer","player_choice":"Got JAXXED","floor":19,"damage_taken":0},{"event_name":"Bonfire Elementals","player_choice":"BASIC","floor":22,"damage_taken":0}],"boss_relics":[{"not_picked":["Eternal Feather","Runic Pyramid"],"picked":"Black Star"}],"potions_floor_spawned":[3,11,14,18],"seed_played":"-3739286985835823934","killed_by":"Book of Stabbing","ascension_level":10,"is_trial":false}