{"gold_per_floor":[219,394,411,422,436,462,462,11,62,62,96,96,96,371,371,371],"floor_reached":16,"playtime":1382,"items_purged":[],"score":108,"play_id":"70d5118b-3493-44ef-b271-76ffc7bb6ba5","local_time":"20190912231218","is_ascension_mode":false,"campfire_choices":[{"floor":7,"key":"REST"},{"floor":10,"key":"REST"},{"floor":12,"key":"REST"},{"floor":15,"key":"REST"}],"neow_cost":"NONE","seed_source_timestamp":40423214764000,"circlet_count":0,"master_deck":["Strike_G","Strike_G","Strike_G","Strike_G","Strike_G","Defend_G","Defend_G","Defend_G","Defend_G","Defend_G","Survivor","Neutralize","Slice","Dagger Spray","Flying Knee","Outmaneuver","Expertise","Well Laid Plans","Secret Weapon","Adrenaline","Regret"],"relics":["Ring of the Snake","Bottled Lightning","Darkstone Periapt","Potion Belt","Snake Skull"],"potions_floor_usage":[6,6,16],"damage_taken":[{"damage":0,"enemies":"Small Slimes","floor":1,"turns":3},{"damage":5,"enemies":"Jaw Worm","floor":3,"turns":6},{"damage":2,"enemies":"Cultist","floor":4,"turns":4},{"damage":16,"enemies":"Exordium Thugs","floor":5,"turns":8},{"damage":27,"enemies":"3 Sentries","floor":6,"turns":10},{"damage":44,"enemies":"Gremlin Nob","floor":11,"turns":5},{"damage":90,"enemies":"Slime Boss","floor":16,"turns":15}],"seed_played":"7866603700888857359","potions_obtained":[{"floor":3,"key":"Block Potion"},{"floor":5,"key":"Energy Potion"},{"floor":6,"key":"Regen Potion"},{"floor":11,"key":"LiquidBronze"}],"is_trial":false,"path_per_floor":["M","?","M","M","M","E","R","$","T","R","E","R","?","?","R","B"],"character_chosen":"THE_SILENT","items_purchased":["Darkstone Periapt","Well Laid Plans","Secret Weapon"],"campfire_rested":4,"item_purchase_floors":[8,8,8],"current_hp_per_floor":[70,70,65,63,47,20,41,41,41,62,18,39,39,45,67,0],"gold":371,"neow_bonus":"HUNDRED_GOLD","is_prod":false,"is_daily":false,"chose_seed":false,"campfire_upgraded":0,"win_rate":0.0,"timestamp":1568322738,"path_taken":["M","?","M","M","M","E","R","$","T","R","E","R","?","?","R","BOSS"],"build_version":"2019-07-17","purchased_purges":0,"victory":false,"max_hp_per_floor":[70,70,70,70,70,70,70,70,70,70,70,70,70,76,76,76],"card_choices":[{"not_picked":["Footwork","Choke"],"picked":"Slice","floor":1},{"not_picked":["Predator","Underhanded Strike"],"picked":"Dagger Spray","floor":3},{"not_picked":["Caltrops","Outmaneuver"],"picked":"Flying Knee","floor":4},{"not_picked":["PiercingWail","Slice"],"picked":"Outmaneuver","floor":5},{"not_picked":["Finisher","Flying Knee"],"picked":"Expertise","floor":6},{"not_picked":["Tactician","Dagger Throw"],"picked":"Adrenaline","floor":11}],"player_experience":65268,"relics_obtained":[{"floor":6,"key":"Bottled Lightning"},{"floor":9,"key":"Potion Belt"},{"floor":11,"key":"Snake Skull"}],"event_choices":[{"damage_healed":0,"gold_gain":175,"player_choice":"AGREE","damage_taken":0,"max_hp_gain":0,"max_hp_loss":0,"event_name":"Liars Game","floor":2,"gold_loss":0,"cards_obtained":["Doubt"]},{"cards_removed":["Doubt"],"damage_healed":0,"gold_gain":0,"player_choice":"Forget","damage_taken":0,"max_hp_gain":0,"max_hp_loss":0,"event_name":"Living Wall","floor":13,"gold_loss":0},{"damage_healed":0,"gold_gain":275,"player_choice":"Desecrate","damage_taken":0,"max_hp_gain":0,"max_hp_loss":0,"event_name":"Golden Shrine","floor":14,"gold_loss":0,"cards_obtained":["Regret"]}],"is_beta":false,"boss_relics":[],"items_purged_floors":[],"is_endless":false,"potions_floor_spawned":[3,5,6,11],"killed_by":"Slime Boss","ascension_level":0}