{"gold_per_floor":[118,118,118,133,148,148,166,166,192,211,221,221,231,242,242,345,345,355,134,134,234,249,249,305,319,372,372,389,402,402,417,417,514,514,526,541,171,190,205,205,219,251,251,264,264,264,278,294,294,294],"floor_reached":51,"playtime":2261,"items_purged":["Decay"],"score":1086,"play_id":"1388ff19-ce41-4a8d-a8e8-9cb23b06d7c2","local_time":"20190901145804","is_ascension_mode":true,"campfire_choices":[{"data":"Headbutt","floor":6,"key":"SMITH"},{"floor":8,"key":"REST"},{"data":"Entrench","floor":12,"key":"SMITH"},{"data":"Demon Form","floor":15,"key":"SMITH"},{"data":"Shockwave","floor":23,"key":"SMITH"},{"floor":27,"key":"REST"},{"data":"Whirlwind","floor":30,"key":"SMITH"},{"floor":32,"key":"REST"},{"data":"Impervious","floor":40,"key":"SMITH"},{"floor":45,"key":"REST"},{"floor":49,"key":"REST"}],"neow_cost":"NONE","seed_source_timestamp":501684472388800,"circlet_count":0,"master_deck":["AscendersBane","Strike_R","Strike_R","Strike_R","Strike_R","Strike_R","Defend_R","Defend_R","Defend_R","Defend_R","Bash+1","Body Slam+1","Headbutt+1","Entrench+1","Demon Form+1","Shockwave+1","Feed","Corruption","Impervious+1","Whirlwind+1","Sword Boomerang+1","Perfected Strike+1","Armaments+1","Reaper","Heavy Blade+1","Heavy Blade+1","Mayhem","Shrug It Off+1","Uppercut","Parasite"],"relics":["Burning Blood","Anchor","Snecko Eye","Tiny Chest","Red Skull","Cursed Key","TheAbacus","Shuriken"],"potions_floor_usage":[22,24,35,42,44,50,50],"damage_taken":[{"damage":3,"enemies":"Jaw Worm","floor":1,"turns":4},{"damage":5,"enemies":"2 Louse","floor":4,"turns":2},{"damage":9,"enemies":"Cultist","floor":5,"turns":5},{"damage":26,"enemies":"Exordium Thugs","floor":7,"turns":4},{"damage":6,"enemies":"Large Slime","floor":10,"turns":6},{"damage":0,"enemies":"Red Slaver","floor":11,"turns":3},{"damage":25,"enemies":"Exordium Thugs","floor":13,"turns":4},{"damage":0,"enemies":"Large Slime","floor":14,"turns":5},{"damage":28,"enemies":"Slime Boss","floor":16,"turns":8},{"damage":20,"enemies":"2 Thieves","floor":18,"turns":3},{"damage":0,"enemies":"3 Byrds","floor":22,"turns":4},{"damage":18,"enemies":"Gremlin Leader","floor":24,"turns":8},{"damage":33,"enemies":"Snake Plant","floor":25,"turns":6},{"damage":13,"enemies":"Cultist and Chosen","floor":28,"turns":4},{"damage":9,"enemies":"Centurion and Healer","floor":29,"turns":5},{"damage":13,"enemies":"Sentry and Sphere","floor":31,"turns":4},{"damage":18,"enemies":"Collector","floor":33,"turns":5},{"damage":4,"enemies":"3 Darklings","floor":35,"turns":3},{"damage":25,"enemies":"3 Shapes","floor":36,"turns":6},{"damage":0,"enemies":"3 Darklings","floor":38,"turns":2},{"damage":1,"enemies":"Jaw Worm Horde","floor":39,"turns":4},{"damage":16,"enemies":"Writhing Mass","floor":41,"turns":4},{"damage":39,"enemies":"Nemesis","floor":42,"turns":5},{"damage":20,"enemies":"Sphere and 2 Shapes","floor":44,"turns":4},{"damage":3,"enemies":"Jaw Worm Horde","floor":47,"turns":3},{"damage":2,"enemies":"Writhing Mass","floor":48,"turns":4},{"damage":65,"enemies":"Awakened One","floor":50,"turns":9}],"seed_played":"-8818423033413385116","potions_obtained":[{"floor":1,"key":"LiquidBronze"},{"floor":10,"key":"FearPotion"},{"floor":11,"key":"SneckoOil"},{"floor":13,"key":"EssenceOfSteel"},{"floor":22,"key":"Weak Potion"},{"floor":28,"key":"Strength Potion"},{"floor":36,"key":"Weak Potion"},{"floor":42,"key":"SkillPotion"}],"is_trial":false,"path_per_floor":["M","?","?","M","M","R","M","R","T","M","M","R","M","M","R","B",null,"M","$","?","?","M","R","E","M","T","R","M","M","R","M","R","B",null,"M","M","$","M","M","R","M","E","T","M","R","?","M","M","R","B",null],"character_chosen":"IRONCLAD","items_purchased":["Corruption","Impervious","Mayhem","TheAbacus"],"campfire_rested":5,"item_purchase_floors":[19,19,37,37],"current_hp_per_floor":[75,75,75,76,73,73,53,77,77,77,80,80,61,67,67,45,71,57,57,57,57,66,66,54,27,27,51,44,44,44,37,62,50,77,79,60,60,66,74,74,70,38,38,45,72,72,79,83,96,55],"gold":294,"neow_bonus":"UPGRADE_CARD","is_prod":false,"is_daily":false,"chose_seed":false,"campfire_upgraded":6,"win_rate":0,"timestamp":1567364284,"path_taken":["M","?","?","?","M","R","M","R","T","M","M","R","M","M","R","BOSS","M","$","?","?","M","R","E","M","T","R","M","?","R","M","R","BOSS","M","M","$","M","M","R","M","E","T","M","R","?","M","M","R","BOSS"],"build_version":"2019-08-26","purchased_purges":1,"victory":true,"max_hp_per_floor":[80,80,80,80,80,80,80,80,80,80,80,80,80,80,80,80,80,80,80,80,80,83,83,83,83,83,83,83,86,86,86,86,86,86,86,86,86,86,89,89,89,89,89,92,92,92,96,96,96,96],"card_choices":[{"not_picked":["Blood for Blood","Seeing Red"],"picked":"Body Slam","floor":1},{"not_picked":["Spot Weakness","Anger","Thunderclap"],"picked":"SKIP","floor":4},{"not_picked":["Seeing Red","Wild Strike"],"picked":"Headbutt","floor":5},{"not_picked":["Iron Wave","Wild Strike","Blood for Blood"],"picked":"SKIP","floor":7},{"not_picked":["Headbutt","Flex","Clothesline"],"picked":"SKIP","floor":10},{"not_picked":["Anger","Twin Strike"],"picked":"Entrench","floor":11},{"not_picked":["Cleave","Heavy Blade"],"picked":"Demon Form","floor":13},{"not_picked":["Inflame","Carnage"],"picked":"Shockwave","floor":14},{"not_picked":["Barricade","Demon Form"],"picked":"Feed","floor":16},{"not_picked":["Dropkick","Pommel Strike","Anger"],"picked":"SKIP","floor":18},{"not_picked":["Iron Wave","Reckless Charge","Searing Blow"],"picked":"SKIP","floor":22},{"not_picked":["Evolve","Body Slam"],"picked":"Whirlwind","floor":24},{"not_picked":["Combust","Dropkick"],"picked":"Sword Boomerang+1","floor":25},{"not_picked":["Clash","Infernal Blade","Headbutt"],"picked":"SKIP","floor":28},{"not_picked":["Anger","Armaments"],"picked":"Perfected Strike+1","floor":29},{"not_picked":["Iron Wave+1","Warcry+1"],"picked":"Armaments+1","floor":31},{"not_picked":["Limit Break","Feed"],"picked":"Reaper","floor":33},{"not_picked":["Flex","Feel No Pain"],"picked":"Heavy Blade+1","floor":35},{"not_picked":["Warcry+1","Anger"],"picked":"Heavy Blade+1","floor":36},{"not_picked":["Sentinel","Rupture+1","Battle Trance"],"picked":"SKIP","floor":38},{"not_picked":["Clash+1","Carnage","Wild Strike+1"],"picked":"SKIP","floor":39},{"not_picked":["Cleave+1","Shrug It Off","Havoc+1"],"picked":"SKIP","floor":41},{"not_picked":["Ghostly Armor+1","Entrench"],"picked":"Shrug It Off+1","floor":42},{"not_picked":["Combust","Pommel Strike","Body Slam"],"picked":"SKIP","floor":44},{"not_picked":["Wild Strike+1","Seeing Red"],"picked":"Uppercut","floor":47},{"not_picked":["Rage+1","Combust+1","Shrug It Off+1"],"picked":"SKIP","floor":48},{"not_picked":["Rage+1","Combust+1","Shrug It Off+1"],"picked":"SKIP","floor":48}],"player_experience":991062,"relics_obtained":[{"floor":9,"key":"Anchor"},{"floor":24,"key":"Tiny Chest"},{"floor":26,"key":"Red Skull"},{"floor":42,"key":"Shuriken"}],"event_choices":[{"damage_healed":0,"gold_gain":0,"player_choice":"Grow","damage_taken":0,"max_hp_gain":0,"max_hp_loss":0,"event_name":"Living Wall","floor":2,"gold_loss":0,"cards_upgraded":["Body Slam"]},{"damage_healed":0,"gold_gain":0,"player_choice":"Cursed","damage_taken":0,"max_hp_gain":0,"max_hp_loss":0,"event_name":"Wheel of Change","floor":3,"gold_loss":0,"cards_obtained":["Decay"]},{"damage_healed":0,"gold_gain":0,"player_choice":"Ignored","damage_taken":0,"max_hp_gain":0,"max_hp_loss":0,"event_name":"Ghosts","floor":20,"gold_loss":0},{"damage_healed":0,"gold_gain":100,"player_choice":"Pray","damage_taken":0,"max_hp_gain":0,"max_hp_loss":0,"event_name":"Golden Shrine","floor":21,"gold_loss":0},{"damage_healed":0,"gold_gain":0,"player_choice":"Memory 1","damage_taken":0,"max_hp_gain":0,"max_hp_loss":0,"event_name":"SensoryStone","floor":46,"gold_loss":0}],"is_beta":true,"boss_relics":[{"not_picked":["Calling Bell","Lizard Tail"],"picked":"Snecko Eye"},{"not_picked":["Velvet Choker","Sozu"],"picked":"Cursed Key"}],"items_purged_floors":[19],"is_endless":false,"potions_floor_spawned":[1,10,11,13,22,28,29,33,36,38,41,42],"ascension_level":10}