{"gold_per_floor":[17,292,72,91,91,118,118,144,215,215,231,231,294,344,344,448,448,464,514,121,183,250,250,275,275,275,83,97,147,165,175,175,175],"floor_reached":33,"playtime":2668,"items_purged":["Regret"],"score":325,"play_id":"3bc6e870-9ace-42ac-ba7f-85cd9d820bb7","local_time":"20190709025002","is_ascension_mode":false,"campfire_choices":[{"floor":7,"key":"REST"},{"floor":10,"key":"RECALL"},{"floor":12,"key":"REST"},{"floor":15,"key":"REST"},{"data":"Searing Blow+1","floor":23,"key":"SMITH"},{"floor":25,"key":"REST"},{"data":"Searing Blow+2","floor":32,"key":"SMITH"}],"neow_cost":"NO_GOLD","seed_source_timestamp":2266435644842473,"circlet_count":0,"master_deck":["Defend_R","Defend_R","Defend_R","Defend_R","Dark Embrace","Sever Soul","Shrug It Off","Anger","Double Tap","Sentinel","Clothesline","Feed","Sentinel+1","Warcry+1","Whirlwind+1","Armaments+1","Searing Blow+3","Anger+1","Bite","Bite","Bite","Bite","Bite","Infernal Blade"],"relics":["Burning Blood","Orichalcum","SsserpentHead","Red Skull","Bronze Scales","Singing Bowl","Astrolabe","Gremlin Horn","ClockworkSouvenir","Thread and Needle","Dodecahedron","Bottled Lightning"],"potions_floor_usage":[16,16,22,33,33],"damage_taken":[{"damage":15,"enemies":"Jaw Worm","floor":1,"turns":4},{"damage":7,"enemies":"Cultist","floor":4,"turns":5},{"damage":41,"enemies":"Lagavulin","floor":6,"turns":7},{"damage":32,"enemies":"3 Sentries","floor":8,"turns":9},{"damage":0,"enemies":"2 Louse","floor":11,"turns":2},{"damage":12,"enemies":"Exordium Thugs","floor":13,"turns":5},{"damage":48,"enemies":"The Guardian","floor":16,"turns":13},{"damage":3,"enemies":"3 Byrds","floor":18,"turns":5},{"damage":5,"enemies":"Shell Parasite","floor":21,"turns":5},{"damage":24,"enemies":"Centurion and Healer","floor":22,"turns":9},{"damage":68,"enemies":"Book of Stabbing","floor":24,"turns":8},{"damage":0,"enemies":"Chosen and Byrds","floor":28,"turns":4},{"damage":13,"enemies":"Sentry and Sphere","floor":30,"turns":7},{"damage":20,"enemies":"Centurion and Healer","floor":31,"turns":5},{"damage":72,"enemies":"Collector","floor":33,"turns":8}],"seed_played":"1917814220117978478","potions_obtained":[{"floor":4,"key":"Ancient Potion"},{"floor":6,"key":"Strength Potion"},{"floor":16,"key":"Dexterity Potion"},{"floor":21,"key":"AttackPotion"},{"floor":30,"key":"Ancient Potion"}],"is_trial":false,"path_per_floor":["M","?","$","M","?","E","R","E","T","R","M","R","M","T","R","B",null,"M","?","$","M","M","R","E","R","T","$","M","?","M","M","R","B"],"character_chosen":"IRONCLAD","items_purchased":["Orichalcum","Gremlin Horn","ClockworkSouvenir","Bottled Lightning"],"campfire_rested":4,"item_purchase_floors":[3,20,20,27],"current_hp_per_floor":[71,71,71,70,70,35,59,33,33,33,39,63,59,59,82,40,82,84,84,84,84,69,69,7,33,33,33,41,41,53,57,57,0],"gold":175,"neow_bonus":"TRANSFORM_TWO_CARDS","is_prod":false,"is_daily":false,"chose_seed":false,"campfire_upgraded":2,"win_rate":0,"timestamp":1562655002,"path_taken":["M","?","?","M","?","E","R","E","T","R","M","R","?","?","R","BOSS","M","?","?","?","?","R","E","R","T","?","M","?","M","M","R","BOSS"],"build_version":"2019-07-05","purchased_purges":1,"victory":false,"max_hp_per_floor":[80,80,80,80,80,80,80,80,80,80,80,80,82,82,82,82,82,84,84,84,84,87,87,87,87,87,87,89,62,65,67,67,67],"card_choices":[{"not_picked":["Body Slam","Clothesline"],"picked":"Shrug It Off","floor":1},{"not_picked":["Clothesline","Clash"],"picked":"Anger","floor":4},{"not_picked":["Perfected Strike","Clash"],"picked":"Double Tap","floor":6},{"not_picked":["Sword Boomerang","Armaments"],"picked":"Sentinel","floor":8},{"not_picked":["Carnage","Headbutt"],"picked":"Clothesline","floor":11},{"not_picked":["Sentinel","Wild Strike","Sever Soul"],"picked":"Singing Bowl","floor":13},{"not_picked":["Demon Form","Impervious"],"picked":"Feed","floor":16},{"not_picked":["Sword Boomerang+1","Heavy Blade","Twin Strike"],"picked":"Singing Bowl","floor":18},{"not_picked":["Battle Trance","Dropkick"],"picked":"Armaments+1","floor":21},{"not_picked":["Wild Strike","Sever Soul"],"picked":"Searing Blow+1","floor":22},{"not_picked":["Body Slam+1","Bloodletting"],"picked":"Anger+1","floor":24},{"not_picked":["Flex","Flame Barrier","Rupture"],"picked":"Singing Bowl","floor":28},{"not_picked":["True Grit","Corruption"],"picked":"Infernal Blade","floor":30},{"not_picked":["Wild Strike+1","Rage","Pummel+1"],"picked":"Singing Bowl","floor":31}],"player_experience":121575,"relics_obtained":[{"floor":6,"key":"Red Skull"},{"floor":8,"key":"Bronze Scales"},{"floor":9,"key":"Singing Bowl"},{"floor":24,"key":"Thread and Needle"},{"floor":26,"key":"Dodecahedron"}],"event_choices":[{"damage_healed":0,"gold_gain":275,"player_choice":"Desecrate","damage_taken":0,"max_hp_gain":0,"max_hp_loss":0,"event_name":"Golden Shrine","floor":2,"gold_loss":0,"cards_obtained":["Regret"]},{"damage_healed":0,"gold_gain":0,"player_choice":"Trade","damage_taken":0,"relics_obtained":["SsserpentHead"],"max_hp_gain":0,"max_hp_loss":0,"event_name":"FaceTrader","floor":5,"gold_loss":0},{"damage_healed":0,"gold_gain":0,"player_choice":"Ignored","damage_taken":0,"max_hp_gain":0,"max_hp_loss":0,"event_name":"Ghosts","floor":19,"gold_loss":0},{"damage_healed":0,"gold_gain":0,"player_choice":"Became a vampire","damage_taken":0,"max_hp_gain":0,"max_hp_loss":27,"event_name":"Vampires","floor":29,"gold_loss":0,"cards_obtained":["Bite","Bite","Bite","Bite","Bite"]}],"is_beta":false,"boss_relics":[{"not_picked":["Sozu","Snecko Eye"],"picked":"Astrolabe"}],"items_purged_floors":[3],"is_endless":false,"potions_floor_spawned":[4,6,16,21,30],"killed_by":"Collector","ascension_level":0}