{"gold_per_floor":[119,139,139,157,173,173,203,203,272,292,257,270,305,319,319,443,443,460,370,389,110,124,124,159,177,202,230,230,230,241,258,258,359,409,424,424,435,448,548,548,565,565],"floor_reached":42,"playtime":3008,"items_purged":["Strike_P"],"score":504,"play_id":"d8b17309-c36a-4813-b75c-a14e02bdd2e7","local_time":"20190916150215","is_ascension_mode":false,"campfire_choices":[{"data":"SpiritShield","floor":6,"key":"SMITH"},{"data":"Consecrate","floor":8,"key":"SMITH"},{"data":"FlurryOfBlows","floor":15,"key":"SMITH"},{"data":"FlurryOfBlows","floor":23,"key":"SMITH"},{"floor":28,"key":"REST"},{"data":"Adaptation","floor":32,"key":"SMITH"},{"data":"ClearTheMind","floor":40,"key":"SMITH"}],"neow_cost":"PERCENT_DAMAGE","seed_source_timestamp":434483737227100,"circlet_count":0,"master_deck":["Strike_P","Defend_P","Defend_P","Defend_P","Defend_P","Eruption+1","Vigilance","Master of Strategy","Transmutation+1","SpiritShield+1","FlurryOfBlows+1","Crescendo","Consecrate+1","ClearTheMind+1","ThirdEye","FlyingSleeves+1","Judgement+1","Establishment","Adaptation+1","FlurryOfBlows+1","Dark Shackles","Omniscience","Protect+1","InnerPeace+1","Vault+1","DeceiveReality","CrushJoints+1","BowlingBash+1"],"relics":["PureWater","Nunchaku","Ornamental Fan","Bag of Marbles","Sozu","Molten Egg 2","MealTicket","Whetstone","Tiny House","TungstenRod"],"potions_floor_usage":[7,16,27],"damage_taken":[{"damage":0,"enemies":"Cultist","floor":1,"turns":2},{"damage":0,"enemies":"Jaw Worm","floor":2,"turns":4},{"damage":0,"enemies":"Small Slimes","floor":4,"turns":2},{"damage":12,"enemies":"2 Fungi Beasts","floor":5,"turns":4},{"damage":25,"enemies":"3 Sentries","floor":7,"turns":10},{"damage":0,"enemies":"3 Louse","floor":10,"turns":1},{"damage":5,"enemies":"Gremlin Gang","floor":12,"turns":4},{"damage":21,"enemies":"Lagavulin","floor":13,"turns":7},{"damage":0,"enemies":"Blue Slaver","floor":14,"turns":4},{"damage":9,"enemies":"Hexaghost","floor":16,"turns":6},{"damage":0,"enemies":"Spheric Guardian","floor":18,"turns":2},{"damage":5,"enemies":"2 Thieves","floor":20,"turns":2},{"damage":6,"enemies":"Cultist and Chosen","floor":22,"turns":5},{"damage":17,"enemies":"Book of Stabbing","floor":24,"turns":6},{"damage":0,"enemies":"Snecko","floor":25,"turns":3},{"damage":1,"enemies":"Gremlin Leader","floor":27,"turns":7},{"damage":0,"enemies":"Snake Plant","floor":30,"turns":3},{"damage":0,"enemies":"3 Cultists","floor":31,"turns":3},{"damage":0,"enemies":"Collector","floor":33,"turns":11},{"damage":2,"enemies":"Orb Walker","floor":35,"turns":2},{"damage":13,"enemies":"3 Shapes","floor":37,"turns":7},{"damage":1,"enemies":"Maw","floor":38,"turns":10},{"damage":0,"enemies":"Mind Bloom Boss Battle","floor":39,"turns":2},{"damage":44,"enemies":"Transient","floor":41,"turns":5},{"damage":10,"enemies":"Spire Growth","floor":42,"turns":1}],"seed_played":"5124984632496700738","potions_obtained":[{"floor":4,"key":"Ancient Potion"},{"floor":5,"key":"Regen Potion"},{"floor":14,"key":"DuplicationPotion"}],"is_trial":false,"path_per_floor":["M","M","?","M","M","R","E","R","T","M","?","M","E","M","R","B",null,"M","?","M","$","M","R","E","M","T","E","R","?","M","M","R","B",null,"M","?","M","M","?","R","M","M"],"character_chosen":"WATCHER","items_purchased":["Adaptation","FlurryOfBlows","Dark Shackles"],"campfire_rested":1,"item_purchase_floors":[21,21,21],"current_hp_per_floor":[47,47,47,47,35,35,25,25,25,25,41,36,15,15,15,6,65,65,65,60,60,54,54,37,37,37,36,55,55,55,55,55,55,70,68,68,55,54,54,54,10,0],"gold":565,"neow_bonus":"RANDOM_COLORLESS_2","is_prod":false,"is_daily":false,"chose_seed":false,"campfire_upgraded":6,"win_rate":0,"timestamp":1568660535,"path_taken":["M","?","?","M","?","R","E","R","T","?","?","M","E","M","R","BOSS","M","?","?","?","M","R","E","M","T","E","R","?","M","M","R","BOSS","M","?","M","?","?","R","M","M"],"build_version":"2019-09-12","purchased_purges":1,"victory":false,"max_hp_per_floor":[65,65,65,65,65,65,65,65,65,65,65,65,65,65,65,65,65,65,65,65,65,65,65,65,65,65,65,65,65,65,65,65,65,70,70,70,70,70,70,70,70,70],"card_choices":[{"not_picked":["ClearTheMind","Crescendo"],"picked":"SpiritShield","floor":1},{"not_picked":["Crescendo","Conclude"],"picked":"FlurryOfBlows","floor":2},{"not_picked":["CrushJoints","FollowUp"],"picked":"Crescendo","floor":4},{"not_picked":["Evaluate","TalkToTheHand"],"picked":"Consecrate","floor":5},{"not_picked":["Brilliance","PathToVictory","CarveReality"],"picked":"SKIP","floor":7},{"not_picked":["MentalFortress","EmptyFist"],"picked":"ClearTheMind","floor":10},{"not_picked":["FollowUp","Swivel"],"picked":"ThirdEye","floor":12},{"not_picked":["ForeignInfluence","FollowUp","ThirdEye"],"picked":"SKIP","floor":13},{"not_picked":["Conclude","Weave"],"picked":"FlyingSleeves","floor":14},{"not_picked":["Nirvana","SignatureMove"],"picked":"Judgement","floor":16},{"not_picked":["JustLucky+1","Fasting","ThirdEye"],"picked":"SKIP","floor":18},{"not_picked":["FollowUp","FlyingSleeves"],"picked":"Establishment","floor":20},{"not_picked":["Halt+1","Clarity","EmptyMind"],"picked":"SKIP","floor":22},{"not_picked":["FollowUp","Nirvana"],"picked":"Omniscience","floor":24},{"not_picked":["JustLucky+1","DeceiveReality"],"picked":"Protect+1","floor":25},{"not_picked":["Clarity","Conclude+1","Tantrum+1"],"picked":"SKIP","floor":27},{"not_picked":["PathToVictory","JustLucky+1","ClearTheMind"],"picked":"SKIP","floor":30},{"not_picked":["Meditate","Crescendo+1"],"picked":"InnerPeace+1","floor":31},{"not_picked":["SignatureMove+1","DeusExMachina"],"picked":"Vault+1","floor":33},{"not_picked":["EmptyMind","TalkToTheHand+1"],"picked":"DeceiveReality","floor":34},{"not_picked":["CutThroughFate+1","Protect+1"],"picked":"CrushJoints+1","floor":35},{"not_picked":["FollowUp+1","JustLucky+1","Vengeance+1"],"picked":"SKIP","floor":37},{"not_picked":["WaveOfTheHand","Evaluate+1"],"picked":"BowlingBash+1","floor":38},{"not_picked":["ClearTheMind","Halt","CarveReality+1"],"picked":"SKIP","floor":41}],"player_experience":1020336,"relics_obtained":[{"floor":7,"key":"Nunchaku"},{"floor":9,"key":"Ornamental Fan"},{"floor":13,"key":"Bag of Marbles"},{"floor":24,"key":"Molten Egg 2"},{"floor":26,"key":"MealTicket"},{"floor":27,"key":"Whetstone"},{"floor":39,"key":"TungstenRod"}],"event_choices":[{"cards_removed":["Strike_P"],"damage_healed":0,"gold_gain":0,"player_choice":"Purged","damage_taken":0,"max_hp_gain":0,"max_hp_loss":0,"event_name":"Purifier","floor":3,"gold_loss":0},{"damage_healed":16,"gold_gain":0,"player_choice":"Healed","damage_taken":0,"max_hp_gain":0,"max_hp_loss":0,"event_name":"The Cleric","floor":11,"gold_loss":35},{"cards_removed":["Strike_P"],"damage_healed":0,"gold_gain":0,"player_choice":"Upgrade and Remove","damage_taken":0,"max_hp_gain":0,"max_hp_loss":0,"event_name":"Designer","floor":19,"gold_loss":90,"cards_upgraded":["Judgement"]},{"damage_healed":0,"gold_gain":0,"player_choice":"Ignored","damage_taken":0,"max_hp_gain":0,"max_hp_loss":0,"event_name":"Ghosts","floor":29,"gold_loss":0},{"damage_healed":0,"gold_gain":0,"player_choice":"Bought 0 Potions","damage_taken":0,"max_hp_gain":0,"max_hp_loss":0,"event_name":"The Woman in Blue","floor":36,"gold_loss":0},{"damage_healed":0,"gold_gain":0,"player_choice":"Fight","damage_taken":0,"max_hp_gain":0,"max_hp_loss":0,"event_name":"MindBloom","floor":39,"gold_loss":0}],"is_beta":true,"boss_relics":[{"not_picked":["Busted Crown","Runic Pyramid"],"picked":"Sozu"},{"not_picked":["Velvet Choker","Coffee Dripper"],"picked":"Tiny House"}],"items_purged_floors":[21],"is_endless":false,"potions_floor_spawned":[4,5,14,20,24,25,30,33,38,39],"killed_by":"Spire Growth","ascension_level":0}