{"gold_per_floor":[112,122,122,122,47,66,16,16,63,76,76,96,96,107,107,206,206,226,226,239,255,266,298,314,314,341,341,360,114,132,132],"floor_reached":31,"playtime":914,"items_purged":["Injury","Strike_R"],"score":251,"play_id":"00f10252-6153-43e1-858e-d39a8ceb42d9","local_time":"20180725123342","is_ascension_mode":false,"campfire_choices":[{"data":"Sword Boomerang","floor":8,"key":"SMITH"},{"data":"Bash","floor":11,"key":"SMITH"},{"data":"Disarm","floor":13,"key":"SMITH"},{"data":"Thunderclap","floor":15,"key":"SMITH"},{"floor":25,"key":"REST"},{"data":"Anger","floor":27,"key":"SMITH"}],"neow_cost":"NONE","seed_source_timestamp":1470522897591888,"circlet_count":0,"master_deck":["Strike_R","Strike_R","Strike_R","Defend_R","Defend_R","Defend_R","Defend_R","Bash+1","Sword Boomerang+1","Uppercut+1","Thunderclap+1","Disarm+1","Demon Form","Sword Boomerang","Anger+1","Sword Boomerang+1","Iron Wave+1"],"relics":["Black Blood","Gremlin Horn","Dream Catcher","Self Forming Clay","Art of War","Lantern"],"potions_floor_usage":[16,20,23,23,28,31,31],"damage_taken":[{"damage":10,"enemies":"Jaw Worm","floor":1,"turns":6},{"damage":1,"enemies":"Cultist","floor":2,"turns":3},{"damage":0,"enemies":"Small Slimes","floor":6,"turns":3},{"damage":9,"enemies":"3 Louse","floor":10,"turns":2},{"damage":0,"enemies":"Lots of Slimes","floor":12,"turns":2},{"damage":5,"enemies":"Exordium Thugs","floor":14,"turns":4},{"damage":44,"enemies":"The Guardian","floor":16,"turns":11},{"damage":12,"enemies":"Shell Parasite","floor":18,"turns":6},{"damage":35,"enemies":"2 Thieves","floor":20,"turns":3},{"damage":28,"enemies":"Cultist and Chosen","floor":21,"turns":7},{"damage":9,"enemies":"Snecko","floor":22,"turns":5},{"damage":22,"enemies":"Gremlin Leader","floor":23,"turns":5},{"damage":31,"enemies":"Sentry and Sphere","floor":24,"turns":7},{"damage":25,"enemies":"3 Cultists","floor":28,"turns":5},{"damage":17,"enemies":"Centurion and Healer","floor":30,"turns":6},{"damage":23,"enemies":"Slaver and Parasite","floor":31,"turns":3}],"seed_played":"7859117204777459374","potions_obtained":[{"floor":6,"key":"SkillPotion"},{"floor":10,"key":"AttackPotion"},{"floor":14,"key":"Dexterity Potion"},{"floor":16,"key":"Poison Potion"},{"floor":22,"key":"AttackPotion"},{"floor":28,"key":"Explosive Potion"},{"floor":30,"key":"Fire Potion"}],"is_trial":false,"path_per_floor":["M","M","?","?","$","M","?","R","T","M","R","M","R","M","R","B",null,"M","?","M","M","M","E","M","R","T","R","M","$","M"],"character_chosen":"IRONCLAD","items_purchased":["Lantern"],"campfire_rested":1,"item_purchase_floors":[29],"current_hp_per_floor":[84,88,88,88,88,88,88,88,88,85,85,88,88,88,88,50,88,86,86,61,43,44,32,11,37,37,37,22,22,15,0],"gold":132,"neow_bonus":"TEN_PERCENT_HP_BONUS","is_prod":false,"is_daily":false,"chose_seed":false,"campfire_upgraded":5,"win_rate":0,"timestamp":1532536422,"path_taken":["M","M","?","?","$","M","?","R","T","M","R","?","R","M","R","BOSS","M","?","M","M","?","E","M","R","T","R","?","$","M","M"],"build_version":"2018-07-24","purchased_purges":2,"victory":false,"max_hp_per_floor":[88,88,88,88,88,88,88,88,88,88,88,88,88,88,88,88,88,88,88,88,88,88,88,88,88,88,88,88,88,88,88],"card_choices":[{"not_picked":["Heavy Blade","Burning Pact"],"picked":"Sword Boomerang","floor":1},{"not_picked":["Rupture","Bloodletting"],"picked":"Uppercut","floor":2},{"not_picked":["Blood for Blood","Shrug It Off","Intimidate"],"picked":"SKIP","floor":6},{"not_picked":["Clash","Sword Boomerang"],"picked":"Thunderclap","floor":10},{"not_picked":["Wild Strike","Iron Wave"],"picked":"Disarm","floor":12},{"not_picked":["Iron Wave","Limit Break","Thunderclap"],"picked":"SKIP","floor":14},{"not_picked":["Brutality","Reaper"],"picked":"Demon Form","floor":16},{"not_picked":["Intimidate","Havoc"],"picked":"Sword Boomerang","floor":18},{"not_picked":["Searing Blow","Cleave","Ghostly Armor+1"],"picked":"SKIP","floor":20},{"not_picked":["Entrench+1","Iron Wave","Carnage"],"picked":"SKIP","floor":21},{"not_picked":["Blood for Blood","Flex","Flame Barrier+1"],"picked":"SKIP","floor":22},{"not_picked":["Iron Wave","Flex+1","Havoc+1"],"picked":"SKIP","floor":23},{"not_picked":["Anger","Power Through","Sever Soul"],"picked":"SKIP","floor":24},{"not_picked":["Power Through","Sever Soul"],"picked":"Anger","floor":24},{"not_picked":["Twin Strike","Flame Barrier"],"picked":"Sword Boomerang+1","floor":28},{"not_picked":["Armaments+1","Flame Barrier+1"],"picked":"Iron Wave+1","floor":30}],"player_experience":805721,"relics_obtained":[{"floor":9,"key":"Dream Catcher"},{"floor":23,"key":"Self Forming Clay"},{"floor":26,"key":"Art of War"}],"event_choices":[{"event_name":"Accursed Blacksmith","player_choice":"Forge","floor":3,"damage_taken":0},{"event_name":"Wheel of Change","player_choice":"Relic","floor":4,"damage_taken":0},{"event_name":"The Cleric","player_choice":"Card Removal","floor":7,"damage_taken":0},{"event_name":"Drug Dealer","player_choice":"Ignored","floor":19,"damage_taken":0}],"is_beta":true,"boss_relics":[{"not_picked":["Busted Crown","White Beast Statue"],"picked":"Black Blood"}],"items_purged_floors":[5,29],"is_endless":false,"potions_floor_spawned":[6,10,14,16,22,28,30],"killed_by":"Slaver and Parasite","ascension_level":0}