{"gold_per_floor":[113,125,41,116,128,128,147,177,203,238,238,388,388,406,406,477,477,496,516,528,548,548,580,580,580],"floor_reached":25,"playtime":2463,"items_purged":[],"score":466,"play_id":"2b6affb2-0e03-43b2-8d5f-0a9dbee1b6c5","local_time":"20190903163138","is_ascension_mode":true,"campfire_choices":[{"data":"Sweeping Beam","floor":6.0,"key":"SMITH"},{"floor":11.0,"key":"REST"},{"data":"Static Discharge","floor":15.0,"key":"SMITH"},{"data":"Consume","floor":24.0,"key":"SMITH"}],"neow_cost":"NONE","seed_source_timestamp":957328685338920,"circlet_count":0,"master_deck":["AscendersBane","Strike_B","Strike_B","Strike_B","Strike_B","Defend_B","Defend_B","Defend_B","Defend_B","Zap+1","Dualcast","Steam","Sweeping Beam+1","Glacier","Go for the Eyes","Cold Snap","Compile Driver","Seek","Static Discharge+1","Biased Cognition","Consume+1","BootSequence+1","Steam","Redo","BootSequence+1","Glacier"],"special_seed":0,"relics":["Cracked Core","Art of War","Bag of Preparation","Potion Belt","Inserter","Bottled Flame"],"potions_floor_usage":[25,25],"damage_taken":[{"damage":2.0,"enemies":"2 Louse","floor":1.0,"turns":3.0},{"damage":6.0,"enemies":"Small Slimes","floor":2.0,"turns":3.0},{"damage":2.0,"enemies":"Cultist","floor":5.0,"turns":3.0},{"damage":0.0,"enemies":"Exordium Thugs","floor":7.0,"turns":4.0},{"damage":1.0,"enemies":"3 Sentries","floor":8.0,"turns":8.0},{"damage":30.0,"enemies":"Gremlin Nob","floor":10.0,"turns":5.0},{"damage":0.0,"enemies":"Exordium Wildlife","floor":14.0,"turns":4.0},{"damage":12.0,"enemies":"Slime Boss","floor":16.0,"turns":10.0},{"damage":2.0,"enemies":"3 Byrds","floor":18.0,"turns":3.0},{"damage":12.0,"enemies":"Shell Parasite","floor":19.0,"turns":5.0},{"damage":10.0,"enemies":"Chosen and Byrds","floor":20.0,"turns":4.0},{"damage":3.0,"enemies":"Sentry and Sphere","floor":21.0,"turns":4.0},{"damage":18.0,"enemies":"Book of Stabbing","floor":23.0,"turns":5.0},{"damage":16,"enemies":"Gremlin Leader","floor":25,"turns":11}],"seed_played":"-9151766717754557791","potions_obtained":[{"floor":2.0,"key":"EntropicBrew"},{"floor":5.0,"key":"SmokeBomb"},{"floor":10.0,"key":"Dexterity Potion"},{"floor":16.0,"key":"SneckoOil"},{"floor":20.0,"key":"AttackPotion"}],"is_trial":false,"path_per_floor":["M","M","$","?","M","R","M","E","T","E","R","?","?","M","R","B",null,"M","M","M","M","?","E","R","E"],"character_chosen":"DEFECT","items_purchased":["Glacier"],"campfire_rested":1,"item_purchase_floors":[3],"current_hp_per_floor":[62,56,56,45,43,43,43,42,42,12,33,33,33,33,33,21,59,57,45,35,32,32,14,14,0],"gold":580,"neow_bonus":"UPGRADE_CARD","is_prod":false,"is_daily":false,"chose_seed":false,"campfire_upgraded":3,"win_rate":0,"timestamp":1567553498,"path_taken":["M","M","$","?","M","R","M","E","T","E","R","?","?","M","R","BOSS","M","M","M","M","?","E","R","E"],"build_version":"2019-07-17","purchased_purges":0,"victory":false,"max_hp_per_floor":[71,71,71,71,71,71,71,71,71,71,71,71,71,71,71,71,71,71,71,71,71,71,71,71,71],"card_choices":[{"not_picked":["Stack","Scrape"],"picked":"Steam","floor":1.0},{"not_picked":["Reprogram","Melter"],"picked":"Sweeping Beam","floor":2.0},{"not_picked":["Sweeping Beam","Streamline"],"picked":"Go for the Eyes","floor":5.0},{"not_picked":["Sweeping Beam","Beam Cell"],"picked":"Cold Snap","floor":7.0},{"not_picked":["Gash","Rip and Tear"],"picked":"Compile Driver","floor":8.0},{"not_picked":["Coolheaded","Sweeping Beam"],"picked":"Seek","floor":10.0},{"not_picked":["Barrage","Cold Snap"],"picked":"Static Discharge","floor":14.0},{"not_picked":["Buffer","Seek"],"picked":"Biased Cognition","floor":16.0},{"not_picked":["Cold Snap","Sweeping Beam"],"picked":"Consume","floor":18.0},{"not_picked":["FTL+1","Doom and Gloom"],"picked":"BootSequence+1","floor":19.0},{"not_picked":["Skim","Stack"],"picked":"Steam","floor":20.0},{"not_picked":["Rebound","Streamline"],"picked":"Redo","floor":21.0},{"not_picked":["Streamline","Sweeping Beam"],"picked":"Glacier","floor":23.0}],"player_experience":868930,"relics_obtained":[{"floor":8.0,"key":"Art of War"},{"floor":9.0,"key":"Bag of Preparation"},{"floor":10.0,"key":"Potion Belt"},{"floor":23.0,"key":"Bottled Flame"}],"event_choices":[{"damage_healed":0.0,"max_hp_gain":0.0,"max_hp_loss":0.0,"gold_gain":75.0,"event_name":"World of Goop","player_choice":"Gather Gold","floor":4.0,"gold_loss":0.0,"damage_taken":11.0},{"damage_healed":0.0,"max_hp_gain":0.0,"max_hp_loss":0.0,"gold_gain":150.0,"event_name":"Liars Game","player_choice":"AGREE","floor":12.0,"gold_loss":0.0,"damage_taken":0.0,"cards_obtained":["Doubt"]},{"cards_removed":["Doubt"],"damage_healed":0.0,"max_hp_gain":0.0,"max_hp_loss":0.0,"gold_gain":0.0,"event_name":"Living Wall","player_choice":"Forget","floor":13.0,"gold_loss":0.0,"damage_taken":0.0},{"damage_healed":0.0,"max_hp_gain":0.0,"max_hp_loss":0.0,"gold_gain":0.0,"event_name":"Duplicator","player_choice":"Copied","floor":22.0,"gold_loss":0.0,"damage_taken":0.0,"cards_obtained":["BootSequence"]}],"is_beta":false,"boss_relics":[{"not_picked":["Snecko Eye","Tiny House"],"picked":"Inserter"}],"items_purged_floors":[],"is_endless":false,"potions_floor_spawned":[2,5,7,10,16,20],"killed_by":"Gremlin Leader","ascension_level":20}