{"gold_per_floor":[118,129,129,204,204,204,237,237,286,286,297,309,344,360,360,435,435,448,253,253,178,193,193,225,225,249,249,274,290,290,290,290,361,361,376,423,423,423,5,39,1,1,1,1,17,34,67,85,85,85,85,85,1,31,31],"floor_reached":56,"playtime":8101,"items_purged":["Defend_B","Defend_B+1"],"score":2196,"play_id":"fdeab622-8ef0-42e8-9ac7-13dc5b3c7e91","local_time":"20190819100902","is_ascension_mode":true,"campfire_choices":[{"data":"Zap","floor":6.0,"key":"SMITH"},{"floor":8.0,"key":"REST"},{"data":"Dualcast","floor":10.0,"key":"SMITH"},{"data":"Redo","floor":15.0,"key":"SMITH"},{"data":"Buffer","floor":23.0,"key":"SMITH"},{"data":"RitualDagger","floor":25.0,"key":"SMITH"},{"floor":27.0,"key":"REST"},{"data":"Chaos","floor":30.0,"key":"SMITH"},{"data":"Coolheaded","floor":32.0,"key":"SMITH"},{"data":"Coolheaded","floor":42.0,"key":"SMITH"},{"data":"Hologram","floor":44.0,"key":"SMITH"},{"floor":49.0,"key":"RECALL"},{"data":"Seek","floor":52,"key":"SMITH"}],"neow_cost":"NONE","seed_source_timestamp":0,"circlet_count":0,"master_deck":["AscendersBane","Zap+1","Dualcast+1","Leap","FTL","Echo Form","Steam","Redo+1","Compile Driver","Conserve Battery","Buffer+1","Barrage+1","Fission+1","Chill","Sweeping Beam","Discovery","RitualDagger+1","Coolheaded+1","Coolheaded+1","Chaos+1","Genetic Algorithm+1","Echo Form","Turbo+1","Consume+1","Forethought","Hologram+1","Self Repair","Doom and Gloom+1","Leap+1","Seek+1","Redo+1"],"special_seed":0,"relics":["Cracked Core","Bronze Scales","War Paint","Bag of Preparation","Bottled Tornado","Astrolabe","Meat on the Bone","Unceasing Top","Inserter","Nunchaku","Membership Card","Mummified Hand","Bird Faced Urn","Dodecahedron","Oddly Smooth Stone","Orichalcum","Centennial Puzzle"],"potions_floor_usage":[55,55],"damage_taken":[{"damage":0.0,"enemies":"Cultist","floor":1.0,"turns":3.0},{"damage":0.0,"enemies":"Small Slimes","floor":2.0,"turns":2.0},{"damage":26.0,"enemies":"3 Sentries","floor":7.0,"turns":8.0},{"damage":0.0,"enemies":"2 Louse","floor":11.0,"turns":2.0},{"damage":0.0,"enemies":"Blue Slaver","floor":12.0,"turns":3.0},{"damage":20.0,"enemies":"Lagavulin","floor":13.0,"turns":5.0},{"damage":2.0,"enemies":"3 Louse","floor":14.0,"turns":3.0},{"damage":1.0,"enemies":"Hexaghost","floor":16.0,"turns":8.0},{"damage":15.0,"enemies":"Spheric Guardian","floor":18.0,"turns":5.0},{"damage":0.0,"enemies":"Shell Parasite","floor":22.0,"turns":4.0},{"damage":17.0,"enemies":"Slavers","floor":24.0,"turns":4.0},{"damage":11.0,"enemies":"Gremlin Leader","floor":28.0,"turns":5.0},{"damage":0.0,"enemies":"Cultist and Chosen","floor":29.0,"turns":6.0},{"damage":11.0,"enemies":"Champ","floor":33.0,"turns":10.0},{"damage":12.0,"enemies":"3 Darklings","floor":35.0,"turns":7.0},{"damage":33.0,"enemies":"2 Orb Walkers","floor":36.0,"turns":4.0},{"damage":0.0,"enemies":"Giant Head","floor":40.0,"turns":8.0},{"damage":9.0,"enemies":"3 Shapes","floor":45.0,"turns":4.0},{"damage":0.0,"enemies":"Spire Growth","floor":46.0,"turns":4.0},{"damage":0.0,"enemies":"Nemesis","floor":47.0,"turns":5.0},{"damage":7.0,"enemies":"4 Shapes","floor":48.0,"turns":3.0},{"damage":21,"enemies":"Donu and Deca","floor":50,"turns":8},{"damage":0,"enemies":"Shield and Spear","floor":54,"turns":5},{"damage":72,"enemies":"The Heart","floor":55,"turns":9}],"seed_played":"-7944681894078262371","potions_obtained":[{"floor":2.0,"key":"PowerPotion"},{"floor":7.0,"key":"Strength Potion"},{"floor":16.0,"key":"Poison Potion"},{"floor":28.0,"key":"Energy Potion"},{"floor":29.0,"key":"PowerPotion"},{"floor":33.0,"key":"Swift Potion"},{"floor":35.0,"key":"FocusPotion"},{"floor":48.0,"key":"Dexterity Potion"}],"is_trial":false,"path_per_floor":["M","M","?","?","?","R","E","R","T","R","M","M","E","M","R","B",null,"M","$","?","?","M","R","E","R","T","R","E","M","R","?","R","B",null,"M","?","?","?","$","E","$","R","T","R","M","M","E","M","R","B",null,"R","$","E","B",null],"character_chosen":"DEFECT","items_purchased":["Sweeping Beam","Discovery","Membership Card","Mummified Hand","Self Repair","Orichalcum"],"campfire_rested":2,"item_purchase_floors":[19,19,39,39,41,53],"current_hp_per_floor":[64,64,64,53,46,46,20,41,41,41,41,41,21,19,19,18,58,43,43,37,37,37,37,20,20,20,41,42,42,42,42,42,43,64,52,31,31,31,31,43,43,43,43,43,60,71,71,71,71,57,68,68,68,71,24],"gold":31,"neow_bonus":"RANDOM_COMMON_RELIC","is_prod":false,"is_daily":false,"chose_seed":false,"campfire_upgraded":10,"win_rate":0,"timestamp":1566234542,"path_taken":["M","?","?","?","?","R","E","R","T","R","M","M","E","M","R","BOSS","M","$","?","?","M","R","E","R","T","R","E","M","R","?","R","BOSS","M","?","?","?","$","E","$","R","T","R","M","M","E","M","R","BOSS","R","$","E","BOSS"],"build_version":"2019-07-17","purchased_purges":2,"victory":true,"max_hp_per_floor":[71,71,71,71,71,71,71,71,71,71,71,71,71,71,71,71,71,71,71,71,71,71,71,71,71,71,71,71,71,71,71,71,71,71,71,71,71,71,71,71,71,71,71,71,71,71,71,71,71,71,71,71,71,71,71],"card_choices":[{"not_picked":["Turbo","Reinforced Body"],"picked":"Leap","floor":1.0},{"not_picked":["Leap","Coolheaded"],"picked":"FTL","floor":2.0},{"not_picked":["Tempest","Streamline"],"picked":"Echo Form","floor":7.0},{"not_picked":["Leap","Blizzard"],"picked":"Steam","floor":11.0},{"not_picked":["Heatsinks","Reprogram"],"picked":"Redo","floor":12.0},{"not_picked":["Blizzard","Ball Lightning"],"picked":"Compile Driver","floor":13.0},{"not_picked":["Sweeping Beam","Barrage"],"picked":"Conserve Battery","floor":14.0},{"not_picked":["Reboot","Creative AI"],"picked":"Buffer","floor":16.0},{"not_picked":["Leap","Blizzard"],"picked":"Chill","floor":18.0},{"not_picked":["Genetic Algorithm","Gash"],"picked":"Coolheaded","floor":22.0},{"not_picked":["Streamline","Barrage"],"picked":"Coolheaded","floor":24.0},{"not_picked":["Rebound+1","Streamline"],"picked":"Chaos","floor":28.0},{"not_picked":["Redo","Undo"],"picked":"Genetic Algorithm+1","floor":29.0},{"not_picked":["Meteor Strike","Machine Learning"],"picked":"Echo Form","floor":33.0},{"not_picked":["Fusion","Coolheaded+1"],"picked":"Turbo+1","floor":35.0},{"not_picked":["Blizzard","Stack"],"picked":"Consume+1","floor":36.0},{"not_picked":["Discovery","HandOfGreed"],"picked":"Forethought","floor":37.0},{"not_picked":["Sweeping Beam","Reinforced Body"],"picked":"Hologram","floor":40.0},{"not_picked":["Go for the Eyes","Beam Cell"],"picked":"Doom and Gloom+1","floor":45.0},{"not_picked":["Streamline","Stack"],"picked":"Leap+1","floor":46.0},{"not_picked":["Skim","Go for the Eyes"],"picked":"Seek","floor":47.0},{"not_picked":["Leap","Steam","Go for the Eyes"],"picked":"SKIP","floor":48.0},{"not_picked":["Double Energy","Sunder+1"],"picked":"Redo+1","floor":54}],"player_experience":682373,"relics_obtained":[{"floor":7.0,"key":"War Paint"},{"floor":9.0,"key":"Bag of Preparation"},{"floor":13.0,"key":"Bottled Tornado"},{"floor":24.0,"key":"Meat on the Bone"},{"floor":28.0,"key":"Unceasing Top"},{"floor":36.0,"key":"Nunchaku"},{"floor":40.0,"key":"Bird Faced Urn"},{"floor":43.0,"key":"Dodecahedron"},{"floor":47.0,"key":"Oddly Smooth Stone"},{"floor":54,"key":"Centennial Puzzle"}],"event_choices":[{"cards_removed":["Defend_B"],"damage_healed":0.0,"max_hp_gain":0.0,"max_hp_loss":0.0,"gold_gain":0.0,"event_name":"Living Wall","player_choice":"Forget","floor":3.0,"gold_loss":0.0,"damage_taken":0.0},{"damage_healed":0.0,"max_hp_gain":0.0,"max_hp_loss":0.0,"gold_gain":75.0,"event_name":"World of Goop","player_choice":"Gather Gold","floor":4.0,"gold_loss":0.0,"damage_taken":11.0},{"cards_removed":["Strike_B"],"damage_healed":0.0,"max_hp_gain":0.0,"max_hp_loss":0.0,"gold_gain":0.0,"event_name":"Golden Wing","player_choice":"Card Removal","floor":5.0,"gold_loss":0.0,"damage_taken":7.0},{"damage_healed":0.0,"max_hp_gain":0.0,"max_hp_loss":0.0,"gold_gain":0.0,"event_name":"Nest","player_choice":"Joined the Cult","floor":20.0,"gold_loss":0.0,"damage_taken":6.0,"cards_obtained":["RitualDagger"]},{"cards_removed":["Defend_B"],"damage_healed":0.0,"max_hp_gain":0.0,"max_hp_loss":0.0,"gold_gain":0.0,"event_name":"Beggar","player_choice":"Gave Gold","floor":21.0,"gold_loss":75.0,"damage_taken":0.0},{"damage_healed":0.0,"max_hp_gain":0.0,"max_hp_loss":0.0,"gold_gain":0.0,"event_name":"Vampires","player_choice":"Ignored","floor":31.0,"gold_loss":0.0,"damage_taken":0.0},{"damage_healed":0.0,"max_hp_gain":0.0,"max_hp_loss":0.0,"gold_gain":0.0,"event_name":"Mysterious Sphere","player_choice":"Fight","floor":36.0,"gold_loss":0.0,"damage_taken":0.0},{"damage_healed":0.0,"max_hp_gain":0.0,"max_hp_loss":0.0,"gold_gain":0.0,"event_name":"SensoryStone","player_choice":"Memory 1","floor":37.0,"gold_loss":0.0,"damage_taken":0.0},{"cards_removed":["Ball Lightning"],"damage_healed":0.0,"max_hp_gain":0.0,"max_hp_loss":0.0,"gold_gain":0.0,"event_name":"Falling","player_choice":"Removed Attack","floor":38.0,"gold_loss":0.0,"damage_taken":0.0}],"is_beta":false,"boss_relics":[{"not_picked":["Lizard Tail","Pandora\u0027s Box"],"picked":"Astrolabe"},{"not_picked":["Snecko Eye","White Beast Statue"],"picked":"Inserter"}],"items_purged_floors":[19,39],"is_endless":false,"potions_floor_spawned":[2,7,14,16,28,29,33,35,46,48],"ascension_level":18}