{"gold_per_floor":[115,115,125,137,156,191,191,202,202,202,228,178,207,50,50,153,153,164,164,181,181,106,117,117,117,117,117,58,86,105,134,134,238,238,250,250,250,266,281,315,315,330,330,362,407,432,432,459,459,459],"floor_reached":50,"playtime":6035,"items_purged":["Defend_G"],"score":673,"play_id":"9c2363a9-099c-4163-94ca-6976ed44fc71","local_time":"20190914014128","is_ascension_mode":true,"campfire_choices":[{"floor":7,"key":"REST"},{"floor":10,"key":"REST"},{"data":"Catalyst","floor":15,"key":"SMITH"},{"data":"Night Terror","floor":24,"key":"SMITH"},{"data":"Deadly Poison","floor":27,"key":"SMITH"},{"data":"Deadly Poison","floor":32,"key":"SMITH"},{"data":"Bullet Time","floor":41,"key":"SMITH"},{"data":"Neutralize","floor":47,"key":"SMITH"},{"floor":49,"key":"RECALL"}],"neow_cost":"NONE","seed_source_timestamp":0,"circlet_count":0,"master_deck":["Defend_G","Defend_G","Defend_G","Survivor","Neutralize+1","Night Terror+1","Backflip","Footwork","Deadly Poison+1","Backstab","Glass Knife","Caltrops+1","Deadly Poison+1","PiercingWail","Catalyst+1","Wraith Form v2+1","Envenom+1","Calculated Gamble","Dodge and Roll","Outmaneuver","Cloak And Dagger+1","Bullet Time+1","Backstab","Acrobatics","Dodge and Roll+1","Crippling Poison+1","Caltrops+1","Flechettes+1","Bouncing Flask"],"special_seed":0,"relics":["Ring of the Snake","Frozen Egg 2","Happy Flower","Whetstone","Sundial","Coffee Dripper","The Courier","Pantograph","Pen Nib","Potion Belt","Eternal Feather","StoneCalendar","Prayer Wheel","Gambling Chip","Bag of Marbles","Anchor"],"potions_floor_usage":[6,11,31,39,44,45,48],"damage_taken":[{"damage":7,"enemies":"Small Slimes","floor":1,"turns":5},{"damage":0,"enemies":"2 Louse","floor":3,"turns":2},{"damage":0,"enemies":"Jaw Worm","floor":4,"turns":6},{"damage":4,"enemies":"Exordium Thugs","floor":5,"turns":7},{"damage":51,"enemies":"Gremlin Nob","floor":6,"turns":6},{"damage":0,"enemies":"Exordium Wildlife","floor":8,"turns":6},{"damage":5,"enemies":"3 Sentries","floor":11,"turns":8},{"damage":15,"enemies":"Gremlin Nob","floor":13,"turns":4},{"damage":30,"enemies":"The Guardian","floor":16,"turns":9},{"damage":0,"enemies":"Spheric Guardian","floor":18,"turns":5},{"damage":3,"enemies":"Shell Parasite","floor":20,"turns":3},{"damage":9,"enemies":"Shelled Parasite and Fungi","floor":23,"turns":5},{"damage":6,"enemies":"Book of Stabbing","floor":29,"turns":5},{"damage":0,"enemies":"3 Cultists","floor":30,"turns":5},{"damage":18,"enemies":"Slavers","floor":31,"turns":5},{"damage":16,"enemies":"Champ","floor":33,"turns":7},{"damage":15,"enemies":"3 Shapes","floor":35,"turns":5},{"damage":1,"enemies":"3 Darklings","floor":38,"turns":7},{"damage":1,"enemies":"Transient","floor":39,"turns":5},{"damage":16,"enemies":"Nemesis","floor":40,"turns":7},{"damage":4,"enemies":"4 Shapes","floor":42,"turns":5},{"damage":13,"enemies":"Reptomancer","floor":44,"turns":7},{"damage":16,"enemies":"2 Orb Walkers","floor":45,"turns":6},{"damage":3,"enemies":"Giant Head","floor":46,"turns":3},{"damage":33,"enemies":"Reptomancer","floor":48,"turns":7},{"damage":95,"enemies":"Awakened One","floor":50,"turns":10}],"seed_played":"1089974687289322071","potions_obtained":[{"floor":3,"key":"FearPotion"},{"floor":6,"key":"Swift Potion"},{"floor":8,"key":"GhostInAJar"},{"floor":11,"key":"FairyPotion"},{"floor":16,"key":"SteroidPotion"},{"floor":23,"key":"Ancient Potion"},{"floor":29,"key":"LiquidBronze"},{"floor":40,"key":"Fire Potion"},{"floor":42,"key":"Explosive Potion"},{"floor":44,"key":"Fire Potion"},{"floor":48,"key":"LiquidBronze"}],"is_trial":false,"path_per_floor":["M","?","M","M","M","E","R","M","T","R","E","?","E","$","R","B",null,"M","?","M","?","?","M","R","T","T","R","$","E","M","E","R","B",null,"M","?","?","M","M","E","R","M","T","E","?","E","R","E","R","B"],"character_chosen":"THE_SILENT","items_purchased":["Catalyst","GhostInAJar"],"campfire_rested":2,"item_purchase_floors":[14,28],"current_hp_per_floor":[63,68,68,68,64,13,35,35,35,57,52,52,37,37,37,7,75,75,75,72,72,72,63,63,63,63,63,63,57,57,39,39,48,75,60,60,60,59,58,42,57,53,53,40,24,21,36,3,18,0],"gold":459,"neow_bonus":"TRANSFORM_CARD","is_prod":false,"is_daily":false,"chose_seed":false,"campfire_upgraded":6,"win_rate":0,"timestamp":1568418088,"path_taken":["M","?","M","M","M","E","R","M","T","R","E","?","E","$","R","BOSS","M","?","M","?","?","?","R","?","T","R","$","E","M","E","R","BOSS","M","?","?","M","M","E","R","M","T","E","?","E","R","E","R","BOSS"],"build_version":"2019-07-17","purchased_purges":1,"victory":false,"max_hp_per_floor":[70,75,75,75,75,75,75,75,75,75,75,75,75,75,75,75,75,75,75,75,75,75,75,75,75,75,75,75,75,75,75,75,75,75,75,75,75,75,75,75,75,75,75,75,75,75,75,75,75,75],"card_choices":[{"not_picked":["Quick Slash","Skewer"],"picked":"Backflip","floor":1},{"not_picked":["Crippling Poison","Dodge and Roll"],"picked":"Footwork","floor":3},{"not_picked":["Predator","Deflect"],"picked":"Deadly Poison","floor":4},{"not_picked":["Escape Plan","Underhanded Strike"],"picked":"Backstab","floor":5},{"not_picked":["Dagger Throw","Expertise"],"picked":"Glass Knife","floor":6},{"not_picked":["Poisoned Stab","Dodge and Roll"],"picked":"Caltrops+1","floor":8},{"not_picked":["Quick Slash","Poisoned Stab"],"picked":"Deadly Poison","floor":11},{"not_picked":["Deadly Poison","Prepared"],"picked":"PiercingWail","floor":13},{"not_picked":["Doppelganger","Tools of the Trade+1"],"picked":"Wraith Form v2+1","floor":16},{"not_picked":["Flying Knee","Expertise+1","Predator+1"],"picked":"SKIP","floor":18},{"not_picked":["Poisoned Stab","Cloak And Dagger"],"picked":"Dodge and Roll","floor":20},{"not_picked":["Distraction+1","Dagger Throw"],"picked":"Outmaneuver","floor":23},{"not_picked":["Escape Plan+1","Finisher+1","Cloak And Dagger"],"picked":"SKIP","floor":29},{"not_picked":["Acrobatics+1","Underhanded Strike"],"picked":"Cloak And Dagger+1","floor":30},{"not_picked":["Dodge and Roll","Night Terror","Slice+1"],"picked":"SKIP","floor":31},{"not_picked":["Storm of Steel","Venomology"],"picked":"Bullet Time","floor":33},{"not_picked":["Dagger Throw+1","PiercingWail"],"picked":"Backstab","floor":35},{"not_picked":["Slice+1","Calculated Gamble+1"],"picked":"Acrobatics","floor":38},{"not_picked":["Terror","Bullet Time"],"picked":"Dodge and Roll+1","floor":39},{"not_picked":["Quick Slash","Outmaneuver+1"],"picked":"Crippling Poison+1","floor":40},{"not_picked":["Cloak And Dagger","Dagger Throw+1"],"picked":"Caltrops+1","floor":42},{"not_picked":["Dagger Spray+1","Footwork+1","Tools of the Trade+1"],"picked":"SKIP","floor":44},{"not_picked":["Dodge and Roll","All Out Attack"],"picked":"Flechettes+1","floor":45},{"not_picked":["Prepared","All Out Attack+1","Accuracy+1"],"picked":"SKIP","floor":46},{"not_picked":["Expertise","Outmaneuver+1"],"picked":"Bouncing Flask","floor":48}],"player_experience":99392,"relics_obtained":[{"floor":6,"key":"Frozen Egg 2"},{"floor":9,"key":"Happy Flower"},{"floor":11,"key":"Whetstone"},{"floor":13,"key":"Sundial"},{"floor":25,"key":"The Courier"},{"floor":26,"key":"Pantograph"},{"floor":29,"key":"Pen Nib"},{"floor":31,"key":"Potion Belt"},{"floor":40,"key":"StoneCalendar"},{"floor":44,"key":"Prayer Wheel"},{"floor":45,"key":"Gambling Chip"},{"floor":46,"key":"Bag of Marbles"},{"floor":48,"key":"Anchor"}],"event_choices":[{"damage_healed":0,"gold_gain":0,"player_choice":"Donut","damage_taken":0,"max_hp_gain":5,"max_hp_loss":0,"event_name":"Big Fish","floor":2,"gold_loss":0},{"cards_removed":["Strike_G"],"damage_healed":0,"gold_gain":0,"player_choice":"Card Removal","damage_taken":0,"max_hp_gain":0,"max_hp_loss":0,"event_name":"The Cleric","floor":12,"gold_loss":50},{"damage_healed":0,"gold_gain":0,"cards_transformed":["Strike_G","Strike_G"],"player_choice":"Became Test Subject","damage_taken":0,"max_hp_gain":0,"max_hp_loss":0,"event_name":"Drug Dealer","floor":19,"gold_loss":0,"cards_obtained":["Envenom","Calculated Gamble"]},{"cards_removed":["Strike_G"],"damage_healed":0,"gold_gain":0,"player_choice":"Elegance","damage_taken":0,"max_hp_gain":0,"max_hp_loss":0,"event_name":"Back to Basics","floor":21,"gold_loss":0},{"cards_removed":["Strike_G"],"damage_healed":0,"gold_gain":0,"player_choice":"Gave Gold","damage_taken":0,"max_hp_gain":0,"max_hp_loss":0,"event_name":"Beggar","floor":22,"gold_loss":75},{"damage_healed":0,"gold_gain":0,"player_choice":"Ignored","damage_taken":0,"max_hp_gain":0,"max_hp_loss":0,"event_name":"Tomb of Lord Red Mask","floor":36,"gold_loss":0},{"damage_healed":0,"gold_gain":0,"player_choice":"Memory 1","damage_taken":0,"max_hp_gain":0,"max_hp_loss":0,"event_name":"SensoryStone","floor":37,"gold_loss":0},{"damage_healed":0,"gold_gain":0,"player_choice":"Fight","damage_taken":0,"max_hp_gain":0,"max_hp_loss":0,"event_name":"Mysterious Sphere","floor":45,"gold_loss":0}],"is_beta":false,"boss_relics":[{"not_picked":["HoveringKite","Fusion Hammer"],"picked":"Coffee Dripper"},{"not_picked":["Lizard Tail","Calling Bell"],"picked":"Eternal Feather"}],"items_purged_floors":[14],"is_endless":false,"potions_floor_spawned":[3,6,8,11,16,23,29,40,42,44,48],"killed_by":"Awakened One","ascension_level":1}