{"gold_per_floor":[115,65,65,76,88,88,123,123,148,148,163,183,7,23,23,124,124,136,2,2,2,2,2,27,27,27,27,38,38],"floor_reached":29,"playtime":2789,"items_purged":["Defend_P"],"score":266,"play_id":"7e71adc7-2d4a-4e85-a857-c1b75923d0a6","local_time":"20190909234851","is_ascension_mode":false,"campfire_choices":[{"data":"BattleHymn","floor":6.0,"key":"SMITH"},{"data":"Eruption","floor":8.0,"key":"SMITH"},{"data":"Protect","floor":10.0,"key":"SMITH"},{"data":"CleanseEvil","floor":15.0,"key":"SMITH"},{"data":"RitualDagger","floor":23.0,"key":"SMITH"},{"data":"Devotion","floor":27,"key":"SMITH"}],"neow_cost":"NONE","seed_source_timestamp":136596513191190,"circlet_count":0,"master_deck":["Strike_P","Strike_P","Strike_P","Strike_P","Defend_P","Defend_P","Eruption+1","Vigilance","BattleHymn+1","Swivel","EmptyBody","Sanctity","Protect+1","CleanseEvil+1","Adaptation","ThirdEye","Blasphemy","Vault","Establishment","Devotion","RitualDagger+1","Devotion+1","Collect","Sanctity+1"],"special_seed":0,"relics":["PureWater","FaceOfCleric","Strawberry","MealTicket","Membership Card","Sozu","OrangePellets","Frozen Egg 2","Kunai"],"potions_floor_usage":[28],"damage_taken":[{"damage":0.0,"enemies":"2 Louse","floor":1.0,"turns":2.0},{"damage":2.0,"enemies":"Cultist","floor":4.0,"turns":4.0},{"damage":0.0,"enemies":"Jaw Worm","floor":5.0,"turns":3.0},{"damage":8.0,"enemies":"Gremlin Nob","floor":7.0,"turns":3.0},{"damage":0.0,"enemies":"Looter","floor":11.0,"turns":3.0},{"damage":0.0,"enemies":"3 Louse","floor":12.0,"turns":3.0},{"damage":5.0,"enemies":"Exordium Thugs","floor":14.0,"turns":7.0},{"damage":14.0,"enemies":"The Guardian","floor":16.0,"turns":13.0},{"damage":5.0,"enemies":"3 Byrds","floor":18.0,"turns":7.0},{"damage":49,"enemies":"Slavers","floor":24,"turns":8},{"damage":3,"enemies":"Chosen","floor":28,"turns":5}],"seed_played":"2066039258069016400","potions_obtained":[{"floor":7.0,"key":"PowerPotion"},{"floor":14.0,"key":"Regen Potion"}],"is_trial":false,"path_per_floor":["M","?","?","M","M","R","E","R","T","R","M","M","$","M","R","B",null,"M","$","$","?","?","R","E","T","T","R","M","E"],"character_chosen":"WATCHER","items_purchased":["Membership Card","ThirdEye","OrangePellets","Devotion"],"campfire_rested":0,"item_purchase_floors":[13,13,19,19],"current_hp_per_floor":[65,65,65,64,65,65,65,65,65,65,66,67,77,73,73,60,79,75,80,80,74,74,74,26,26,26,26,38,0],"gold":38,"neow_bonus":"ONE_RANDOM_RARE_CARD","is_prod":false,"is_daily":false,"chose_seed":false,"campfire_upgraded":6,"win_rate":0,"timestamp":1568098131,"path_taken":["M","?","?","?","M","R","E","R","T","R","M","M","$","M","R","BOSS","M","?","$","?","?","R","E","?","T","R","M","E"],"build_version":"2019-09-09v2","purchased_purges":1,"victory":false,"max_hp_per_floor":[65,65,65,66,67,67,75,75,75,75,76,77,77,78,78,79,79,80,80,80,80,80,80,81,81,81,81,82,82],"card_choices":[{"not_picked":["CrushJoints","BowlingBash"],"picked":"Swivel","floor":1.0},{"not_picked":["Weave","FlyingSleeves"],"picked":"EmptyBody","floor":4.0},{"not_picked":["Crescendo","Consecrate"],"picked":"Sanctity","floor":5.0},{"not_picked":["JustLucky","EmptyBody"],"picked":"Protect","floor":7.0},{"not_picked":["FlyingSleeves","EmptyMind"],"picked":"CleanseEvil","floor":11.0},{"not_picked":["EmptyFist","FollowUp"],"picked":"Adaptation","floor":12.0},{"not_picked":["EmptyMind","Crescendo"],"picked":"Blasphemy","floor":14.0},{"not_picked":["Brilliance","Omniscience"],"picked":"Vault","floor":16.0},{"not_picked":["Sanctity+1","FlyingSleeves+1"],"picked":"Establishment","floor":18.0},{"not_picked":["EmptyFist","ThirdEye"],"picked":"Collect","floor":24},{"not_picked":["FearNoEvil","Swivel"],"picked":"Sanctity+1","floor":28}],"player_experience":33799,"relics_obtained":[{"floor":7.0,"key":"Strawberry"},{"floor":9.0,"key":"MealTicket"},{"floor":24,"key":"Frozen Egg 2"},{"floor":26,"key":"Kunai"}],"event_choices":[{"cards_removed":["Defend_P"],"damage_healed":0.0,"max_hp_gain":0.0,"max_hp_loss":0.0,"gold_gain":0.0,"event_name":"The Cleric","player_choice":"Card Removal","floor":2.0,"gold_loss":50.0,"damage_taken":0.0},{"damage_healed":0.0,"max_hp_gain":0.0,"max_hp_loss":0.0,"gold_gain":0.0,"event_name":"FaceTrader","player_choice":"Trade","floor":3.0,"gold_loss":0.0,"damage_taken":0.0,"relics_obtained":["FaceOfCleric"]},{"damage_healed":0.0,"max_hp_gain":0.0,"max_hp_loss":0.0,"gold_gain":0.0,"event_name":"Nest","player_choice":"Joined the Cult","floor":21.0,"gold_loss":0.0,"damage_taken":6.0,"cards_obtained":["RitualDagger"]},{"damage_healed":0.0,"max_hp_gain":0.0,"max_hp_loss":0.0,"gold_gain":0.0,"event_name":"The Library","player_choice":"Read","floor":22.0,"gold_loss":0.0,"damage_taken":0.0,"cards_obtained":["Devotion"]}],"is_beta":true,"boss_relics":[{"not_picked":["Runic Dome","Black Star"],"picked":"Sozu"}],"items_purged_floors":[19],"is_endless":false,"potions_floor_spawned":[7,14,24,28],"killed_by":"Book of Stabbing","ascension_level":0}