{"path_per_floor":["M","?","?","$","M","E","R","E","T","M","M","?","?","$","R","B",null,"M","?","?","M","?","E","M","E","T","E","T","R","E","M","R","B",null,"M","?","M","?","$","R","?","E","T","M","R","E","R","M","R"],"character_chosen":"THE_SILENT","items_purchased":["Dagger Spray","Noxious Fumes","Sadistic Nature","Oddly Smooth Stone","Footwork"],"gold_per_floor":[110,60,60,11,25,54,54,82,82,102,120,120,120,43,43,139,139,153,153,153,172,172,197,209,238,238,266,266,266,292,311,311,407,407,426,475,493,493,56,56,56,91,118,135,135,164,164,179,179,179],"floor_reached":50,"campfire_rested":3,"playtime":6969,"current_hp_per_floor":[70,70,70,70,70,36,57,51,51,51,51,51,44,44,44,39,70,48,48,48,47,47,37,36,26,26,12,12,33,16,7,28,28,70,70,45,44,34,34,48,48,43,43,42,56,54,70,71,77,0],"items_purged":["Survivor"],"gold":179,"score":717,"play_id":"649c7c1b-80dc-4e21-8dd9-c08f5d9c6507","local_time":"20180407133434","is_prod":false,"is_daily":false,"is_ascension_mode":true,"campfire_upgraded":3,"timestamp":1523133274,"path_taken":["M","?","?","?","M","E","R","E","T","?","M","?","?","?","R","BOSS","M","?","?","M","?","E","M","E","T","E","?","R","E","M","R","BOSS","M","?","M","?","$","R","?","E","T","M","R","E","R","M","R","BOSS"],"build_version":"2018-04-05v2","purchased_purges":1,"victory":false,"master_deck":["Defend_G+1","Defend_G+1","Strike_G+1","Strike_G+1","Strike_G+1","Strike_G+1","Strike_G+1","Neutralize","Backflip","Jack Of All Trades+1","Neutralize","Dagger Spray","Flying Knee","Flying Knee","Distraction","Outmaneuver","Die Die Die","Bouncing Flask+1","Noxious Fumes+1","Night Terror","Heel Hook","Deadly Poison+1","Leg Sweep","Backstab+1","Calculated Gamble","Flying Knee+1","Well Laid Plans","Backflip+1","Bullet Time","Flying Knee+1","Prepared+1","Deadly Poison+1","Bandage Up","Enlightenment","Bandage Up","Sadistic Nature","Footwork","Acrobatics","Acrobatics+1","Escape Plan"],"max_hp_per_floor":[70,70,70,70,70,70,70,70,70,70,70,70,70,70,70,70,70,70,70,70,70,70,70,70,70,70,70,70,70,70,70,70,70,70,70,70,70,70,70,70,70,70,70,70,70,77,77,77,77,77],"relics":["Ring of the Snake","Letter Opener","Snake Skull","Peace Pipe","Lantern","Runic Dome","The Specimen","Art of War","Orichalcum","Thread and Needle","Bag of Preparation","Torii","Shovel","Eternal Feather","Calipers","Oddly Smooth Stone","Vajra","Prayer Wheel","Strawberry","Matryoshka","Ninja Scroll"],"card_choices":[{"not_picked":["PiercingWail","Acrobatics"],"picked":"Backflip","floor":1},{"not_picked":["Blur","Dodge and Roll"],"picked":"Flying Knee","floor":5},{"not_picked":["PiercingWail","Caltrops"],"picked":"Flying Knee","floor":6},{"not_picked":["Predator","Terror"],"picked":"Distraction","floor":8},{"not_picked":["Accuracy","Dodge and Roll"],"picked":"Outmaneuver","floor":10},{"not_picked":["Dagger Spray","Dodge and Roll"],"picked":"Die Die Die","floor":11},{"not_picked":["Phantasmal Killer","Storm of Steel"],"picked":"Night Terror","floor":16},{"not_picked":["Poisoned Stab","Slice"],"picked":"Heel Hook","floor":18},{"not_picked":["Dodge and Roll","Dash"],"picked":"Deadly Poison","floor":21},{"not_picked":["Bane","Venomology"],"picked":"Leg Sweep","floor":23},{"not_picked":["Acrobatics","Underhanded Strike"],"picked":"Backstab","floor":24},{"not_picked":["Dash","Caltrops"],"picked":"Calculated Gamble","floor":25},{"not_picked":["Slice","Deadly Poison"],"picked":"Flying Knee","floor":27},{"not_picked":["Dodge and Roll","Cloak And Dagger"],"picked":"Well Laid Plans","floor":30},{"not_picked":["Acrobatics","Cloak And Dagger"],"picked":"Backflip","floor":31},{"not_picked":["Unload","Die Die Die"],"picked":"Bullet Time","floor":33},{"not_picked":["Eviscerate","Slice"],"picked":"Flying Knee","floor":35},{"not_picked":["Deflect","Crippling Poison"],"picked":"Prepared","floor":36},{"not_picked":["Flying Knee","Infinite Blades"],"picked":"Deadly Poison","floor":37},{"not_picked":["Good Instincts","Dark Shackles"],"picked":"Bandage Up","floor":38},{"not_picked":["Dramatic Entrance","Mind Blast"],"picked":"Enlightenment","floor":38},{"not_picked":["Enlightenment","Swift Strike"],"picked":"Bandage Up","floor":38},{"not_picked":["Flechettes","Quick Slash"],"picked":"Acrobatics","floor":42},{"not_picked":["Poisoned Stab","Blur"],"picked":"Acrobatics","floor":44},{"not_picked":["Tactician","PiercingWail"],"picked":"Escape Plan","floor":46}],"player_experience":120443,"potions_floor_usage":[16,23,25,27,31,33,33,46,50,50,50],"damage_taken":[{"damage":0,"enemies":"Jaw Worm","floor":1,"turns":4},{"damage":0,"enemies":"2 Louse","floor":5,"turns":2},{"damage":34,"enemies":"Lagavulin","floor":6,"turns":12},{"damage":6,"enemies":"3 Sentries","floor":8,"turns":5},{"damage":0,"enemies":"Cultist","floor":10,"turns":3},{"damage":0,"enemies":"3 Louse","floor":11,"turns":2},{"damage":5,"enemies":"Slime Boss","floor":16,"turns":6},{"damage":22,"enemies":"2 Thieves","floor":18,"turns":3},{"damage":1,"enemies":"3 Byrds","floor":21,"turns":3},{"damage":22,"enemies":"Book of Stabbing","floor":23,"turns":5},{"damage":1,"enemies":"Snake Plant","floor":24,"turns":4},{"damage":10,"enemies":"Slavers","floor":25,"turns":4},{"damage":14,"enemies":"Gremlin Leader","floor":27,"turns":5},{"damage":17,"enemies":"Slavers","floor":30,"turns":3},{"damage":9,"enemies":"Cultist and Chosen","floor":31,"turns":4},{"damage":0,"enemies":"Collector","floor":33,"turns":6},{"damage":0,"enemies":"3 Shapes","floor":35,"turns":1},{"damage":25,"enemies":"Mysterious Sphere","floor":36,"turns":3},{"damage":1,"enemies":"Orb Walker","floor":37,"turns":4},{"damage":13,"enemies":"Giant Head","floor":42,"turns":7},{"damage":1,"enemies":"3 Darklings","floor":44,"turns":2},{"damage":17,"enemies":"2 Orb Walkers","floor":46,"turns":3},{"damage":3,"enemies":"4 Shapes","floor":48,"turns":3},{"damage":95,"enemies":"Time Eater","floor":50,"turns":9}],"event_choices":[{"event_name":"The Cleric","player_choice":"Card Removal","floor":2,"damage_taken":0},{"event_name":"Match and Keep!","player_choice":"2 cards matched","floor":3,"damage_taken":0},{"event_name":"Transmorgrifier","player_choice":"Transform","floor":12,"damage_taken":0},{"event_name":"Scrap Ooze","player_choice":"success","floor":13,"damage_taken":7},{"event_name":"The Mausoleum","player_choice":"Yes","floor":19,"damage_taken":0},{"event_name":"Ghosts","player_choice":"Ignored","floor":20,"damage_taken":0},{"event_name":"Back to Basics","player_choice":"Simplicity","floor":22,"damage_taken":0},{"event_name":"Mysterious Sphere","player_choice":"Fight","floor":36,"damage_taken":0},{"event_name":"SensoryStone","player_choice":"Memory 3","floor":38,"damage_taken":0}],"boss_relics":[{"not_picked":["Lizard Tail","Astrolabe"],"picked":"Runic Dome"},{"not_picked":["Tiny House","Calling Bell"],"picked":"Eternal Feather"}],"potions_floor_spawned":[8,11,16,23,24,30,31,36,37,44,46],"seed_played":"8108295568910055557","killed_by":"Time Eater","ascension_level":1,"is_trial":false}