{"gold_per_floor":[109,121,121,135,158,196,196,235,235,254,268,281,281,259,259,388,388,411,336,351,351,351,390,390,413,413,428,428,428,469,492,492,492],"floor_reached":33,"playtime":6745,"items_purged":["Strike_R"],"score":433,"play_id":"3d9716d5-0991-4dca-b6e8-3f8df4f4278d","local_time":"20181018160116","is_ascension_mode":true,"campfire_choices":[{"data":"Inflame","floor":7,"key":"SMITH"},{"data":"Disarm","floor":15,"key":"SMITH"},{"floor":29,"key":"REST"},{"floor":32,"key":"REST"}],"neow_cost":"NONE","seed_source_timestamp":946630003628900,"circlet_count":0,"master_deck":["Strike_R","Strike_R","Strike_R","Defend_R","Defend_R","Defend_R","Defend_R","Bash","Cleave","Iron Wave","Disarm+1","Inflame+1","Whirlwind+1","Sword Boomerang+1","Feed+1","Disarm","Thunderclap+1","Armaments+1"],"relics":["Burning Blood","Golden Idol","Champion Belt","Molten Egg 2","Bottled Lightning","Fusion Hammer","The Courier","Nilry\u0027s Codex","Torii","Spirit Poop","WingedGreaves"],"potions_floor_usage":[11,16,16,33],"damage_taken":[{"damage":0,"enemies":"Cultist","floor":1,"turns":4},{"damage":2,"enemies":"2 Louse","floor":2,"turns":4},{"damage":10,"enemies":"Small Slimes","floor":4,"turns":3},{"damage":3,"enemies":"3 Louse","floor":5,"turns":3},{"damage":40,"enemies":"3 Sentries","floor":6,"turns":10},{"damage":23,"enemies":"Gremlin Nob","floor":8,"turns":4},{"damage":11,"enemies":"Lots of Slimes","floor":10,"turns":2},{"damage":5,"enemies":"Gremlin Gang","floor":11,"turns":2},{"damage":0,"enemies":"3 Louse","floor":12,"turns":1},{"damage":40,"enemies":"The Guardian","floor":16,"turns":13},{"damage":20,"enemies":"Shell Parasite","floor":18,"turns":6},{"damage":2,"enemies":"Chosen","floor":20,"turns":4},{"damage":34,"enemies":"Book of Stabbing","floor":23,"turns":6},{"damage":20,"enemies":"Snecko","floor":25,"turns":4},{"damage":0,"enemies":"3 Cultists","floor":27,"turns":2},{"damage":24,"enemies":"Slavers","floor":30,"turns":4},{"damage":7,"enemies":"Shelled Parasite and Fungi","floor":31,"turns":4},{"damage":59,"enemies":"Champ","floor":33,"turns":10}],"seed_played":"8006172689820445937","potions_obtained":[{"floor":4,"key":"Dexterity Potion"},{"floor":10,"key":"Fire Potion"},{"floor":11,"key":"FairyPotion"},{"floor":12,"key":"SteroidPotion"},{"floor":16,"key":"Strength Potion"},{"floor":20,"key":"GamblersBrew"},{"floor":25,"key":"Regen Potion"}],"is_trial":false,"path_per_floor":["M","M","?","M","M","E","R","E","T","M","M","M","?","?","R","B",null,"M","$","M","?","?","E","?","M","T","M","?","R","E","M","R"],"character_chosen":"IRONCLAD","items_purchased":[],"campfire_rested":2,"item_purchase_floors":[],"current_hp_per_floor":[86,88,66,62,65,31,31,14,14,9,10,16,38,38,38,14,70,60,60,68,68,68,40,24,10,10,16,16,43,25,24,51,0],"gold":492,"neow_bonus":"TEN_PERCENT_HP_BONUS","is_prod":false,"is_daily":false,"chose_seed":false,"campfire_upgraded":2,"win_rate":0,"timestamp":1539892876,"path_taken":["M","?","?","?","?","E","R","E","T","M","M","M","?","?","R","BOSS","M","$","M","?","?","E","?","M","T","?","?","R","E","M","R","BOSS"],"build_version":"2018-10-17v3","purchased_purges":1,"victory":false,"max_hp_per_floor":[88,88,88,88,88,88,88,88,88,88,88,88,88,88,88,88,88,92,92,96,96,96,96,96,96,96,96,93,93,93,93,93,93],"card_choices":[{"not_picked":["Heavy Blade","Armaments","Spot Weakness"],"picked":"SKIP","floor":1},{"not_picked":["Warcry","Pommel Strike"],"picked":"Cleave","floor":2},{"not_picked":["Battle Trance","Clash"],"picked":"Iron Wave","floor":4},{"not_picked":["Combust","Bloodletting"],"picked":"Disarm","floor":5},{"not_picked":["Rampage","Shockwave"],"picked":"Inflame","floor":6},{"not_picked":["Warcry","Iron Wave"],"picked":"Whirlwind","floor":8},{"not_picked":["Armaments","Blood for Blood+1","Flex"],"picked":"SKIP","floor":10},{"not_picked":["Feel No Pain","Heavy Blade+1","True Grit"],"picked":"SKIP","floor":11},{"not_picked":["Evolve","Headbutt+1"],"picked":"Sword Boomerang+1","floor":12},{"not_picked":["Offering","Brutality"],"picked":"Feed+1","floor":16},{"not_picked":["Carnage+1","Clash+1"],"picked":"Disarm","floor":18},{"not_picked":["Clothesline+1","Dual Wield+1"],"picked":"Thunderclap+1","floor":20},{"not_picked":["Havoc","Impervious","Wild Strike+1"],"picked":"SKIP","floor":23},{"not_picked":["Entrench","True Grit","Whirlwind+1"],"picked":"SKIP","floor":25},{"not_picked":["Pommel Strike+1","Headbutt+1","Second Wind"],"picked":"SKIP","floor":27},{"not_picked":["Entrench","Rupture+1","Rampage+1"],"picked":"SKIP","floor":30},{"not_picked":["Cleave+1","Clash+1"],"picked":"Armaments+1","floor":31}],"player_experience":929416,"relics_obtained":[{"floor":6,"key":"Champion Belt"},{"floor":8,"key":"Molten Egg 2"},{"floor":9,"key":"Bottled Lightning"},{"floor":23,"key":"The Courier"},{"floor":24,"key":"Nilry\u0027s Codex"},{"floor":26,"key":"Torii"},{"floor":30,"key":"WingedGreaves"}],"event_choices":[{"damage_healed":0,"gold_gain":0,"player_choice":"Take Damage","damage_taken":22,"relics_obtained":["Golden Idol"],"max_hp_gain":0,"max_hp_loss":0,"event_name":"Golden Idol","floor":3,"gold_loss":0},{"damage_healed":22,"gold_gain":0,"player_choice":"Healed and dodged fight","damage_taken":0,"max_hp_gain":0,"max_hp_loss":0,"event_name":"Mushrooms","floor":13,"gold_loss":0,"cards_obtained":["Parasite"]},{"damage_healed":0,"gold_gain":0,"player_choice":"Left Gold","damage_taken":0,"max_hp_gain":0,"max_hp_loss":0,"event_name":"World of Goop","floor":14,"gold_loss":22},{"damage_healed":0,"gold_gain":0,"player_choice":"Ignored","damage_taken":0,"max_hp_gain":0,"max_hp_loss":0,"event_name":"Vampires","floor":21,"gold_loss":0},{"cards_removed":["Strike_R"],"damage_healed":0,"gold_gain":0,"player_choice":"Elegance","damage_taken":0,"max_hp_gain":0,"max_hp_loss":0,"event_name":"Back to Basics","floor":22,"gold_loss":0},{"damage_healed":0,"gold_gain":0,"player_choice":"Obtained Book","damage_taken":16,"max_hp_gain":0,"max_hp_loss":0,"event_name":"Cursed Tome","floor":24,"gold_loss":0},{"cards_removed":["Parasite"],"damage_healed":0,"gold_gain":0,"player_choice":"Offered Curse","damage_taken":0,"relics_obtained":["Spirit Poop"],"max_hp_gain":0,"max_hp_loss":0,"event_name":"Bonfire Elementals","floor":28,"gold_loss":0}],"is_beta":true,"boss_relics":[{"not_picked":["Lizard Tail","Tiny House"],"picked":"Fusion Hammer"}],"items_purged_floors":[19],"is_endless":false,"potions_floor_spawned":[4,10,11,12,16,20,25,27,30],"killed_by":"Champ","ascension_level":9}