{"path_per_floor":["M","M","M","M","M","R","E","M","T","E","?","?","M"],"character_chosen":"THE_SILENT","items_purchased":[],"gold_per_floor":[114,124,143,156,168,168,193,209,209,238,238,238,248,248],"floor_reached":14,"campfire_rested":0,"playtime":1152,"current_hp_per_floor":[70,60,56,48,41,41,17,14,14,1,1,1,1,0],"items_purged":[],"gold":248,"score":114,"play_id":"1dbec3aa-0552-49ec-b765-53952344fb85","local_time":"20180410223257","is_prod":false,"is_daily":false,"is_ascension_mode":true,"campfire_upgraded":1,"timestamp":1523424777,"path_taken":["M","M","M","M","M","R","E","M","T","E","?","?","?","M"],"build_version":"2018-04-05v2","purchased_purges":0,"victory":false,"master_deck":["Defend_G","Defend_G","Defend_G","Defend_G","Strike_G","Strike_G","Strike_G","Strike_G","Strike_G","Survivor","Neutralize+1","Envenom","Poisoned Stab","Crippling Poison","Deadly Poison","Prepared","Slice","Backflip","Blur","Heel Hook"],"max_hp_per_floor":[70,70,70,70,70,70,70,70,70,70,70,70,70,70],"relics":["Ring of the Snake","Singing Bowl","Du-Vu Doll","Letter Opener"],"card_choices":[{"not_picked":["Dodge and Roll","Slice"],"picked":"Envenom","floor":1},{"not_picked":["Dodge and Roll","Underhanded Strike"],"picked":"Poisoned Stab","floor":2},{"not_picked":["Leg Sweep","Accuracy"],"picked":"Crippling Poison","floor":3},{"not_picked":["Accuracy","Dagger Spray"],"picked":"Deadly Poison","floor":4},{"not_picked":["Outmaneuver","Distraction"],"picked":"Prepared","floor":5},{"not_picked":["Distraction","Acrobatics"],"picked":"Slice","floor":7},{"not_picked":["Dodge and Roll","Dagger Spray"],"picked":"Backflip","floor":8},{"not_picked":["Quick Slash","Outmaneuver"],"picked":"Blur","floor":10},{"not_picked":["Backstab","Dodge and Roll"],"picked":"Heel Hook","floor":13}],"player_experience":209530,"potions_floor_usage":[10,10,13,14],"damage_taken":[{"damage":0,"enemies":"2 Louse","floor":1,"turns":2},{"damage":10,"enemies":"Cultist","floor":2,"turns":5},{"damage":4,"enemies":"Small Slimes","floor":3,"turns":5},{"damage":8,"enemies":"Looter","floor":4,"turns":4},{"damage":7,"enemies":"Exordium Thugs","floor":5,"turns":5},{"damage":24,"enemies":"Gremlin Nob","floor":7,"turns":5},{"damage":3,"enemies":"Exordium Wildlife","floor":8,"turns":5},{"damage":13,"enemies":"Lagavulin","floor":10,"turns":7},{"damage":0,"enemies":"3 Louse","floor":13,"turns":1},{"damage":1,"enemies":"Exordium Thugs","floor":14,"turns":2}],"event_choices":[{"event_name":"Purifier","player_choice":"One Purge","floor":11,"damage_taken":0},{"event_name":"The Woman in Blue","player_choice":"Bought 0 Potions","floor":12,"damage_taken":0}],"boss_relics":[],"potions_floor_spawned":[3,5,7,8,10],"seed_played":"5413711212952715324","killed_by":"Exordium Thugs","ascension_level":2,"is_trial":false}