{"gold_per_floor":[109,124,74,74,93,93,127,147,147,147,161,181,191,191,191,295,295,314,161,175,275,229,229,249,249,273,284,302,302,312,323,323,323],"floor_reached":33,"playtime":1274,"items_purged":[],"score":253,"play_id":"df06ab3d-6fb0-4f15-88bf-75cf3d0f83f6","local_time":"20181106134511","is_ascension_mode":false,"campfire_choices":[{"data":"Doppelganger","floor":6,"key":"SMITH"},{"data":"Backstab","floor":10,"key":"SMITH"},{"data":"Blade Dance","floor":15,"key":"SMITH"},{"data":"Finisher","floor":23,"key":"SMITH"},{"data":"Cloak And Dagger","floor":25,"key":"SMITH"},{"data":"Deadly Poison","floor":29,"key":"SMITH"},{"data":"Deadly Poison","floor":32,"key":"SMITH"}],"neow_cost":"NONE","seed_source_timestamp":601574378297187,"circlet_count":0,"master_deck":["Defend_G","Defend_G","Defend_G","Defend_G","Defend_G","Strike_G","Strike_G","Strike_G","Strike_G","Survivor","Neutralize","Doppelganger+1","Well Laid Plans","Backstab+1","Backflip","All Out Attack","Finisher+1","Dodge and Roll","Deadly Poison+1","Blade Dance+1","Adrenaline","Slice","PiercingWail","Cloak And Dagger+1","Blade Dance","Deadly Poison+1"],"relics":["Ring of the Snake","CultistMask","Meat on the Bone","Ornamental Fan","Busted Crown","Snake Skull","Ginger","Kunai","Vajra"],"potions_floor_usage":[7,7,33],"damage_taken":[{"damage":0,"enemies":"Jaw Worm","floor":1,"turns":5},{"damage":0,"enemies":"Small Slimes","floor":2,"turns":5},{"damage":0,"enemies":"Cultist","floor":5,"turns":5},{"damage":39,"enemies":"Lagavulin","floor":7,"turns":13},{"damage":2,"enemies":"2 Fungi Beasts","floor":8,"turns":3},{"damage":0,"enemies":"3 Louse","floor":11,"turns":2},{"damage":3,"enemies":"Exordium Thugs","floor":12,"turns":5},{"damage":0,"enemies":"2 Fungi Beasts","floor":13,"turns":3},{"damage":9,"enemies":"The Guardian","floor":16,"turns":11},{"damage":0,"enemies":"3 Byrds","floor":18,"turns":6},{"damage":7,"enemies":"2 Thieves","floor":20,"turns":3},{"damage":8,"enemies":"Colosseum Slavers","floor":21,"turns":4},{"damage":20,"enemies":"Colosseum Nobs","floor":21,"turns":5},{"damage":2,"enemies":"Cultist and Chosen","floor":24,"turns":5},{"damage":5,"enemies":"Centurion and Healer","floor":27,"turns":5},{"damage":1,"enemies":"Snake Plant","floor":28,"turns":3},{"damage":0,"enemies":"Shelled Parasite and Fungi","floor":30,"turns":2},{"damage":0,"enemies":"Centurion and Healer","floor":31,"turns":5},{"damage":45,"enemies":"Champ","floor":33,"turns":11}],"seed_played":"-8120684009620186446","potions_obtained":[{"floor":2,"key":"Poison Potion"},{"floor":5,"key":"GhostInAJar"},{"floor":11,"key":"Energy Potion"},{"floor":12,"key":"Dexterity Potion"},{"floor":20,"key":"Energy Potion"},{"floor":24,"key":"AttackPotion"}],"is_trial":false,"path_per_floor":["M","M","?","?","M","R","E","M","T","R","M","M","M","?","R","B",null,"M","$","M","?","$","R","M","R","T","M","M","R","M","M","R","B"],"character_chosen":"THE_SILENT","items_purchased":["Snake Skull","Blade Dance"],"campfire_rested":0,"item_purchase_floors":[19,22],"current_hp_per_floor":[70,70,70,70,70,70,31,41,41,41,41,38,38,38,38,41,70,70,70,63,47,47,47,45,45,45,40,39,39,39,39,39,0],"gold":323,"neow_bonus":"ONE_RANDOM_RARE_CARD","is_prod":false,"is_daily":false,"chose_seed":false,"campfire_upgraded":7,"win_rate":0,"timestamp":1541529911,"path_taken":["M","M","?","?","M","R","E","M","T","R","M","?","M","?","R","BOSS","M","$","M","?","$","R","M","R","T","M","M","R","M","M","R","BOSS"],"build_version":"2018-11-05","purchased_purges":0,"victory":false,"max_hp_per_floor":[70,70,70,70,70,70,70,70,70,70,70,70,70,70,70,70,70,70,70,70,70,70,70,70,70,70,70,70,70,70,70,70,70],"card_choices":[{"not_picked":["Deflect","Endless Agony"],"picked":"Well Laid Plans","floor":1},{"not_picked":["Predator","PiercingWail"],"picked":"Backstab","floor":2},{"not_picked":["Dodge and Roll","Quick Slash"],"picked":"Backflip","floor":5},{"not_picked":["Setup","Predator"],"picked":"All Out Attack","floor":7},{"not_picked":["Poisoned Stab","Riddle With Holes"],"picked":"Finisher","floor":8},{"not_picked":["Heel Hook","Skewer"],"picked":"Dodge and Roll","floor":11},{"not_picked":["Accuracy","Outmaneuver"],"picked":"Deadly Poison","floor":12},{"not_picked":["Outmaneuver","All Out Attack"],"picked":"Blade Dance","floor":13},{"not_picked":["Venomology","Grand Finale"],"picked":"Adrenaline","floor":16},{"not_picked":[],"picked":"Slice","floor":18},{"not_picked":[],"picked":"PiercingWail","floor":20},{"not_picked":[],"picked":"Cloak And Dagger","floor":21},{"not_picked":["Deflect"],"picked":"SKIP","floor":24},{"not_picked":[],"picked":"Deadly Poison","floor":27},{"not_picked":["Dagger Spray"],"picked":"SKIP","floor":28},{"not_picked":["Tactician"],"picked":"SKIP","floor":30},{"not_picked":["Well Laid Plans"],"picked":"SKIP","floor":31}],"player_experience":966517,"relics_obtained":[{"floor":7,"key":"Meat on the Bone"},{"floor":9,"key":"Ornamental Fan"},{"floor":21,"key":"Ginger"},{"floor":21,"key":"Kunai"},{"floor":26,"key":"Vajra"}],"event_choices":[{"cards_removed":["Strike_G"],"damage_healed":0,"gold_gain":0,"player_choice":"Card Removal","damage_taken":0,"max_hp_gain":0,"max_hp_loss":0,"event_name":"The Cleric","floor":3,"gold_loss":50},{"damage_healed":0,"gold_gain":0,"player_choice":"Trade","damage_taken":0,"relics_obtained":["CultistMask"],"max_hp_gain":0,"max_hp_loss":0,"event_name":"FaceTrader","floor":4,"gold_loss":0},{"damage_healed":0,"gold_gain":0,"player_choice":"Ignored","damage_taken":0,"max_hp_gain":0,"max_hp_loss":0,"event_name":"Liars Game","floor":14,"gold_loss":0},{"damage_healed":0,"gold_gain":0,"player_choice":"Fight","damage_taken":0,"max_hp_gain":0,"max_hp_loss":0,"event_name":"Colosseum","floor":21,"gold_loss":0},{"damage_healed":0,"gold_gain":0,"player_choice":"Fought Nobs","damage_taken":0,"max_hp_gain":0,"max_hp_loss":0,"event_name":"Colosseum","floor":21,"gold_loss":0}],"is_beta":true,"boss_relics":[{"not_picked":["HoveringKite","Lizard Tail"],"picked":"Busted Crown"}],"items_purged_floors":[],"is_endless":false,"potions_floor_spawned":[2,5,11,12,20,21,24,27,28],"killed_by":"Champ","ascension_level":0}