{"path_per_floor":["M","?","M","$","?","R","?","R","T","R","M","?","E","M","R","B",null,"M","M","M","M","$","E","R","?","T","$","R","M","R","M","R","B",null,"M","?","M","$","?","E","R","M","T","M","?","$","R","M","R","B"],"character_chosen":"DEFECT","items_purchased":["Blizzard","Meat on the Bone","Bottled Tornado"],"gold_per_floor":[116,291,310,235,235,235,310,310,364,364,382,382,412,422,422,522,522,522,522,522,522,6,6,6,6,6,6,6,6,6,6,6,6,6,6,0,0,0,0,0,0,0,0,0,0,0,0,0,0,0],"floor_reached":51,"campfire_rested":1,"playtime":2280,"current_hp_per_floor":[75,75,75,75,75,75,64,64,64,64,60,60,53,40,40,9,75,61,59,33,27,27,26,48,48,48,48,48,43,43,45,45,14,75,55,55,56,56,56,45,45,43,43,22,75,75,75,67,67,35],"items_purged":["Doubt"],"gold":0,"score":720,"play_id":"97256a98-76cf-41f5-aa03-51331b2f3949","local_time":"20180508222824","is_prod":false,"is_daily":false,"chose_seed":false,"is_ascension_mode":false,"campfire_upgraded":10,"timestamp":1525832904,"path_taken":["M","?","M","$","?","R","?","R","T","R","M","?","E","M","R","BOSS","M","M","?","M","$","E","R","?","T","$","R","M","R","M","R","BOSS","M","?","M","$","?","E","R","?","T","M","?","$","R","?","R","BOSS"],"build_version":"2018-05-07","seed_source_timestamp":607138573878162,"purchased_purges":1,"victory":true,"master_deck":["Strike_B","Strike_B","Strike_B","Strike_B","Defend_B","Defend_B","Defend_B","Defend_B","Zap+1","Dualcast+1","Glacier+1","Hello World","Regret","Cold Snap","Redo+1","Reboot+1","Echo Form","Rip and Tear+1","Go for the Eyes+1","Consume+1","Chaos+1","Blizzard+1","Creative AI+1","Stack","Loop+1","Nova+1","Buffer+1","Stack+1","Turbo+1","White Noise+1","Melter"],"max_hp_per_floor":[75,75,75,75,75,75,75,75,75,75,75,75,75,75,75,75,75,75,75,75,75,75,75,75,75,75,75,75,75,75,75,75,75,75,75,75,75,75,75,75,75,75,75,75,75,75,75,75,75,75],"relics":["Cracked Core","Bag of Marbles","The Courier","Lantern","Bronze Scales","Ectoplasm","Meat on the Bone","Bottled Tornado","Dodecahedron","Blood Vial","Runic Dome","Red Mask","Tiny Chest","Dream Catcher"],"card_choices":[{"not_picked":["Hologram","Leap"],"picked":"Glacier","floor":1},{"not_picked":["Axe Kick","Capacitor"],"picked":"Hello World","floor":3},{"not_picked":["Force Field","Leap"],"picked":"Cold Snap","floor":11},{"not_picked":["Hologram","Ball Lightning"],"picked":"Redo","floor":13},{"not_picked":["Glacier","Impulse"],"picked":"Reboot","floor":14},{"not_picked":["Rainbow","Nova"],"picked":"Echo Form","floor":16},{"not_picked":["Beam Cell","Hologram"],"picked":"Rip and Tear","floor":18},{"not_picked":["Consume","Cold Snap"],"picked":"Go for the Eyes","floor":19},{"not_picked":["Barrage","Steam Power"],"picked":"Consume","floor":20},{"not_picked":["Barrage","Redo"],"picked":"Chaos","floor":21},{"not_picked":["Go for the Eyes","Reinforced Body"],"picked":"Creative AI","floor":23},{"not_picked":["Steam Power","Double Energy"],"picked":"Stack","floor":29},{"not_picked":["Hologram","Lockon"],"picked":"Loop","floor":31},{"not_picked":["Creative AI","Echo Form"],"picked":"Nova","floor":33},{"not_picked":["Skim","Hologram"],"picked":"Buffer","floor":35},{"not_picked":["Beam Cell","Go for the Eyes"],"picked":"Stack","floor":37},{"not_picked":["Streamline","Hologram"],"picked":"Turbo","floor":42},{"not_picked":["Go for the Eyes","Doom and Gloom"],"picked":"White Noise","floor":44},{"not_picked":["Barrage","Auto Shields"],"picked":"Melter","floor":48}],"player_experience":432254,"potions_floor_usage":[13,16,21,33,33,40,50,50],"damage_taken":[{"damage":0,"enemies":"Small Slimes","floor":1,"turns":2},{"damage":0,"enemies":"2 Louse","floor":3,"turns":3},{"damage":4,"enemies":"Cultist","floor":11,"turns":3},{"damage":7,"enemies":"Gremlin Nob","floor":13,"turns":5},{"damage":13,"enemies":"Large Slime","floor":14,"turns":4},{"damage":31,"enemies":"Slime Boss","floor":16,"turns":11},{"damage":14,"enemies":"Shell Parasite","floor":18,"turns":6},{"damage":2,"enemies":"Chosen","floor":19,"turns":3},{"damage":26,"enemies":"Snake Plant","floor":20,"turns":4},{"damage":6,"enemies":"Snecko","floor":21,"turns":4},{"damage":13,"enemies":"Book of Stabbing","floor":23,"turns":5},{"damage":19,"enemies":"Centurion and Healer","floor":29,"turns":6},{"damage":12,"enemies":"Cultist and Chosen","floor":31,"turns":6},{"damage":45,"enemies":"Collector","floor":33,"turns":9},{"damage":20,"enemies":"Orb Walker","floor":35,"turns":4},{"damage":1,"enemies":"3 Shapes","floor":37,"turns":4},{"damage":25,"enemies":"2 Orb Walkers","floor":40,"turns":5},{"damage":16,"enemies":"Maw","floor":42,"turns":9},{"damage":35,"enemies":"Flame Bruiser 2 Orb","floor":44,"turns":6},{"damage":8,"enemies":"Spire Growth","floor":48,"turns":4},{"damage":53,"enemies":"Time Eater","floor":50,"turns":10}],"event_choices":[{"event_name":"Liars Game","player_choice":"agreed","floor":2,"damage_taken":0},{"event_name":"Big Fish","player_choice":"Box","floor":5,"damage_taken":0},{"event_name":"World of Goop","player_choice":"Gather Gold","floor":7,"damage_taken":0},{"event_name":"Golden Wing","player_choice":"Ignored","floor":12,"damage_taken":0},{"event_name":"Addict","player_choice":"Ignored","floor":25,"damage_taken":0},{"event_name":"Tomb of Lord Red Mask","player_choice":"Paid","floor":36,"damage_taken":0},{"event_name":"Upgrade Shrine","player_choice":"Upgraded","floor":39,"damage_taken":0},{"event_name":"Wheel of Change","player_choice":"Full Heal","floor":45,"damage_taken":0}],"boss_relics":[{"not_picked":["Lizard Tail","Astrolabe"],"picked":"Ectoplasm"},{"not_picked":["Snecko Eye","Tiny House"],"picked":"Runic Dome"}],"potions_floor_spawned":[11,14,16,18,29,33,42,48],"seed_played":"4325172547456071917","ascension_level":0,"is_trial":false}