{"path_per_floor":["M","M","?","?","M","R","M","M","T","R","$","R","M","?","R"],"character_chosen":"DEFECT","items_purchased":["Cables"],"gold_per_floor":[115,129,204,204,219,219,231,243,319,319,77,77,94,114,114,114],"floor_reached":16,"campfire_rested":0,"playtime":561,"item_purchase_floors":[11],"current_hp_per_floor":[75,74,63,63,61,61,55,44,44,44,44,44,44,42,42,0],"items_purged":[],"gold":114,"score":92,"play_id":"c6e8cb6e-68fe-40e6-b5e7-c237e138bcb2","local_time":"20180605183134","is_prod":false,"is_daily":false,"chose_seed":false,"is_ascension_mode":false,"campfire_upgraded":4,"win_rate":0,"timestamp":1528237894,"campfire_choices":[{"data":"Zap","floor":6,"key":"SMITH"},{"data":"Glacier","floor":10,"key":"SMITH"},{"data":"Steam","floor":12,"key":"SMITH"},{"data":"Go for the Eyes","floor":15,"key":"SMITH"}],"path_taken":["M","M","?","?","M","R","M","M","T","R","$","R","?","?","R","BOSS"],"build_version":"2018-06-04v2","seed_source_timestamp":511572441619212,"purchased_purges":0,"victory":false,"master_deck":["Strike_B","Strike_B","Strike_B","Strike_B","Defend_B","Defend_B","Defend_B","Defend_B","Zap+1","Dualcast","Steam+1","Coolheaded","Leap","Cold Snap","Go for the Eyes+1","Turbo","Coolheaded","Rebound","Glacier+1","Compile Driver"],"max_hp_per_floor":[75,75,75,75,75,75,75,75,75,75,75,75,75,75,75,75],"relics":["Orrery","Centennial Puzzle","Cables","Odd Mushroom"],"card_choices":[{"not_picked":["Genetic Algorithm","Streamline"],"picked":"Steam","floor":0},{"not_picked":["Streamline","Sunder"],"picked":"Coolheaded","floor":0},{"not_picked":["FTL","Chaos"],"picked":"Leap","floor":0},{"not_picked":["Steam","Redo"],"picked":"Cold Snap","floor":0},{"not_picked":["Streamline","Steam"],"picked":"Go for the Eyes","floor":0},{"not_picked":["Hyperbeam","Reinforced Body"],"picked":"Turbo","floor":1},{"not_picked":["Hologram","Ball Lightning"],"picked":"Coolheaded","floor":2},{"not_picked":["Compile Driver","Turbo"],"picked":"Rebound","floor":5},{"not_picked":["Barrage","Lockon"],"picked":"Glacier","floor":7},{"not_picked":["Stack","Conserve Battery"],"picked":"Compile Driver","floor":8},{"not_picked":["Compile Driver","Go for the Eyes","Sweeping Beam"],"picked":"SKIP","floor":13}],"player_experience":532504,"potions_floor_usage":[16],"damage_taken":[{"damage":0,"enemies":"Jaw Worm","floor":1,"turns":5},{"damage":1,"enemies":"2 Louse","floor":2,"turns":2},{"damage":2,"enemies":"Cultist","floor":5,"turns":4},{"damage":6,"enemies":"Blue Slaver","floor":7,"turns":5},{"damage":11,"enemies":"Exordium Wildlife","floor":8,"turns":5},{"damage":0,"enemies":"Looter","floor":13,"turns":3},{"damage":2,"floor":14,"turns":6},{"damage":43,"enemies":"Hexaghost","floor":16,"turns":18}],"relics_obtained":[{"floor":9,"key":"Centennial Puzzle"},{"floor":14,"key":"Odd Mushroom"}],"event_choices":[{"event_name":"World of Goop","player_choice":"Gather Gold","floor":3,"damage_taken":0},{"event_name":"Liars Game","player_choice":"disagreed","floor":4,"damage_taken":0},{"event_name":"Mushrooms","player_choice":"Fought Mushrooms","floor":14,"damage_taken":0}],"boss_relics":[],"items_purged_floors":[],"potions_floor_spawned":[1,7,8,14],"seed_played":"-3125139017379009040","killed_by":"Hexaghost","ascension_level":0,"potions_obtained":[{"floor":1,"key":"PowerPotion"},{"floor":7,"key":"Energy Potion"},{"floor":8,"key":"Block Potion"}],"is_trial":false}