{"path_per_floor":["M","?","M","?","?","R","M","R","T","M","M","$","E","M","R","B",null,"M","?","M","M","$","E","M","M","T","?","$","?","R","M","R","B",null,"M","$","?","?","?","R","$","E","T"],"character_chosen":"THE_SILENT","items_purchased":["Footwork"],"gold_per_floor":[16,16,27,102,102,102,117,117,117,131,147,33,67,87,87,187,187,173,173,192,206,106,138,158,178,178,178,53,53,53,65,65,160,160,175,25,25,80,80,80,80,111,137,137],"floor_reached":44,"campfire_rested":2,"playtime":5176,"current_hp_per_floor":[63,49,48,37,37,37,30,30,30,29,29,29,4,4,25,16,57,50,50,50,50,50,47,43,41,41,41,41,41,41,41,62,56,67,62,62,62,54,54,54,54,30,30,0],"items_purged":["Strike_G","Strike_G","Strike_G","Defend_G"],"gold":137,"score":661,"play_id":"293585fe-2fca-4d61-b23b-1ab6a5f0a2f9","local_time":"20180420194451","is_prod":false,"is_daily":false,"chose_seed":false,"is_ascension_mode":true,"campfire_upgraded":4,"timestamp":1524278691,"path_taken":["M","?","M","?","?","R","M","R","T","M","M","$","E","?","R","BOSS","M","?","?","M","$","E","M","M","T","?","$","?","R","M","R","BOSS","M","$","?","?","?","R","$","E","T","E"],"build_version":"2018-04-19","seed_source_timestamp":202863526450082,"purchased_purges":4,"victory":false,"master_deck":["Defend_G+1","Survivor+1","Neutralize+1","Cloak And Dagger+1","Accuracy+1","Footwork+1"],"max_hp_per_floor":[70,70,70,70,70,70,70,70,70,70,70,70,70,70,70,70,70,70,70,70,70,70,70,70,70,70,70,70,70,70,70,70,70,70,70,70,70,70,70,70,70,70,70,70],"relics":["Ring of the Snake","Dead Branch","Oddly Smooth Stone","Snake Skull","Ornamental Fan","Sozu","Torii","Juzu Bracelet","Ancient Tea Set"],"card_choices":[{"not_picked":["Dodge and Roll","Dagger Throw"],"picked":"Cloak And Dagger","floor":3},{"not_picked":["Underhanded Strike","Malaise"],"picked":"Accuracy","floor":7}],"player_experience":399785,"potions_floor_usage":[13,16,23,24,25,33,35],"damage_taken":[{"damage":0,"enemies":"Small Slimes","floor":1,"turns":4},{"damage":1,"enemies":"2 Louse","floor":3,"turns":4},{"damage":7,"enemies":"Jaw Worm","floor":7,"turns":4},{"damage":1,"enemies":"Large Slime","floor":10,"turns":4},{"damage":0,"enemies":"2 Fungi Beasts","floor":11,"turns":4},{"damage":25,"enemies":"Gremlin Nob","floor":13,"turns":5},{"damage":0,"enemies":"3 Louse","floor":14,"turns":3},{"damage":9,"enemies":"The Guardian","floor":16,"turns":9},{"damage":7,"enemies":"2 Thieves","floor":18,"turns":4},{"damage":0,"enemies":"Shell Parasite","floor":20,"turns":7},{"damage":0,"enemies":"Snake Plant","floor":21,"turns":9},{"damage":3,"enemies":"Gremlin Leader","floor":23,"turns":8},{"damage":4,"enemies":"Slaver and Parasite","floor":24,"turns":6},{"damage":2,"enemies":"Centurion and Healer","floor":25,"turns":9},{"damage":0,"enemies":"Snake Plant","floor":31,"turns":6},{"damage":6,"enemies":"Automaton","floor":33,"turns":8},{"damage":5,"enemies":"3 Darklings","floor":35,"turns":9},{"damage":8,"enemies":"Mysterious Sphere","floor":38,"turns":4},{"damage":24,"enemies":"Nemesis","floor":42,"turns":11},{"damage":33,"enemies":"2 Orb Walkers","floor":44,"turns":3}],"event_choices":[{"event_name":"Shining Light","player_choice":"Entered Light","floor":2,"damage_taken":0},{"event_name":"World of Goop","player_choice":"Gather Gold","floor":4,"damage_taken":0},{"event_name":"Living Wall","player_choice":"Forget","floor":5,"damage_taken":0},{"event_name":"Ghosts","player_choice":"Ignored","floor":19,"damage_taken":0},{"event_name":"The Mausoleum","player_choice":"No","floor":27,"damage_taken":0},{"event_name":"Back to Basics","player_choice":"Elegance","floor":29,"damage_taken":0},{"event_name":"Mysterious Sphere","player_choice":"Fight","floor":38,"damage_taken":0},{"event_name":"SecretPortal","player_choice":"Rejected Portal.","floor":39,"damage_taken":0}],"boss_relics":[{"not_picked":["Snecko Eye","Philosopher\u0027s Stone","Velvet Choker"]},{"not_picked":["Calling Bell","White Beast Statue"],"picked":"Sozu"}],"potions_floor_spawned":[1,11,13,16,21,23,31,33,38,42],"seed_played":"-8937929781745085974","killed_by":"2 Orb Walkers","ascension_level":9,"is_trial":false}