{"gold_per_floor":[113,128,128,138,138,173,190,204,204,204,219,219,237,237,237,337,337,354,265,283,208,222,222,256,256,256,256,222,235,235,235,235,335,335,349,449,449,469,487,487,497,509,509,509,524,262,262,288,288,288],"floor_reached":50,"playtime":1458,"items_purged":[],"score":494,"play_id":"32b29a2a-babf-4335-91c1-27033c4066e2","local_time":"20190307131619","is_ascension_mode":false,"campfire_choices":[{"floor":10,"key":"REST"},{"data":"Zap","floor":15,"key":"SMITH"},{"floor":23,"key":"REST"},{"floor":25,"key":"REST"},{"data":"DiskWipe","floor":30,"key":"SMITH"},{"data":"Sweeping Beam","floor":32,"key":"SMITH"},{"floor":40,"key":"REST"},{"floor":44,"key":"REST"},{"floor":47,"key":"REST"},{"floor":49,"key":"REST"}],"neow_cost":"NONE","seed_source_timestamp":1376841335981886,"circlet_count":0,"master_deck":["Strike_B","Strike_B","Strike_B","Defend_B","Defend_B","Defend_B","Defend_B","Zap+1","Dualcast","strawberrySpire:BlasterWyrm","Clumsy","strawberrySpire:Ronchyble+1","Sweeping Beam+1","ReplayTheSpireMod:Omega Cannon+1","DiskWipe+1","strawberrySpire:Disreguard","Barrage+1","Barrage+1","Sweeping Beam+1","FTL+1","ReplayTheSpireMod:Dual Polarity+1"],"relics":["Cracked Core","Potion Belt","Turnip","Molten Egg 2","strawberrySpire:Starfruit","strawberrySpire:Dictionifier","aspiration:SeaSaltIceCream","Peace Pipe","Pocketwatch","aspiration:Lifesprig","strawberrySpire:RottenAvocado","strawberrySpire:ThornyGelberry","hubris:Icosahedron","hubris:Reverence","aspiration:FetidBarrel","Garlic"],"potions_floor_usage":[24,24,33,33,33,48,48],"damage_taken":[{"damage":1,"enemies":"2 Louse","floor":1,"turns":3},{"damage":4,"enemies":"Jaw Worm","floor":2,"turns":3},{"damage":0,"enemies":"Cultist","floor":4,"turns":4},{"damage":57,"enemies":"3 Sentries","floor":6,"turns":12},{"damage":12,"enemies":"Blue Slaver","floor":7,"turns":3},{"damage":4,"enemies":"3 Louse","floor":8,"turns":3},{"damage":0,"enemies":"Exordium Wildlife","floor":11,"turns":4},{"damage":6,"enemies":"Blue Slaver","floor":13,"turns":4},{"damage":35,"enemies":"Fading Forest","floor":16,"turns":11},{"damage":5,"enemies":"3 Byrds","floor":18,"turns":4},{"damage":29,"enemies":"Spheric Guardian","floor":20,"turns":4},{"damage":33,"enemies":"Centurion and Healer","floor":22,"turns":6},{"damage":44,"enemies":"Slavers","floor":24,"turns":3},{"damage":2,"enemies":"Snake Plant","floor":29,"turns":5},{"damage":55,"enemies":"Collector","floor":33,"turns":8},{"damage":23,"enemies":"Orb Walker","floor":35,"turns":4},{"damage":6,"enemies":"Mind Bloom Boss Battle","floor":36,"turns":7},{"damage":11,"enemies":"3 Shapes","floor":38,"turns":4},{"damage":31,"enemies":"Writhing Mass","floor":39,"turns":5},{"damage":22,"enemies":"Spire Growth","floor":41,"turns":4},{"damage":14,"enemies":"3 Darklings","floor":42,"turns":3},{"damage":32,"enemies":"Sphere and 2 Shapes","floor":45,"turns":4},{"damage":28,"enemies":"Reptomancer","floor":48,"turns":4},{"damage":39,"enemies":"hubris:GrandSnecko","floor":50,"turns":6}],"seed_played":"-7300666513150322473","potions_obtained":[{"floor":1,"key":"FocusPotion"},{"floor":2,"key":"Poison Potion"},{"floor":11,"key":"Toxic Potion"},{"floor":16,"key":"SteroidPotion"},{"floor":20,"key":"FearPotion"},{"floor":24,"key":"Explosive Potion"},{"floor":41,"key":"Energy Potion"},{"floor":42,"key":"AttackPotion"},{"floor":45,"key":"Regen Potion"},{"floor":48,"key":"Strength Potion"}],"is_trial":false,"path_per_floor":["M","M","?","M","?","E","M","M","T","R","M","R","M","?","R","B",null,"M","$","M","?","M","R","E","R","T","?","$","M","R","?","R","B",null,"M","?","?","M","M","R","M","M","T","R","M","$","R","E","R","B"],"character_chosen":"DEFECT","items_purchased":["strawberrySpire:Disreguard","Barrage+1","aspiration:FetidBarrel"],"campfire_rested":7,"item_purchase_floors":[19,28,46],"current_hp_per_floor":[81,77,77,77,77,20,8,4,4,28,28,40,34,34,34,19,94,89,89,60,60,27,55,11,39,39,70,70,69,69,69,69,17,94,70,67,67,56,26,52,32,19,19,44,14,14,38,11,34,0],"gold":288,"neow_bonus":"TEN_PERCENT_HP_BONUS","is_prod":false,"is_daily":false,"chose_seed":false,"campfire_upgraded":3,"win_rate":0,"timestamp":1551982579,"path_taken":["M","M","?","M","?","E","M","M","T","R","M","R","M","?","R","BOSS","M","$","M","?","M","R","E","R","T","?","?","M","R","?","R","BOSS","M","?","?","M","?","R","M","?","T","R","M","$","R","E","R","BOSS"],"build_version":"2019-01-23","purchased_purges":0,"victory":false,"max_hp_per_floor":[82,82,82,82,82,82,82,82,82,82,82,94,94,94,94,94,94,94,94,94,94,94,94,94,94,94,94,94,94,94,94,94,94,94,93,92,91,90,89,88,87,86,85,84,83,82,81,80,79,78],"card_choices":[{"not_picked":["ReplaySolidLightProjector","Barrage"],"picked":"strawberrySpire:BlasterWyrm","floor":1},{"not_picked":["Darkness","strawberrySpire:DataDump","Melter"],"picked":"SKIP","floor":2},{"not_picked":["Compile Driver","Sweeping Beam","strawberrySpire:GearCrunch"],"picked":"SKIP","floor":4},{"not_picked":["strawberrySpire:Disconnect","Coolheaded"],"picked":"strawberrySpire:Ronchyble","floor":6},{"not_picked":["Coolheaded","Cold Snap"],"picked":"Sweeping Beam","floor":7},{"not_picked":["ReplayGash","strawberrySpire:BreederCore","strawberrySpire:DataDump"],"picked":"SKIP","floor":8},{"not_picked":["strawberrySpire:GearCrunch","ReplayTheSpireMod:GoodbyeWorld","ReplayTheSpireMod:Calculation Training"],"picked":"SKIP","floor":11},{"not_picked":["strawberrySpire:Disconnect+1","Tempest","strawberrySpire:Adapter"],"picked":"SKIP","floor":13},{"not_picked":["Core Surge+1","Machine Learning"],"picked":"ReplayTheSpireMod:Omega Cannon+1","floor":16},{"not_picked":["Chill","Gash+1"],"picked":"DiskWipe","floor":18},{"not_picked":["Heatsinks","strawberrySpire:Disconnect+1","BasicCrystalCard"],"picked":"SKIP","floor":20},{"not_picked":["strawberrySpire:Adapter","Gash+1","Compile Driver+1"],"picked":"SKIP","floor":22},{"not_picked":["strawberrySpire:HateBit+1","Rebound+1","Cold Snap+1"],"picked":"SKIP","floor":24},{"not_picked":["ReplayTheSpireMod:GoodbyeWorld","Undo+1"],"picked":"Sweeping Beam+1","floor":29},{"not_picked":["Barrage+1","Compile Driver+1"],"picked":"FTL+1","floor":35},{"not_picked":["Steam","Stack+1","White Noise"],"picked":"SKIP","floor":38},{"not_picked":["Conserve Battery","Stack+1","strawberrySpire:HateBit+1"],"picked":"SKIP","floor":39},{"not_picked":["Panic Button","hubris:DoWhile","strawberrySpire:DataDump+1"],"picked":"SKIP","floor":41},{"not_picked":["strawberrySpire:DataDump+1","Recycle","Sweeping Beam+1"],"picked":"SKIP","floor":42},{"not_picked":["White Noise+1","Redo","Compile Driver+1"],"picked":"SKIP","floor":45},{"not_picked":["Chaos+1","Stack+1"],"picked":"ReplayTheSpireMod:Dual Polarity+1","floor":48}],"player_experience":727059,"relics_obtained":[{"floor":6,"key":"Potion Belt"},{"floor":9,"key":"Molten Egg 2"},{"floor":12,"key":"strawberrySpire:Starfruit"},{"floor":24,"key":"aspiration:SeaSaltIceCream"},{"floor":26,"key":"Pocketwatch"},{"floor":36,"key":"strawberrySpire:ThornyGelberry"},{"floor":43,"key":"hubris:Reverence"},{"floor":48,"key":"Garlic"}],"event_choices":[{"damage_healed":0,"gold_gain":0,"player_choice":"Ignored","damage_taken":0,"max_hp_gain":0,"max_hp_loss":0,"event_name":"Liars Game","floor":3,"gold_loss":0},{"damage_healed":0,"gold_gain":0,"player_choice":"Forge","damage_taken":0,"max_hp_gain":0,"max_hp_loss":0,"event_name":"Accursed Blacksmith","floor":14,"gold_loss":0,"cards_upgraded":["strawberrySpire:Ronchyble"]},{"cards_removed":["Strike_B"],"damage_healed":0,"gold_gain":0,"player_choice":"Gave Gold","damage_taken":0,"max_hp_gain":0,"max_hp_loss":0,"event_name":"Beggar","floor":21,"gold_loss":75},{"damage_healed":31,"gold_gain":0,"player_choice":"Heal","damage_taken":0,"max_hp_gain":0,"max_hp_loss":0,"event_name":"The Library","floor":27,"gold_loss":0},{"damage_healed":0,"gold_gain":0,"player_choice":"Ignored","damage_taken":0,"max_hp_gain":0,"max_hp_loss":0,"event_name":"Cursed Tome","floor":31,"gold_loss":0},{"damage_healed":0,"gold_gain":0,"player_choice":"Fight","damage_taken":0,"max_hp_gain":0,"max_hp_loss":0,"event_name":"MindBloom","floor":36,"gold_loss":0}],"is_beta":false,"boss_relics":[{"not_picked":["hubris:HollowSoul","hubris:Backtick"],"picked":"strawberrySpire:Dictionifier"},{"not_picked":["Painkiller Herb","hubris:CrackedHourglass"],"picked":"strawberrySpire:RottenAvocado"}],"items_purged_floors":[],"is_endless":false,"potions_floor_spawned":[1,2,11,16,20,22,24,41,42,45,48],"killed_by":"hubris:GrandSnecko","ascension_level":0}