{"gold_per_floor":[114,129,146,125,125,125,50,65,65,78,78,93,93,110,110,110],"floor_reached":16,"playtime":605,"items_purged":["Strike_R"],"score":96,"play_id":"130ff902-e59a-4de9-8fb0-71999e8e84f4","local_time":"20190914143311","is_ascension_mode":false,"campfire_choices":[{"data":"Shrug It Off","floor":6,"key":"SMITH"},{"data":"Body Slam","floor":15,"key":"SMITH"}],"neow_cost":"NONE","seed_source_timestamp":2456137371622900,"circlet_count":0,"master_deck":["Strike_R","Strike_R","Strike_R","Strike_R","Defend_R","Defend_R","Defend_R","Defend_R","Bash","Shrug It Off+1","Body Slam+1"],"relics":["Coffee Dripper"],"potions_floor_usage":[13,14,16,16],"damage_taken":[{"damage":4,"enemies":"Jaw Worm","floor":1,"turns":4},{"damage":0,"enemies":"Small Slimes","floor":2,"turns":3},{"damage":2,"enemies":"2 Louse","floor":3,"turns":2},{"damage":12,"enemies":"Exordium Thugs","floor":8,"turns":6},{"damage":13,"enemies":"3 Louse","floor":10,"turns":4},{"damage":0,"enemies":"Looter","floor":12,"turns":3},{"damage":0,"enemies":"Gremlin Gang","floor":13,"turns":1},{"damage":3,"enemies":"Exordium Thugs","floor":14,"turns":7},{"damage":51,"enemies":"Slime Boss","floor":16,"turns":12}],"seed_played":"6209280788734853448","potions_obtained":[{"floor":2,"key":"Poison Potion"},{"floor":3,"key":"Dexterity Potion"},{"floor":12,"key":"SmokeBomb"},{"floor":14,"key":"EssenceOfSteel"}],"is_trial":false,"path_per_floor":["M","M","M","?","?","R","$","M","T","M","$","M","M","M","R","B"],"character_chosen":"IRONCLAD","items_purchased":[],"campfire_rested":0,"item_purchase_floors":[],"current_hp_per_floor":[76,76,74,74,74,74,74,62,62,49,49,49,49,46,46,0],"gold":110,"neow_bonus":"BOSS_RELIC","is_prod":false,"is_daily":false,"chose_seed":false,"campfire_upgraded":2,"win_rate":0,"timestamp":1568485991,"path_taken":["M","M","M","?","?","R","$","M","T","?","$","M","M","M","R","BOSS"],"build_version":"2019-07-17","purchased_purges":1,"victory":false,"max_hp_per_floor":[80,80,80,80,80,80,80,80,80,80,80,80,80,80,80,80],"card_choices":[{"not_picked":["Perfected Strike","Anger","Sentinel"],"picked":"SKIP","floor":1},{"not_picked":["Battle Trance","Warcry","Shrug It Off"],"picked":"SKIP","floor":2},{"not_picked":["Sword Boomerang","Warcry"],"picked":"Shrug It Off","floor":3},{"not_picked":["Brutality","Perfected Strike","Iron Wave"],"picked":"SKIP","floor":8},{"not_picked":["Carnage","Pommel Strike","Perfected Strike"],"picked":"SKIP","floor":10},{"not_picked":["Havoc","Shockwave","Searing Blow"],"picked":"SKIP","floor":12},{"not_picked":["Power Through","Heavy Blade"],"picked":"Body Slam","floor":14}],"player_experience":449760,"relics_obtained":[],"event_choices":[{"damage_healed":0,"gold_gain":0,"player_choice":"Left Gold","damage_taken":0,"max_hp_gain":0,"max_hp_loss":0,"event_name":"World of Goop","floor":4,"gold_loss":21},{"damage_healed":0,"gold_gain":0,"player_choice":"Ignored","damage_taken":0,"max_hp_gain":0,"max_hp_loss":0,"event_name":"Liars Game","floor":5,"gold_loss":0}],"is_beta":false,"boss_relics":[],"items_purged_floors":[7],"is_endless":false,"potions_floor_spawned":[2,3,12,14],"killed_by":"Slime Boss","ascension_level":0}