{"path_per_floor":["M","?","?","M","M","E","R","M","T","?","?","M","R","M","R","B",null,"M","?","M","M"],"character_chosen":"DEFECT","items_purchased":[],"gold_per_floor":[116,116,81,97,117,161,161,184,184,184,184,208,208,221,221,347,347,370,370,385,401,401],"floor_reached":22,"campfire_rested":0,"playtime":655,"current_hp_per_floor":[75,57,75,75,75,50,50,57,57,50,50,46,46,46,46,16,75,58,58,29,13,0],"items_purged":[],"gold":401,"score":188,"play_id":"917fc0a4-6b89-4351-bb97-81c3a444a216","local_time":"20180508214835","is_prod":false,"is_daily":false,"chose_seed":false,"is_ascension_mode":false,"campfire_upgraded":3,"timestamp":1525830515,"path_taken":["M","?","?","?","?","E","R","?","T","?","?","M","R","M","R","BOSS","M","?","M","M","M"],"build_version":"2018-05-07","seed_source_timestamp":606384078863232,"purchased_purges":0,"victory":false,"master_deck":["Strike_B","Strike_B","Defend_B","Defend_B","Defend_B","Defend_B","Zap+1","Dualcast+1","Rip and Tear+1","Cold Snap","Cold Snap","Self Repair","Sweeping Beam","Impulse","Creative AI","Ball Lightning","Leap","Lockon+1","Cold Snap"],"max_hp_per_floor":[75,75,75,75,75,75,75,75,75,75,75,75,75,75,75,75,75,75,75,75,75,75],"relics":["Cracked Core","NeowsBlessing","Golden Idol","Gremlin Horn","Question Card","Philosopher\u0027s Stone"],"card_choices":[{"not_picked":["Impulse","Stack"],"picked":"Rip and Tear","floor":1},{"not_picked":["Axe Kick","Skim"],"picked":"Cold Snap","floor":4},{"not_picked":["Streamline","Capacitor"],"picked":"Cold Snap","floor":5},{"not_picked":["Fission","Stack"],"picked":"Self Repair","floor":6},{"not_picked":["Double Energy","Turbo","Lockon"],"picked":"Sweeping Beam","floor":12},{"not_picked":["Sweeping Beam","Force Field","Capacitor"],"picked":"Impulse","floor":14},{"not_picked":["All For One","Hyperbeam","Fusion"],"picked":"Creative AI","floor":16},{"not_picked":["Tempest","Skim","Coolheaded"],"picked":"Ball Lightning","floor":18},{"not_picked":["Auto Shields","Skim","Coolheaded"],"picked":"Lockon","floor":20},{"not_picked":["Scrape","Rebound","Hologram"],"picked":"Cold Snap","floor":21}],"player_experience":431599,"potions_floor_usage":[6,6,20],"damage_taken":[{"damage":0,"enemies":"2 Louse","floor":1,"turns":1},{"damage":0,"enemies":"Small Slimes","floor":4,"turns":1},{"damage":0,"enemies":"Jaw Worm","floor":5,"turns":1},{"damage":25,"enemies":"Lagavulin","floor":6,"turns":4},{"damage":0,"enemies":"3 Louse","floor":8,"turns":4},{"damage":11,"enemies":"Exordium Thugs","floor":12,"turns":3},{"damage":0,"enemies":"Lots of Slimes","floor":14,"turns":1},{"damage":37,"enemies":"Hexaghost","floor":16,"turns":12},{"damage":24,"enemies":"Shell Parasite","floor":18,"turns":4},{"damage":36,"enemies":"2 Thieves","floor":20,"turns":4},{"damage":39,"enemies":"3 Cultists","floor":21,"turns":6},{"damage":26,"enemies":"Cultist and Chosen","floor":22,"turns":3}],"event_choices":[{"event_name":"Golden Idol","player_choice":"Take Damage","floor":2,"damage_taken":0},{"event_name":"The Cleric","player_choice":"Healed","floor":3,"damage_taken":0},{"event_name":"Golden Wing","player_choice":"Card Removal","floor":10,"damage_taken":0},{"event_name":"The Woman in Blue","player_choice":"Bought 0 Potions","floor":11,"damage_taken":0},{"event_name":"Transmorgrifier","player_choice":"Transform","floor":19,"damage_taken":0}],"boss_relics":[{"not_picked":["Pandora\u0027s Box","Tiny House"],"picked":"Philosopher\u0027s Stone"}],"potions_floor_spawned":[4,5,6,14],"seed_played":"2083039927513823702","killed_by":"Cultist and Chosen","ascension_level":0,"is_trial":false}