{"gold_per_floor":[365,365,382,382,235,235,235,254,254,169,169,196,121,132,132,237,237,249,249,249,259,459,459,472,472,472,472,487,314,328,348,348,448,448,458,233,244,255,275,275,285,285,285,185,200,107,107,122,122,122],"floor_reached":51,"playtime":1798,"items_purged":["Gash","Gash"],"score":1042,"play_id":"da7588c2-a98d-4c75-9b65-cbf7014d41ef","local_time":"20190910232755","is_ascension_mode":true,"campfire_choices":[{"data":"Zap","floor":6.0,"key":"SMITH"},{"data":"Sunder","floor":11.0,"key":"SMITH"},{"floor":15.0,"key":"REST"},{"data":"Defragment","floor":23.0,"key":"SMITH"},{"floor":25.0,"key":"REST"},{"data":"Biased Cognition","floor":27.0,"key":"SMITH"},{"floor":32.0,"key":"REST"},{"floor":40.0,"key":"REST"},{"floor":42.0,"key":"REST"},{"floor":49.0,"key":"REST"}],"neow_cost":"PERCENT_DAMAGE","seed_source_timestamp":678260790800400,"circlet_count":0,"master_deck":["AscendersBane","Strike_B","Strike_B","Defend_B","Defend_B","Defend_B","Zap+1","Dualcast","Beam Cell","Leap","Sunder+1","Flash of Steel","Sweeping Beam","Defragment+1","Coolheaded","Rainbow","Biased Cognition+1","Reboot","Double Energy+1","Apotheosis","BootSequence","All For One","Undo","Undo","Mind Blast"],"special_seed":0,"relics":["Cracked Core","Toy Ornithopter","Pen Nib","Gremlin Horn","Ancient Tea Set","Snecko Eye","Frozen Egg 2","Fusion Hammer","Vajra","Meat on the Bone"],"potions_floor_usage":[50,50],"damage_taken":[{"damage":0.0,"enemies":"Small Slimes","floor":1.0,"turns":3.0},{"damage":1.0,"enemies":"2 Louse","floor":3.0,"turns":2.0},{"damage":0.0,"enemies":"Jaw Worm","floor":8.0,"turns":2.0},{"damage":16.0,"enemies":"Gremlin Nob","floor":12.0,"turns":3.0},{"damage":1.0,"enemies":"Looter","floor":14.0,"turns":3.0},{"damage":40.0,"enemies":"Slime Boss","floor":16.0,"turns":7.0},{"damage":1.0,"enemies":"2 Thieves","floor":18.0,"turns":3.0},{"damage":10.0,"enemies":"Shell Parasite","floor":21.0,"turns":2.0},{"damage":27.0,"enemies":"Snake Plant","floor":24.0,"turns":3.0},{"damage":4.0,"enemies":"Snecko","floor":28.0,"turns":3.0},{"damage":18.0,"enemies":"Shelled Parasite and Fungi","floor":30.0,"turns":6.0},{"damage":1.0,"enemies":"Chosen and Byrds","floor":31.0,"turns":5.0},{"damage":59.0,"enemies":"Collector","floor":33.0,"turns":8.0},{"damage":21.0,"enemies":"3 Darklings","floor":35.0,"turns":5.0},{"damage":1.0,"enemies":"Orb Walker","floor":37.0,"turns":3.0},{"damage":0.0,"enemies":"Transient","floor":38.0,"turns":5.0},{"damage":4.0,"enemies":"3 Darklings","floor":39.0,"turns":5.0},{"damage":12.0,"enemies":"4 Shapes","floor":41.0,"turns":5.0},{"damage":5.0,"enemies":"Sphere and 2 Shapes","floor":45.0,"turns":4.0},{"damage":1.0,"enemies":"Maw","floor":48.0,"turns":5.0},{"damage":38,"enemies":"Time Eater","floor":50,"turns":11}],"seed_played":"-8232978271760649175","potions_obtained":[{"floor":3.0,"key":"Energy Potion"},{"floor":12.0,"key":"FearPotion"},{"floor":18.0,"key":"Ancient Potion"},{"floor":28.0,"key":"EssenceOfSteel"},{"floor":33.0,"key":"Weak Potion"},{"floor":37.0,"key":"Strength Potion"}],"is_trial":false,"path_per_floor":["M","?","M","?","$","R","?","M","T","$","R","E","$","M","R","B",null,"M","?","$","M","?","R","M","R","T","R","M","$","M","M","R","B",null,"M","$","M","M","M","R","M","R","T","$","M","$","$","M","R","B",null],"character_chosen":"DEFECT","items_purchased":["Pen Nib","Flash of Steel","Defragment","Apotheosis","Vajra","Mind Blast"],"campfire_rested":6,"item_purchase_floors":[5,10,13,29,36,46],"current_hp_per_floor":[50,50,49,46,46,46,51,51,51,51,51,35,35,34,58,23,66,65,65,65,60,60,60,33,57,57,57,53,53,40,44,68,9,62,41,41,40,40,36,60,48,72,72,72,67,67,67,66,80,42],"gold":122,"neow_bonus":"TWO_FIFTY_GOLD","is_prod":false,"is_daily":false,"chose_seed":false,"campfire_upgraded":4,"win_rate":0,"timestamp":1568176075,"path_taken":["M","?","M","?","$","R","?","M","T","?","R","E","$","M","R","BOSS","M","?","$","M","?","R","M","R","T","R","M","$","M","M","R","BOSS","M","$","M","M","M","R","?","R","T","$","M","?","$","M","R","BOSS"],"build_version":"2019-09-09","purchased_purges":2,"victory":true,"max_hp_per_floor":[75,75,75,75,75,75,80,80,80,80,80,80,80,80,80,80,80,80,80,80,80,80,80,80,80,80,80,80,80,80,80,80,80,80,80,80,80,80,80,80,80,80,80,80,80,80,80,80,80,80],"card_choices":[{"not_picked":["Conserve Battery","Recycle"],"picked":"Beam Cell","floor":1.0},{"not_picked":["Double Energy","Turbo"],"picked":"Leap","floor":3.0},{"not_picked":["Rebound","Redo"],"picked":"Sunder","floor":8.0},{"not_picked":["Turbo","Capacitor"],"picked":"Sweeping Beam","floor":12.0},{"not_picked":["Beam Cell","Barrage"],"picked":"Coolheaded","floor":14.0},{"not_picked":["Creative AI","Reboot"],"picked":"Rainbow","floor":16.0},{"not_picked":["Static Discharge","Reinforced Body"],"picked":"Gash","floor":18.0},{"not_picked":["Beam Cell","Tempest"],"picked":"Double Energy+1","floor":21.0},{"not_picked":["Sweeping Beam+1","Scrape+1","Turbo"],"picked":"SKIP","floor":24.0},{"not_picked":["Gash","Storm+1","Compile Driver+1"],"picked":"SKIP","floor":28.0},{"not_picked":["Conserve Battery+1","Sweeping Beam","Auto Shields"],"picked":"SKIP","floor":30.0},{"not_picked":["Steam","Storm+1"],"picked":"BootSequence","floor":31.0},{"not_picked":["Amplify","Multi-Cast"],"picked":"All For One","floor":33.0},{"not_picked":["Chaos","Stack"],"picked":"Undo","floor":35.0},{"not_picked":["Coolheaded","Streamline","Rebound+1"],"picked":"SKIP","floor":37.0},{"not_picked":["Compile Driver+1","Ball Lightning+1"],"picked":"Undo","floor":38.0},{"not_picked":["Steam","Go for the Eyes","Conserve Battery+1"],"picked":"SKIP","floor":39.0},{"not_picked":["Defragment+1","Blizzard","Redo"],"picked":"SKIP","floor":41.0},{"not_picked":["Storm+1","Static Discharge+1","Steam+1"],"picked":"SKIP","floor":45.0},{"not_picked":["Steam+1","Beam Cell","Amplify"],"picked":"SKIP","floor":48.0}],"player_experience":1276581,"relics_obtained":[{"floor":9.0,"key":"Gremlin Horn"},{"floor":12.0,"key":"Ancient Tea Set"},{"floor":26.0,"key":"Frozen Egg 2"},{"floor":43.0,"key":"Meat on the Bone"}],"event_choices":[{"damage_healed":0.0,"max_hp_gain":0.0,"max_hp_loss":0.0,"gold_gain":0.0,"cards_transformed":["Strike_B"],"event_name":"Living Wall","player_choice":"Change","floor":2.0,"gold_loss":0.0,"damage_taken":0.0,"cards_obtained":["Gash"]},{"damage_healed":0.0,"max_hp_gain":0.0,"max_hp_loss":0.0,"gold_gain":0.0,"event_name":"Scrap Ooze","player_choice":"Success","floor":4.0,"gold_loss":0.0,"damage_taken":3.0,"relics_obtained":["Toy Ornithopter"]},{"damage_healed":0.0,"max_hp_gain":5.0,"max_hp_loss":0.0,"gold_gain":0.0,"event_name":"Big Fish","player_choice":"Donut","floor":7.0,"gold_loss":0.0,"damage_taken":0.0},{"damage_healed":0.0,"max_hp_gain":0.0,"max_hp_loss":0.0,"gold_gain":0.0,"cards_transformed":["Strike_B","Defend_B"],"event_name":"Drug Dealer","player_choice":"Became Test Subject","floor":19.0,"gold_loss":0.0,"damage_taken":0.0,"cards_obtained":["Biased Cognition","Reboot"]},{"damage_healed":0.0,"max_hp_gain":0.0,"max_hp_loss":0.0,"gold_gain":250.0,"event_name":"The Joust","player_choice":"Bet on Owner","floor":22.0,"gold_loss":50.0,"damage_taken":0.0}],"is_beta":true,"boss_relics":[{"not_picked":["Empty Cage","FrozenCore"],"picked":"Snecko Eye"},{"not_picked":["Coffee Dripper","Philosopher\u0027s Stone"],"picked":"Fusion Hammer"}],"items_purged_floors":[36,44],"is_endless":false,"potions_floor_spawned":[3,12,14,18,28,33,37,48],"ascension_level":11}