{"gold_per_floor":[218,22,97,97,109,134,134,164,210,210,222,172,172,20,20,97,97,114,132,132,144,18,18,53,53,53,53,72,99,109,120,120,197,197,214,214,314,326,326,326,336,336],"floor_reached":42,"playtime":3779,"items_purged":["Strike_R","Defend_R"],"score":840,"play_id":"e03a15ea-3c5c-4448-bb89-096510c41298","local_time":"20190906110415","is_ascension_mode":true,"campfire_choices":[{"data":"Combust","floor":7.0,"key":"SMITH"},{"data":"Inflame","floor":10.0,"key":"SMITH"},{"data":"Rupture","floor":13.0,"key":"SMITH"},{"data":"Metallicize","floor":15.0,"key":"SMITH"},{"data":"True Grit","floor":23.0,"key":"SMITH"},{"data":"Iron Wave","floor":25.0,"key":"SMITH"},{"floor":27.0,"key":"REST"},{"floor":32.0,"key":"REST"},{"data":"Battle Trance","floor":40,"key":"SMITH"}],"neow_cost":"NONE","seed_source_timestamp":1196349026706852,"circlet_count":0,"master_deck":["AscendersBane","Strike_R","Strike_R","Defend_R","Defend_R","Defend_R","Bash+1","Iron Wave+1","Combust+1","Metallicize+1","Inflame+1","Rupture+1","Offering","True Grit+1","Dual Wield","Seeing Red","Shrug It Off","Battle Trance+1","Pummel","Sword Boomerang","Juggernaut","Demon Form","Headbutt+1","Sentinel","Uppercut+1"],"special_seed":0,"relics":["Burning Blood","Vajra","Bag of Preparation","Oddly Smooth Stone","Bag of Marbles","Sozu","Mercury Hourglass","Kunai","Juzu Bracelet","Runic Dome","Unceasing Top"],"potions_floor_usage":[],"damage_taken":[{"damage":1.0,"enemies":"Cultist","floor":1.0,"turns":3.0},{"damage":8.0,"enemies":"2 Louse","floor":5.0,"turns":3.0},{"damage":42.0,"enemies":"Lagavulin","floor":6.0,"turns":8.0},{"damage":18.0,"enemies":"3 Sentries","floor":8.0,"turns":6.0},{"damage":2.0,"enemies":"Jaw Worm","floor":11.0,"turns":4.0},{"damage":6.0,"enemies":"Slime Boss","floor":16.0,"turns":7.0},{"damage":14.0,"enemies":"2 Thieves","floor":18.0,"turns":3.0},{"damage":8.0,"enemies":"Spheric Guardian","floor":19.0,"turns":3.0},{"damage":11.0,"enemies":"Cultist and Chosen","floor":21.0,"turns":5.0},{"damage":27.0,"enemies":"Gremlin Leader","floor":24.0,"turns":6.0},{"damage":4.0,"enemies":"Centurion and Healer","floor":28.0,"turns":5.0},{"damage":15.0,"enemies":"Book of Stabbing","floor":29.0,"turns":5.0},{"damage":8.0,"enemies":"3 Cultists","floor":30.0,"turns":3.0},{"damage":7.0,"enemies":"Snake Plant","floor":31.0,"turns":2.0},{"damage":57.0,"enemies":"Automaton","floor":33.0,"turns":8.0},{"damage":15.0,"enemies":"3 Shapes","floor":35.0,"turns":3.0},{"damage":3.0,"enemies":"Mind Bloom Boss Battle","floor":37.0,"turns":4.0},{"damage":0,"enemies":"Orb Walker","floor":38,"turns":1},{"damage":38,"enemies":"Maw","floor":41,"turns":5},{"damage":34,"enemies":"Reptomancer","floor":42,"turns":3}],"seed_played":"-2121893166967828820","potions_obtained":[{"floor":5.0,"key":"EntropicBrew"}],"is_trial":false,"path_per_floor":["M","$","?","?","M","E","R","E","T","R","M","?","R","$","R","B",null,"M","M","?","M","$","R","E","R","T","R","M","E","M","M","R","B",null,"M","?","?","M","?","R","M","E"],"character_chosen":"IRONCLAD","items_purchased":["Block Potion","Combust","Bag of Marbles","Shrug It Off"],"campfire_rested":2,"item_purchase_floors":[2,2,14,22],"current_hp_per_floor":[73,73,62,62,60,24,24,12,12,12,16,16,16,16,16,16,60,52,50,50,45,45,45,24,24,24,46,48,39,37,36,58,7,58,49,49,52,58,58,58,26,0],"gold":336,"neow_bonus":"HUNDRED_GOLD","is_prod":false,"is_daily":false,"chose_seed":false,"campfire_upgraded":7,"win_rate":0,"timestamp":1567793055,"path_taken":["M","$","?","?","?","E","R","E","T","R","M","?","R","?","R","BOSS","M","M","?","?","?","R","E","R","T","R","?","E","M","M","R","BOSS","M","?","?","M","?","R","M","E"],"build_version":"2019-07-17","purchased_purges":2,"victory":false,"max_hp_per_floor":[75,75,75,75,75,75,75,75,75,75,75,75,75,75,75,75,75,75,75,75,75,75,75,75,75,75,75,75,75,75,75,75,75,75,75,75,75,75,75,75,75,75],"card_choices":[{"not_picked":["Reckless Charge","Perfected Strike"],"picked":"Iron Wave","floor":1.0},{"not_picked":["Iron Wave","Thunderclap","Body Slam"],"picked":"SKIP","floor":5.0},{"not_picked":["Clash","Blood for Blood"],"picked":"Metallicize","floor":6.0},{"not_picked":["Sentinel","Twin Strike"],"picked":"Inflame","floor":8.0},{"not_picked":["Entrench","Iron Wave"],"picked":"Rupture","floor":11.0},{"not_picked":["Barricade","Bludgeon"],"picked":"Offering","floor":16.0},{"not_picked":["Sentinel","Havoc"],"picked":"True Grit","floor":18.0},{"not_picked":["Perfected Strike","Blood for Blood"],"picked":"Dual Wield","floor":19.0},{"not_picked":["Seeing Red","Havoc","Body Slam"],"picked":"SKIP","floor":21.0},{"not_picked":["Twin Strike","Offering"],"picked":"Battle Trance","floor":24.0},{"not_picked":["Flex","True Grit","Perfected Strike"],"picked":"SKIP","floor":28.0},{"not_picked":["Flex","Perfected Strike"],"picked":"Pummel","floor":29.0},{"not_picked":["Havoc","Clash"],"picked":"Sword Boomerang","floor":30.0},{"not_picked":["Carnage","Pommel Strike"],"picked":"Juggernaut","floor":31.0},{"not_picked":["Offering","Juggernaut"],"picked":"Demon Form","floor":33.0},{"not_picked":["Pommel Strike","Clothesline"],"picked":"Headbutt+1","floor":35.0},{"not_picked":["Cleave","Twin Strike"],"picked":"Sentinel","floor":38},{"not_picked":["Flex","Shrug It Off"],"picked":"Uppercut+1","floor":41}],"player_experience":903711,"relics_obtained":[{"floor":6.0,"key":"Vajra"},{"floor":8.0,"key":"Bag of Preparation"},{"floor":9.0,"key":"Oddly Smooth Stone"},{"floor":24.0,"key":"Mercury Hourglass"},{"floor":26.0,"key":"Kunai"},{"floor":29.0,"key":"Juzu Bracelet"},{"floor":37.0,"key":"Unceasing Top"}],"event_choices":[{"damage_healed":0.0,"max_hp_gain":0.0,"max_hp_loss":0.0,"gold_gain":75.0,"event_name":"World of Goop","player_choice":"Gather Gold","floor":3.0,"gold_loss":0.0,"damage_taken":11.0},{"damage_healed":0.0,"max_hp_gain":0.0,"max_hp_loss":0.0,"gold_gain":0.0,"event_name":"Living Wall","player_choice":"Grow","floor":4.0,"gold_loss":0.0,"damage_taken":0.0,"cards_upgraded":["Bash"]},{"cards_removed":["Strike_R"],"damage_healed":0.0,"max_hp_gain":0.0,"max_hp_loss":0.0,"gold_gain":0.0,"event_name":"The Cleric","player_choice":"Card Removal","floor":12.0,"gold_loss":50.0,"damage_taken":0.0},{"damage_healed":0.0,"max_hp_gain":0.0,"max_hp_loss":0.0,"gold_gain":0.0,"cards_transformed":["Strike_R"],"event_name":"Transmorgrifier","player_choice":"Transformed","floor":20.0,"gold_loss":0.0,"damage_taken":0.0,"cards_obtained":["Seeing Red"]},{"damage_healed":0.0,"max_hp_gain":0.0,"max_hp_loss":0.0,"gold_gain":0.0,"event_name":"The Woman in Blue","player_choice":"Bought 0 Potions","floor":36.0,"gold_loss":0.0,"damage_taken":0.0},{"damage_healed":0.0,"max_hp_gain":0.0,"max_hp_loss":0.0,"gold_gain":0.0,"event_name":"MindBloom","player_choice":"Fight","floor":37.0,"gold_loss":0.0,"damage_taken":0.0},{"damage_healed":0,"gold_gain":0,"player_choice":"Ignored","damage_taken":0,"max_hp_gain":0,"max_hp_loss":0,"event_name":"Tomb of Lord Red Mask","floor":39,"gold_loss":0}],"is_beta":false,"boss_relics":[{"not_picked":["Pandora\u0027s Box","Runic Pyramid"],"picked":"Sozu"},{"not_picked":["Orrery","Calling Bell"],"picked":"Runic Dome"}],"items_purged_floors":[2,22],"is_endless":false,"potions_floor_spawned":[5,11,24,29,30,31,37],"killed_by":"Reptomancer","ascension_level":14}