{"gold_per_floor":[113,126,8,8,8,8,8,38,61,94,269,303,313,313,313,410,410,423,433,445,68,68,68,99,99],"floor_reached":25,"playtime":1740,"items_purged":[],"score":275,"play_id":"08d92f9a-3bec-4bac-8c86-8bc21eb7d57b","local_time":"20190913034048","is_ascension_mode":true,"campfire_choices":[{"data":"Dagger Spray","floor":6,"key":"SMITH"},{"floor":15,"key":"REST"},{"floor":23,"key":"REST"}],"neow_cost":"NONE","seed_source_timestamp":56174042110500,"circlet_count":0,"master_deck":["Strike_G","Strike_G","Strike_G","Strike_G","Strike_G","Defend_G","Defend_G","Defend_G","Defend_G","Defend_G","Survivor","Neutralize","Dagger Spray+1","Sucker Punch","Leg Sweep","Acrobatics","Bouncing Flask","Endless Agony+1","Predator+1","Backflip","A Thousand Cuts","Flying Knee+1","Choke+1","Dash+1","Caltrops","Backflip","Bouncing Flask","Endless Agony+1","Decay","Pain","Dagger Spray+1"],"relics":["Ring of the Snake","NeowsBlessing","Molten Egg 2","Bag of Preparation","Bottled Lightning","Ninja Scroll","Sundial","Snecko Eye","PreservedInsect","Matryoshka"],"potions_floor_usage":[12,19,19,20,20],"damage_taken":[{"damage":0,"enemies":"Cultist","floor":1,"turns":1},{"damage":0,"enemies":"2 Louse","floor":2,"turns":1},{"damage":0,"enemies":"Lagavulin","floor":8,"turns":1},{"damage":19,"enemies":"3 Sentries","floor":10,"turns":8},{"damage":15,"enemies":"Lagavulin","floor":12,"turns":6},{"damage":0,"enemies":"Small Slimes","floor":13,"turns":2},{"damage":32,"enemies":"Hexaghost","floor":16,"turns":13},{"damage":19,"enemies":"Shell Parasite","floor":18,"turns":8},{"damage":27,"enemies":"2 Thieves","floor":19,"turns":3},{"damage":25,"enemies":"Snake Plant","floor":20,"turns":5},{"damage":33,"enemies":"Book of Stabbing","floor":24,"turns":3},{"damage":2,"enemies":"Centurion and Healer","floor":25,"turns":2}],"seed_played":"6224401854991437105","potions_obtained":[{"floor":8,"key":"SteroidPotion"},{"floor":13,"key":"Swift Potion"},{"floor":16,"key":"AttackPotion"},{"floor":18,"key":"Poison Potion"},{"floor":19,"key":"Regen Potion"},{"floor":24,"key":"LiquidBronze"}],"is_trial":false,"path_per_floor":["M","M","$","?","$","R","$","E","T","E","?","E","M","?","R","B",null,"M","M","M","$","?","R","E","M"],"character_chosen":"THE_SILENT","items_purchased":["Leg Sweep","Dash","Caltrops","Backflip","PreservedInsect","Bouncing Flask","Endless Agony+1"],"campfire_rested":2,"item_purchase_floors":[3,3,21,21,21,21,21],"current_hp_per_floor":[70,70,70,70,70,70,70,70,70,51,51,36,36,36,57,25,70,51,24,14,14,14,35,2,0],"gold":99,"neow_bonus":"THREE_ENEMY_KILL","is_prod":false,"is_daily":false,"chose_seed":false,"campfire_upgraded":1,"win_rate":0,"timestamp":1568338848,"path_taken":["M","M","$","?","$","R","$","E","T","E","?","E","M","?","R","BOSS","M","M","M","$","?","R","E","M"],"build_version":"2019-07-17","purchased_purges":0,"victory":false,"max_hp_per_floor":[70,70,70,70,70,70,70,70,70,70,70,70,70,70,70,70,70,70,70,70,70,70,70,70,70],"card_choices":[{"not_picked":["Bane","Bouncing Flask"],"picked":"Dagger Spray","floor":1},{"not_picked":["Underhanded Strike","Reflex"],"picked":"Sucker Punch","floor":2},{"not_picked":["Distraction","Bane"],"picked":"Bouncing Flask","floor":8},{"not_picked":["Night Terror","Cloak And Dagger"],"picked":"Endless Agony+1","floor":10},{"not_picked":["PiercingWail","Storm of Steel"],"picked":"Predator+1","floor":12},{"not_picked":["Blade Dance","Dagger Spray+1"],"picked":"Backflip","floor":13},{"not_picked":["Malaise","Envenom"],"picked":"A Thousand Cuts","floor":16},{"not_picked":["Crippling Poison","Distraction+1"],"picked":"Flying Knee+1","floor":18},{"not_picked":["Dodge and Roll","Cloak And Dagger+1"],"picked":"Choke+1","floor":19},{"not_picked":["Blade Dance+1","Distraction"],"picked":"Dash+1","floor":20},{"not_picked":["Heel Hook+1","Infinite Blades+1"],"picked":"Dagger Spray+1","floor":24}],"player_experience":78872,"relics_obtained":[{"floor":8,"key":"Molten Egg 2"},{"floor":9,"key":"Bag of Preparation"},{"floor":10,"key":"Bottled Lightning"},{"floor":12,"key":"Ninja Scroll"},{"floor":24,"key":"Matryoshka"}],"event_choices":[{"damage_healed":0,"gold_gain":0,"cards_transformed":["Dash"],"player_choice":"Change","damage_taken":0,"max_hp_gain":0,"max_hp_loss":0,"event_name":"Living Wall","floor":4,"gold_loss":0,"cards_obtained":["Acrobatics"]},{"damage_healed":0,"gold_gain":175,"player_choice":"AGREE","damage_taken":0,"max_hp_gain":0,"max_hp_loss":0,"event_name":"Liars Game","floor":11,"gold_loss":0,"cards_obtained":["Doubt"]},{"damage_healed":0,"gold_gain":0,"player_choice":"Box","damage_taken":0,"relics_obtained":["Sundial"],"max_hp_gain":0,"max_hp_loss":0,"event_name":"Big Fish","floor":14,"gold_loss":0,"cards_obtained":["Regret"]},{"damage_healed":0,"gold_gain":0,"cards_transformed":["Doubt","Regret"],"player_choice":"Became Test Subject","damage_taken":0,"max_hp_gain":0,"max_hp_loss":0,"event_name":"Drug Dealer","floor":22,"gold_loss":0,"cards_obtained":["Decay","Pain"]}],"is_beta":false,"boss_relics":[{"not_picked":["Ectoplasm","Sozu"],"picked":"Snecko Eye"}],"items_purged_floors":[],"is_endless":false,"potions_floor_spawned":[8,13,16,18,19,24],"killed_by":"Centurion and Healer","ascension_level":1}