{"gold_per_floor":[114,77,96,110,127,127,155,171,171,206,206],"floor_reached":11,"playtime":709,"items_purged":[],"score":89,"play_id":"01b5270f-21a9-4854-877b-fc39cdc12b0b","local_time":"20190909230550","is_ascension_mode":true,"campfire_choices":[{"data":"MasterReality","floor":6,"key":"SMITH"}],"neow_cost":"NONE","seed_source_timestamp":1223714284942900,"circlet_count":0,"master_deck":["Strike_P","Strike_P","Strike_P","Strike_P","Defend_P","Defend_P","Defend_P","Defend_P","Eruption","Vigilance","CrushJoints","Adaptation","Prostrate","Crescendo","MasterReality+1","PathToVictory","CutThroughFate"],"relics":["Black Star","Strawberry","Juzu Bracelet","Centennial Puzzle","Shuriken","PreservedInsect"],"potions_floor_usage":[7,10,10],"damage_taken":[{"damage":5,"enemies":"Cultist","floor":1,"turns":4},{"damage":0,"enemies":"2 Louse","floor":3,"turns":3},{"damage":5,"enemies":"Small Slimes","floor":4,"turns":4},{"damage":7,"enemies":"Blue Slaver","floor":5,"turns":3},{"damage":26,"enemies":"Lagavulin","floor":7,"turns":8},{"damage":8,"enemies":"2 Fungi Beasts","floor":8,"turns":3},{"damage":12,"enemies":"3 Sentries","floor":10,"turns":18},{"damage":13,"enemies":"Lots of Slimes","floor":11,"turns":1}],"seed_played":"5911729049435363627","potions_obtained":[{"floor":3,"key":"Swift Potion"},{"floor":5,"key":"Weak Potion"},{"floor":8,"key":"Weak Potion"}],"is_trial":false,"path_per_floor":["M","$","M","M","M","R","E","M","T","E","M"],"character_chosen":"WATCHER","items_purchased":["Adaptation"],"campfire_rested":0,"item_purchase_floors":[2],"current_hp_per_floor":[60,60,60,55,48,48,29,21,21,9,0],"gold":206,"neow_bonus":"BOSS_RELIC","is_prod":false,"is_daily":false,"chose_seed":false,"campfire_upgraded":1,"win_rate":0,"timestamp":1568084750,"path_taken":["M","$","?","M","M","R","E","M","T","E","M"],"build_version":"2019-09-09v2","purchased_purges":0,"victory":false,"max_hp_per_floor":[65,65,65,65,65,65,72,72,72,72,72],"card_choices":[{"not_picked":["JustLucky","Collect"],"picked":"CrushJoints","floor":1},{"not_picked":["SpiritShield","CrushJoints"],"picked":"Prostrate","floor":3},{"not_picked":["CutThroughFate","CleanseEvil"],"picked":"Crescendo","floor":4},{"not_picked":["ClearTheMind","EmptyMind"],"picked":"MasterReality","floor":5},{"not_picked":["Evaluate","FollowUp","CrushJoints"],"picked":"SKIP","floor":7},{"not_picked":["Crescendo","CrushJoints"],"picked":"PathToVictory","floor":8},{"not_picked":["WaveOfTheHand","ClearTheMind"],"picked":"CutThroughFate","floor":10}],"player_experience":1002797,"relics_obtained":[{"floor":7,"key":"Strawberry"},{"floor":7,"key":"Juzu Bracelet"},{"floor":9,"key":"Centennial Puzzle"},{"floor":10,"key":"Shuriken"},{"floor":10,"key":"PreservedInsect"}],"event_choices":[],"is_beta":true,"boss_relics":[],"items_purged_floors":[],"is_endless":false,"potions_floor_spawned":[3,5,8],"killed_by":"Lots of Slimes","ascension_level":1}