{"path_per_floor":["M","?","M","?","M","R","E","M","T","R","?","R","E","M","R","B",null,"M","?","M","M","T","R","E","M","T","R","?","R","M","$","R"],"character_chosen":"THE_SILENT","items_purchased":["Burst"],"gold_per_floor":[115,115,132,82,102,102,136,154,154,154,154,154,187,207,207,308,308,324,324,334,347,347,347,377,396,419,419,419,419,430,200,200,200],"floor_reached":33,"campfire_rested":2,"playtime":1052,"current_hp_per_floor":[59,59,59,59,55,55,9,9,9,9,9,27,25,25,25,25,63,62,62,56,49,49,49,49,44,44,44,28,28,14,14,32,0],"items_purged":["Strike_G"],"gold":200,"score":403,"play_id":"b20af802-cbdd-4955-a5ca-5e7e7649c4bc","local_time":"20180420123349","is_prod":false,"is_daily":false,"chose_seed":false,"is_ascension_mode":true,"campfire_upgraded":3,"timestamp":1524242029,"path_taken":["M","?","?","?","M","R","E","?","T","R","?","R","E","M","R","BOSS","M","?","M","M","?","R","E","M","T","R","?","R","?","?","R","BOSS"],"build_version":"2018-04-19","seed_source_timestamp":1687145536111035,"purchased_purges":1,"victory":false,"master_deck":["Defend_G","Defend_G","Defend_G","Defend_G","Defend_G","Strike_G","Strike_G","Strike_G","Survivor","Neutralize","Deadly Poison+1","Bane","Well Laid Plans","Escape Plan","Deadly Poison","Cloak And Dagger","Skewer+1","Die Die Die","Bouncing Flask+1","Malaise+1","Backstab+1","Necronomicurse","Bane+1","Burst"],"max_hp_per_floor":[63,63,63,63,63,63,63,63,63,63,63,63,63,63,63,63,63,63,63,63,63,63,63,63,63,63,63,63,63,63,63,63,63],"relics":["Ring of the Snake","Girya","Thread and Needle","Question Card","Shuriken","White Beast Statue","Oddly Smooth Stone","Gambling Chip","Art of War","Necronomicon"],"card_choices":[{"not_picked":["Cloak And Dagger","Concentrate"],"picked":"Deadly Poison","floor":1},{"not_picked":["Infinite Blades","Outmaneuver"],"picked":"Bane","floor":3},{"not_picked":["Quick Slash","Dagger Throw"],"picked":"Well Laid Plans","floor":5},{"not_picked":["Eviscerate","A Thousand Cuts"],"picked":"Escape Plan","floor":7},{"not_picked":["Calculated Gamble","Outmaneuver"],"picked":"Deadly Poison","floor":8},{"not_picked":["Endless Agony","Concentrate","Choke"],"picked":"Cloak And Dagger","floor":13},{"not_picked":["Outmaneuver","Poisoned Stab","Dodge and Roll"],"picked":"Skewer","floor":14},{"not_picked":["Grand Finale","Doppelganger","Phantasmal Killer"],"picked":"Die Die Die","floor":16},{"not_picked":["Dagger Spray","Sucker Punch","Infinite Blades"],"picked":"Bouncing Flask","floor":18},{"not_picked":["Bane","Dash","Sucker Punch"],"picked":"Malaise","floor":24},{"not_picked":["Cloak And Dagger","Bane","Outmaneuver"],"picked":"Backstab","floor":25},{"not_picked":["PiercingWail","Cloak And Dagger","Dagger Spray"],"picked":"Bane","floor":30}],"player_experience":381605,"potions_floor_usage":[7,16,21,24,33,33],"damage_taken":[{"damage":4,"enemies":"Small Slimes","floor":1,"turns":5},{"damage":0,"enemies":"Cultist","floor":3,"turns":3},{"damage":4,"enemies":"2 Louse","floor":5,"turns":4},{"damage":46,"enemies":"Gremlin Nob","floor":7,"turns":5},{"damage":0,"enemies":"Red Slaver","floor":8,"turns":4},{"damage":2,"enemies":"Lagavulin","floor":13,"turns":5},{"damage":0,"enemies":"Exordium Thugs","floor":14,"turns":4},{"damage":0,"enemies":"Hexaghost","floor":16,"turns":8},{"damage":1,"enemies":"3 Byrds","floor":18,"turns":4},{"damage":6,"enemies":"Spheric Guardian","floor":20,"turns":3},{"damage":7,"enemies":"Chosen and Byrds","floor":21,"turns":3},{"damage":0,"enemies":"Gremlin Leader","floor":24,"turns":6},{"damage":5,"enemies":"Snake Plant","floor":25,"turns":4},{"damage":14,"enemies":"Cultist and Chosen","floor":30,"turns":4},{"damage":51,"enemies":"Collector","floor":33,"turns":6}],"event_choices":[{"event_name":"Accursed Blacksmith","player_choice":"Forge","floor":2,"damage_taken":0},{"event_name":"The Cleric","player_choice":"Card Removal","floor":4,"damage_taken":0},{"event_name":"Golden Idol","player_choice":"Ignored","floor":11,"damage_taken":0},{"event_name":"Drug Dealer","player_choice":"Ignored","floor":19,"damage_taken":0},{"event_name":"Cursed Tome","player_choice":"Obtained Book","floor":28,"damage_taken":0}],"boss_relics":[{"not_picked":["Sozu","Tiny House"],"picked":"White Beast Statue"}],"potions_floor_spawned":[3,7,14,18,20,21,24,25,30],"seed_played":"8026652270350411226","killed_by":"Collector","ascension_level":3,"is_trial":false}