{"gold_per_floor":[114,39,39,56,66,66,66,66,66,66,80,96,96,96,96,196,196,212,54,54,54,65,65,76,76,76,76,92,124,137,157,157,259,259,271,271,197,216,140,140,169,169,247,247,247,257,257,275,275,275],"floor_reached":51,"playtime":1531,"items_purged":[],"score":1215,"play_id":"1be6e6e6-39dd-40f3-9258-b60cfe98eb90","local_time":"20181231122634","is_ascension_mode":true,"campfire_choices":[{"data":"Darkness","floor":6.0,"key":"SMITH"},{"data":"Defragment","floor":8.0,"key":"SMITH"},{"data":"Zap","floor":10.0,"key":"SMITH"},{"data":"Auto Shields","floor":15.0,"key":"SMITH"},{"data":"Multi-Cast","floor":23,"key":"SMITH"},{"data":"Loop","floor":27,"key":"SMITH"},{"floor":32,"key":"REST"},{"floor":40,"key":"REST"},{"floor":42,"key":"REST"},{"data":"Defragment","floor":47,"key":"SMITH"},{"floor":49,"key":"REST"}],"neow_cost":"NONE","seed_source_timestamp":930126246444283,"circlet_count":0,"master_deck":["AscendersBane","Defend_B","Defend_B","Defend_B","Defend_B","Zap+1","Dualcast+1","BootSequence","Defragment+1","Leap","Darkness+1","Auto Shields+1","Skim","Multi-Cast+1","Sunder+1","Loop+1","Defragment+1","Reinforced Body+1","Loop","Self Repair","Writhe","Defragment+1"],"special_seed":0,"relics":["FrozenCore","Molten Egg 2","Singing Bowl","Anchor","Busted Crown","Bag of Preparation","Cables","Omamori"],"potions_floor_usage":[16,16,29,33],"damage_taken":[{"damage":0.0,"enemies":"Small Slimes","floor":1.0,"turns":3.0},{"damage":0.0,"enemies":"2 Louse","floor":4.0,"turns":2.0},{"damage":0.0,"enemies":"Cultist","floor":5.0,"turns":4.0},{"damage":0.0,"enemies":"Blue Slaver","floor":11.0,"turns":3.0},{"damage":1.0,"enemies":"Looter","floor":12.0,"turns":3.0},{"damage":0,"enemies":"The Guardian","floor":16,"turns":7},{"damage":10,"enemies":"Spheric Guardian","floor":18,"turns":5},{"damage":6,"enemies":"Chosen","floor":22,"turns":5},{"damage":5,"enemies":"Shelled Parasite and Fungi","floor":24,"turns":5},{"damage":0,"enemies":"Centurion and Healer","floor":28,"turns":6},{"damage":31,"enemies":"Slavers","floor":29,"turns":8},{"damage":0,"enemies":"Cultist and Chosen","floor":30,"turns":3},{"damage":0,"enemies":"Snecko","floor":31,"turns":5},{"damage":42,"enemies":"Automaton","floor":33,"turns":8},{"damage":0,"enemies":"3 Shapes","floor":35,"turns":9},{"damage":19,"enemies":"Orb Walker","floor":38,"turns":8},{"damage":57,"enemies":"Reptomancer","floor":41,"turns":10},{"damage":0,"enemies":"Maw","floor":46,"turns":7},{"damage":28,"enemies":"Transient","floor":48,"turns":5},{"damage":0,"enemies":"Donu and Deca","floor":50,"turns":4}],"seed_played":"-14095300220612855","potions_obtained":[{"floor":1.0,"key":"SkillPotion"},{"floor":11.0,"key":"AttackPotion"},{"floor":16,"key":"GamblersBrew"},{"floor":22,"key":"Strength Potion"},{"floor":28,"key":"Energy Potion"},{"floor":29,"key":"FearPotion"},{"floor":41,"key":"Weak Potion"}],"is_trial":false,"path_per_floor":["M","$","?","M","M","R","?","R","T","R","M","M","?","?","R","B",null,"M","$","?","$","M","R","M","?","T","R","M","E","M","M","R","B",null,"M","$","$","M","$","R","E","R","T","?","?","M","R","M","R","B",null],"character_chosen":"DEFECT","items_purchased":["Defragment","Sunder+1","Loop","Loop","Self Repair"],"campfire_rested":4,"item_purchase_floors":[2,19,19,37,39],"current_hp_per_floor":[68,68,61,61,61,61,61,61,61,61,61,60,60,60,60,60,71,61,61,61,61,55,55,50,50,50,50,52,21,23,25,49,9,65,67,67,67,50,50,76,28,54,54,76,76,83,83,64,91,91],"gold":275,"neow_bonus":"UPGRADE_CARD","is_prod":false,"is_daily":false,"chose_seed":false,"campfire_upgraded":7,"win_rate":0,"timestamp":1546255594,"path_taken":["M","$","?","M","M","R","?","R","T","R","M","?","?","?","R","BOSS","M","$","?","$","M","R","?","?","T","R","M","E","M","M","R","BOSS","M","?","$","M","$","R","E","R","T","?","?","?","R","M","R","BOSS"],"build_version":"2018-12-20","purchased_purges":0,"victory":true,"max_hp_per_floor":[75,75,75,75,75,75,75,75,75,75,75,75,75,75,75,75,75,75,75,75,75,75,75,75,75,75,75,77,77,79,81,81,83,83,85,85,85,87,87,87,89,89,89,89,89,89,89,91,91,91],"card_choices":[{"not_picked":["Aggregate","Compile Driver"],"picked":"BootSequence","floor":1.0},{"not_picked":["Go for the Eyes","Conserve Battery"],"picked":"Leap","floor":4.0},{"not_picked":["Rebound","Glacier"],"picked":"Darkness","floor":5.0},{"not_picked":["Skim","Lockon+1"],"picked":"Auto Shields","floor":11.0},{"not_picked":["Beam Cell+1","Compile Driver+1","Recycle"],"picked":"SKIP","floor":12.0},{"not_picked":["Meteor Strike+1","Seek"],"picked":"Multi-Cast","floor":16},{"not_picked":["Go for the Eyes+1","Gash+1","Ball Lightning+1"],"picked":"SKIP","floor":18},{"not_picked":["Turbo","Tempest","Electrodynamics"],"picked":"SKIP","floor":22},{"not_picked":["Compile Driver+1","Turbo","Go for the Eyes+1"],"picked":"SKIP","floor":24},{"not_picked":["Turbo","Rebound+1","Gash+1"],"picked":"Singing Bowl","floor":28},{"not_picked":["Rip and Tear+1","Ball Lightning+1"],"picked":"Reinforced Body+1","floor":29},{"not_picked":["Turbo","Genetic Algorithm","Skim"],"picked":"Singing Bowl","floor":30},{"not_picked":["Rebound+1","Static Discharge+1","Compile Driver+1"],"picked":"Singing Bowl","floor":31},{"not_picked":["Creative AI","Electrodynamics","Fission"],"picked":"Singing Bowl","floor":33},{"not_picked":["Gash+1"],"picked":"Singing Bowl","floor":35},{"not_picked":["Go for the Eyes+1"],"picked":"Singing Bowl","floor":38},{"not_picked":["Skim"],"picked":"Singing Bowl","floor":41},{"not_picked":[],"picked":"Defragment","floor":46},{"not_picked":["Cold Snap+1"],"picked":"Singing Bowl","floor":48}],"player_experience":367269,"relics_obtained":[{"floor":9.0,"key":"Molten Egg 2"},{"floor":26,"key":"Singing Bowl"},{"floor":29,"key":"Anchor"},{"floor":41,"key":"Bag of Preparation"},{"floor":43,"key":"Cables"}],"event_choices":[{"cards_removed":["Strike_B"],"damage_healed":0.0,"max_hp_gain":0.0,"max_hp_loss":0.0,"gold_gain":0.0,"event_name":"Golden Wing","player_choice":"Card Removal","floor":3.0,"gold_loss":0.0,"damage_taken":7.0},{"cards_removed":["Strike_B"],"damage_healed":0.0,"max_hp_gain":0.0,"max_hp_loss":0.0,"gold_gain":0.0,"event_name":"Purifier","player_choice":"Purged","floor":7.0,"gold_loss":0.0,"damage_taken":0.0},{"damage_healed":0.0,"max_hp_gain":0.0,"max_hp_loss":0.0,"gold_gain":0.0,"cards_transformed":["Strike_B"],"event_name":"Living Wall","player_choice":"Change","floor":13.0,"gold_loss":0.0,"damage_taken":0.0,"cards_obtained":["Skim"]},{"damage_healed":0.0,"max_hp_gain":0.0,"max_hp_loss":0.0,"gold_gain":0.0,"event_name":"Liars Game","player_choice":"Ignored","floor":14.0,"gold_loss":0.0,"damage_taken":0.0},{"damage_healed":0,"gold_gain":0,"player_choice":"Copied","damage_taken":0,"max_hp_gain":0,"max_hp_loss":0,"event_name":"Duplicator","floor":20,"gold_loss":0,"cards_obtained":["Defragment"]},{"cards_removed":["Strike_B"],"damage_healed":0,"gold_gain":0,"player_choice":"Offered Basic","damage_taken":0,"max_hp_gain":0,"max_hp_loss":0,"event_name":"Bonfire Elementals","floor":25,"gold_loss":0},{"damage_healed":22,"gold_gain":0,"player_choice":"Writhe","damage_taken":0,"max_hp_gain":0,"max_hp_loss":0,"event_name":"Winding Halls","floor":44,"gold_loss":0,"cards_obtained":["Writhe"]},{"damage_healed":0,"gold_gain":0,"player_choice":"Gave Potion","damage_taken":0,"relics_obtained":["Omamori"],"max_hp_gain":0,"max_hp_loss":0,"event_name":"WeMeetAgain","floor":45,"gold_loss":0}],"is_beta":false,"boss_relics":[{"not_picked":["Tiny House","Lizard Tail"],"picked":"FrozenCore"},{"not_picked":["Coffee Dripper","Runic Dome"],"picked":"Busted Crown"}],"items_purged_floors":[],"is_endless":false,"potions_floor_spawned":[1,11,16,22,28,29,30,41],"ascension_level":10}