{"gold_per_floor":[110,129,146,157,107,136,154,172,202,214,226,269,281,320,332,449,461,491,503,534,557,569,581,593,631,667,679,335,353,383,393,393,488,488,506,526,626,644,371,371,403,115,115,115,115,135,15,25,25,25],"floor_reached":51,"playtime":1123,"items_purged":[],"score":812,"play_id":"76cbd88d-9d44-4701-b8ed-3d8c11f09f13","local_time":"20190206213529","is_ascension_mode":false,"campfire_choices":[{"data":"Perfected Strike","floor":10,"key":"SMITH"},{"data":"Bash","floor":13,"key":"SMITH"},{"data":"Twin Strike","floor":15,"key":"SMITH"},{"floor":23,"key":"REST"},{"floor":27,"key":"REST"},{"floor":32,"key":"REST"},{"data":"1","floor":40,"key":"LIFT"},{"data":"2","floor":44,"key":"LIFT"},{"data":"3","floor":49,"key":"LIFT"}],"neow_cost":"NONE","seed_source_timestamp":0,"circlet_count":0,"master_deck":["Strike_R+1","Strike_R+1","Strike_R+1","Strike_R+1","Strike_R+1","Defend_R+1","Defend_R+1","Defend_R+1","Bash+1","Perfected Strike+1","Twin Strike+1","Feed+1","Dual Wield+1","Perfected Strike+1","Wild Strike+1","Reaper","Twin Strike+1","Twin Strike+1","Limit Break"],"special_seed":0,"relics":["Burning Blood","NeowsBlessing","Matryoshka","MawBank","Tiny Chest","Vajra","Letter Opener","Fusion Hammer","Sundial","The Courier","PreservedInsect","Bronze Scales","Singing Bowl","Pear","Sozu","Girya","Sling","Orichalcum","Potion Belt","HandDrill","Regal Pillow","Turnip","Whetstone"],"potions_floor_usage":[16,16,30,41,50],"damage_taken":[{"damage":0.0,"enemies":"Cultist","floor":1.0,"turns":1.0},{"damage":0.0,"enemies":"2 Louse","floor":2.0,"turns":1.0},{"damage":0,"enemies":"Small Slimes","floor":3,"turns":1},{"damage":16,"enemies":"Gremlin Gang","floor":4,"turns":6},{"damage":36,"enemies":"Lagavulin","floor":6,"turns":6},{"damage":4,"enemies":"Blue Slaver","floor":7,"turns":4},{"damage":11,"enemies":"Large Slime","floor":8,"turns":5},{"damage":14,"enemies":"Gremlin Nob","floor":12,"turns":3},{"damage":31,"enemies":"Lagavulin","floor":14,"turns":4},{"damage":7,"enemies":"Hexaghost","floor":16,"turns":8},{"damage":12,"enemies":"Shell Parasite","floor":18,"turns":3},{"damage":25,"enemies":"2 Thieves","floor":20,"turns":3},{"damage":20,"enemies":"Snecko","floor":21,"turns":4},{"damage":39,"enemies":"Slavers","floor":25,"turns":5},{"damage":15,"enemies":"Chosen and Byrds","floor":29,"turns":2},{"damage":10,"enemies":"Book of Stabbing","floor":30,"turns":3},{"damage":2,"enemies":"Sentry and Sphere","floor":31,"turns":3},{"damage":69,"enemies":"Automaton","floor":33,"turns":8},{"damage":2,"enemies":"Orb Walker","floor":35,"turns":2},{"damage":27,"enemies":"3 Darklings","floor":36,"turns":3},{"damage":32,"enemies":"Mind Bloom Boss Battle","floor":37,"turns":5},{"damage":0,"enemies":"Transient","floor":38,"turns":5},{"damage":10,"enemies":"Nemesis","floor":41,"turns":3},{"damage":9,"enemies":"Jaw Worm Horde","floor":46,"turns":3},{"damage":0,"enemies":"Spire Growth","floor":48,"turns":2},{"damage":78,"enemies":"Time Eater","floor":50,"turns":7}],"seed_played":"4386683162947629534","potions_obtained":[{"floor":4,"key":"Ancient Potion"},{"floor":6,"key":"EssenceOfSteel"},{"floor":7,"key":"Dexterity Potion"},{"floor":14,"key":"EssenceOfSteel"},{"floor":20,"key":"FearPotion"},{"floor":25,"key":"GamblersBrew"},{"floor":29,"key":"Fruit Juice"}],"is_trial":false,"path_per_floor":["M","M","M","M","?","E","M","M","T","R","?","E","R","E","R","B",null,"M","?","M","M","?","R","?","E","T","R","$","M","E","M","R","B",null,"M","M","?","M","$","R","E","$","T","R","?","M","$","M","R","B",null],"character_chosen":"IRONCLAD","items_purchased":["Twin Strike","Bronze Scales","Singing Bowl","Sling","Orichalcum","HandDrill","Regal Pillow","Whetstone"],"campfire_rested":3,"item_purchase_floors":[28,28,28,39,39,42,42,47],"current_hp_per_floor":[80,80,80,70,70,40,42,37,37,37,63,55,55,30,30,29,80,74,74,55,41,41,65,50,17,17,42,42,42,55,59,90,29,106,108,89,65,78,78,78,77,77,77,77,77,79,79,87,87,15],"gold":25,"neow_bonus":"THREE_ENEMY_KILL","is_prod":false,"is_daily":false,"chose_seed":false,"campfire_upgraded":3,"win_rate":0,"timestamp":1549506929,"path_taken":["M","M","M","?","?","E","M","M","T","R","?","E","R","E","R","BOSS","M","?","?","?","?","R","?","E","T","R","?","M","E","M","R","BOSS","M","M","?","M","$","R","E","$","T","R","?","?","?","M","R","BOSS"],"build_version":"2019-01-23","purchased_purges":0,"victory":true,"max_hp_per_floor":[80,80,80,80,80,80,80,80,80,80,80,80,80,80,80,80,80,80,80,80,80,80,80,85,85,85,85,85,87,104,104,104,106,106,108,110,112,114,114,114,117,117,117,117,117,122,122,124,124,124],"card_choices":[{"not_picked":["Headbutt","Sword Boomerang"],"picked":"Perfected Strike","floor":1.0},{"not_picked":["Cleave","Thunderclap","Seeing Red"],"picked":"SKIP","floor":2},{"not_picked":["Thunderclap","Iron Wave","Berserk"],"picked":"SKIP","floor":3},{"not_picked":["Iron Wave","Rampage","Thunderclap"],"picked":"SKIP","floor":4},{"not_picked":["Inflame","Carnage"],"picked":"Twin Strike","floor":6},{"not_picked":["Blood for Blood","Armaments","Body Slam"],"picked":"SKIP","floor":7},{"not_picked":["Demon Form","True Grit","Thunderclap"],"picked":"SKIP","floor":8},{"not_picked":["Infernal Blade","Pummel","Clothesline"],"picked":"SKIP","floor":12},{"not_picked":["Anger","Shrug It Off","Bloodletting"],"picked":"SKIP","floor":14},{"not_picked":["Impervious","Demon Form"],"picked":"Feed","floor":16},{"not_picked":["Bloodletting","True Grit"],"picked":"Dual Wield+1","floor":18},{"not_picked":["Intimidate","Heavy Blade+1","Evolve+1"],"picked":"SKIP","floor":20},{"not_picked":["Uppercut","Flex"],"picked":"Wild Strike+1","floor":21},{"not_picked":["Sword Boomerang+1","Dark Embrace"],"picked":"Reaper","floor":25},{"not_picked":["Armaments","Perfected Strike","Heavy Blade"],"picked":"Singing Bowl","floor":29},{"not_picked":["Infernal Blade","Spot Weakness","Warcry"],"picked":"Singing Bowl","floor":30},{"not_picked":["Reckless Charge","Perfected Strike"],"picked":"Twin Strike+1","floor":31},{"not_picked":["Juggernaut","Barricade","Demon Form"],"picked":"Singing Bowl","floor":33},{"not_picked":["Rampage+1","Clothesline+1","Heavy Blade+1"],"picked":"Singing Bowl","floor":35},{"not_picked":["Heavy Blade","Hemokinesis+1","Sword Boomerang"],"picked":"Singing Bowl","floor":36},{"not_picked":["Sword Boomerang+1","Perfected Strike+1","Combust+1"],"picked":"Singing Bowl","floor":37},{"not_picked":["Battle Trance","Sword Boomerang","Clothesline+1"],"picked":"Singing Bowl","floor":38},{"not_picked":["Twin Strike+1","Body Slam+1"],"picked":"Limit Break","floor":41},{"not_picked":["Heavy Blade+1","Feel No Pain","Clash+1"],"picked":"Singing Bowl","floor":46},{"not_picked":["Shrug It Off+1","True Grit","Corruption+1"],"picked":"Singing Bowl","floor":48}],"player_experience":600099,"relics_obtained":[{"floor":6,"key":"Matryoshka"},{"floor":9,"key":"MawBank"},{"floor":9,"key":"Tiny Chest"},{"floor":12,"key":"Vajra"},{"floor":14,"key":"Letter Opener"},{"floor":25,"key":"Sundial"},{"floor":26,"key":"The Courier"},{"floor":26,"key":"PreservedInsect"},{"floor":30,"key":"Pear"},{"floor":37,"key":"Girya"},{"floor":41,"key":"Potion Belt"},{"floor":43,"key":"Turnip"}],"event_choices":[{"cards_removed":["Defend_R"],"damage_healed":0,"gold_gain":0,"player_choice":"Card Removal","damage_taken":0,"max_hp_gain":0,"max_hp_loss":0,"event_name":"The Cleric","floor":5,"gold_loss":50},{"damage_healed":26,"gold_gain":0,"player_choice":"Banana","damage_taken":0,"max_hp_gain":0,"max_hp_loss":0,"event_name":"Big Fish","floor":11,"gold_loss":0},{"damage_healed":0,"gold_gain":0,"player_choice":"Copied","damage_taken":0,"max_hp_gain":0,"max_hp_loss":0,"event_name":"Duplicator","floor":19,"gold_loss":0,"cards_obtained":["Perfected Strike"]},{"damage_healed":0,"gold_gain":0,"player_choice":"Simplicity","damage_taken":0,"max_hp_gain":0,"max_hp_loss":0,"event_name":"Back to Basics","floor":22,"gold_loss":0,"cards_upgraded":["Strike_R","Strike_R","Strike_R","Strike_R","Strike_R","Defend_R","Defend_R","Defend_R"]},{"damage_healed":0,"gold_gain":0,"player_choice":"Shed Blood","damage_taken":20,"max_hp_gain":5,"max_hp_loss":0,"event_name":"Forgotten Altar","floor":24,"gold_loss":0},{"damage_healed":0,"gold_gain":0,"player_choice":"Fight","damage_taken":0,"max_hp_gain":0,"max_hp_loss":0,"event_name":"MindBloom","floor":37,"gold_loss":0},{"damage_healed":0,"gold_gain":0,"player_choice":"Bought 0 Potions","damage_taken":0,"max_hp_gain":0,"max_hp_loss":0,"event_name":"The Woman in Blue","floor":45,"gold_loss":0}],"is_beta":false,"boss_relics":[{"not_picked":["Calling Bell","Lizard Tail"],"picked":"Fusion Hammer"},{"not_picked":["Eternal Feather","Coffee Dripper"],"picked":"Sozu"}],"items_purged_floors":[],"is_endless":false,"potions_floor_spawned":[4,6,7,12,14,20,25,29,37,46,48],"ascension_level":0}