{"path_per_floor":["M","M","M","?","M","R","E","R","T","?","M","R","E","$","R","B",null,"M","$","?","?","$","R","T","E","T","M","?","E","R","E","R","B",null,"M","?","?","M","M","R","$","E","T","$","E","R","$","M","R","B"],"character_chosen":"DEFECT","items_purchased":["Leap","Chill","War Paint","Stack","Self Repair","FTL","Bird Faced Urn","Energy Potion"],"gold_per_floor":[110,125,145,145,165,165,197,197,197,197,210,210,244,0,0,75,75,95,41,91,91,30,30,30,62,62,80,80,112,112,147,147,220,220,236,236,284,297,308,308,8,39,39,39,69,69,27,43,43,43],"floor_reached":51,"campfire_rested":0,"playtime":5864,"current_hp_per_floor":[61,61,59,59,59,59,43,43,43,43,41,41,27,27,27,34,62,58,58,58,58,58,72,72,76,76,83,83,50,50,36,36,68,88,95,85,76,83,86,86,86,95,95,95,97,97,97,99,99,99],"items_purged":["Defend_B"],"gold":43,"score":1461,"play_id":"b4444963-e00a-44d3-ace8-18a06f8a7485","local_time":"20180509150326","is_prod":false,"is_daily":false,"chose_seed":false,"is_ascension_mode":true,"campfire_upgraded":4,"timestamp":1525903406,"path_taken":["M","M","M","?","?","R","E","R","T","?","?","R","E","?","R","BOSS","M","$","?","?","?","R","?","E","T","M","?","E","R","E","R","BOSS","M","?","?","?","M","R","?","E","T","$","E","R","$","M","R","BOSS"],"build_version":"2018-05-08","seed_source_timestamp":355866918714807,"purchased_purges":1,"victory":true,"master_deck":["Zap+1","Dualcast+1","AscendersBane","Beam Cell","Go for the Eyes+1","Gash","Sweeping Beam","Steam","Auto Shields+1","All For One","Leap","Chill","Stack","Echo Form","Turbo+1","Self Repair","FTL","Redo+1","Rainbow","Recycle+1","Machine Learning","Heatsinks+1","Cold Snap+1","Capacitor+1","Good Instincts","Mind Blast","Sadistic Nature","Go for the Eyes+1","Chaos+1"],"max_hp_per_floor":[71,71,71,71,71,71,71,71,71,71,71,71,71,71,71,71,71,71,71,71,71,71,85,85,95,95,95,95,95,95,95,95,95,95,95,95,95,95,95,95,95,95,95,95,97,97,97,99,99,99],"relics":["Cracked Core","The Courier","Shovel","Unceasing Top","Orichalcum","War Paint","Meat on the Bone","Black Star","Mango","Gremlin Horn","Mummified Hand","Pear","Molten Egg 2","Kunai","Pantograph","Letter Opener","Centennial Puzzle","Astrolabe","Peace Pipe","Bird Faced Urn","Blue Candle","Cables","Mercury Hourglass","Singing Bowl","DataDisk"],"card_choices":[{"not_picked":["Chaos","Steam"],"picked":"Beam Cell","floor":1.0},{"not_picked":["Sweeping Beam","Stack"],"picked":"Go for the Eyes","floor":2.0},{"not_picked":["Doom and Gloom","Steam"],"picked":"Gash","floor":3.0},{"not_picked":["Biased Cognition","Hologram"],"picked":"Sweeping Beam","floor":5.0},{"not_picked":["Aggregate","Force Field"],"picked":"Steam","floor":7.0},{"not_picked":["Rebound","Cold Snap"],"picked":"Auto Shields","floor":11.0},{"not_picked":["Go for the Eyes","Glacier"],"picked":"All For One","floor":13.0},{"not_picked":["Amplify","Hyperbeam"],"picked":"Echo Form","floor":16.0},{"not_picked":["Cold Snap","Rebound"],"picked":"Turbo","floor":18.0},{"not_picked":["Aggregate","Loop"],"picked":"Redo","floor":25.0},{"not_picked":["Storm","BootSequence"],"picked":"Rainbow","floor":29.0},{"not_picked":["Capacitor","Axe Kick"],"picked":"Recycle","floor":31.0},{"not_picked":["Amplify","Rainbow"],"picked":"Machine Learning","floor":33.0},{"not_picked":["Steam","Beam Cell"],"picked":"Capacitor","floor":35.0},{"not_picked":["Swift Strike","Flash of Steel"],"picked":"Good Instincts","floor":36.0},{"not_picked":["Thinking Ahead","Flash of Steel"],"picked":"Mind Blast","floor":36.0},{"not_picked":["Bandage Up","Deep Breath"],"picked":"Sadistic Nature","floor":36.0},{"not_picked":["Doom and Gloom","Lockon"],"picked":"Go for the Eyes","floor":37.0},{"not_picked":["Coolheaded","Barrage"],"picked":"Chaos","floor":39.0}],"player_experience":630985,"potions_floor_usage":[50,50,50],"damage_taken":[{"damage":3.0,"enemies":"2 Louse","floor":1.0,"turns":3.0},{"damage":0.0,"enemies":"Cultist","floor":2.0,"turns":2.0},{"damage":2.0,"enemies":"Jaw Worm","floor":3.0,"turns":2.0},{"damage":0.0,"enemies":"Gremlin Gang","floor":5.0,"turns":3.0},{"damage":16.0,"enemies":"Gremlin Nob","floor":7.0,"turns":3.0},{"damage":2.0,"enemies":"Blue Slaver","floor":11.0,"turns":3.0},{"damage":14.0,"enemies":"Lagavulin","floor":13.0,"turns":7.0},{"damage":5.0,"enemies":"The Guardian","floor":16.0,"turns":10.0},{"damage":4.0,"enemies":"Shell Parasite","floor":18.0,"turns":9.0},{"damage":32.0,"enemies":"Book of Stabbing","floor":25.0,"turns":6.0},{"damage":0.0,"enemies":"3 Byrds","floor":27.0,"turns":6.0},{"damage":45.0,"enemies":"Slavers","floor":29.0,"turns":8.0},{"damage":33.0,"enemies":"Book of Stabbing","floor":31.0,"turns":7.0},{"damage":0.0,"enemies":"Champ","floor":33.0,"turns":6.0},{"damage":0.0,"enemies":"3 Shapes","floor":35.0,"turns":6.0},{"damage":28.0,"enemies":"Mysterious Sphere","floor":37.0,"turns":6.0},{"damage":0.0,"enemies":"Orb Walker","floor":38.0,"turns":3.0},{"damage":11.0,"enemies":"Sphere and 2 Shapes","floor":39.0,"turns":3.0},{"damage":10.0,"enemies":"2 Orb Walkers","floor":42.0,"turns":4.0},{"damage":9.0,"enemies":"Nemesis","floor":45.0,"turns":5.0},{"damage":1.0,"enemies":"Maw","floor":48.0,"turns":3.0},{"damage":3,"enemies":"Awakened One","floor":50,"turns":8}],"event_choices":[{"event_name":"The Lab","player_choice":"Got Potions","floor":4.0,"damage_taken":0.0},{"event_name":"Bonfire Elementals","player_choice":"BASIC","floor":10.0,"damage_taken":0.0},{"event_name":"Golden Shrine","player_choice":"Pray","floor":20.0,"damage_taken":0.0},{"event_name":"Accursed Blacksmith","player_choice":"Forge","floor":21.0,"damage_taken":0.0},{"event_name":"Purifier","player_choice":"One Purge","floor":28.0,"damage_taken":0.0},{"event_name":"SensoryStone","player_choice":"Memory 3","floor":36.0,"damage_taken":0.0},{"event_name":"Mysterious Sphere","player_choice":"Fight","floor":37.0,"damage_taken":0.0}],"boss_relics":[],"potions_floor_spawned":[1,5,11,16,25,27,33,37,38],"seed_played":"4337724463107569609","ascension_level":15,"is_trial":false}