{"gold_per_floor":[114,289,304,319,334,394,394,424,424,454,469,484,514,529,529,629,629,644,115,115,130,145,175,190,220,220,220],"floor_reached":27,"playtime":3643,"items_purged":[],"score":362,"play_id":"a38253d5-1b31-442d-aaeb-6b5fc6ab1000","local_time":"20180903202336","daily_mods":["Insanity","Elite Swarm","Binary"],"is_ascension_mode":false,"campfire_choices":[{"floor":15,"key":"REST"}],"neow_cost":"","seed_source_timestamp":0,"circlet_count":0,"master_deck":["Thunder Strike","Machine Learning","Core Surge","Blizzard","Core Surge+1","Redo","Barrage+1","Auto Shields","Defragment","Melter","Glacier","Reprogram","Dualcast","Loop","Consume","Fission","Stack","Echo Form","Coolheaded","Fission","Dualcast","Self Repair","Go for the Eyes","Reinforced Body","Turbo","Compile Driver","Defragment","Steam","Force Field","Beam Cell","Meteor Strike","Compile Driver","Streamline","BootSequence","Chaos","Barrage","Undo","Aggregate","Amplify","Amplify","Defragment","Seek","Beam Cell","Echo Form","Heatsinks","Cold Snap","Reinforced Body","Thunder Strike","Conserve Battery","Loop","Barrage","Doubt","Rebound","Melter","Sweeping Beam","Electrodynamics","Amplify","Auto Shields","Cold Snap","Thunder Strike","Streamline","All For One","Force Field","Capacitor+1","Shame","Darkness+1","Hologram+1","Reboot","Coolheaded+1"],"special_seed":17777,"relics":["Cracked Core","Tiny Chest","Bottled Tornado","Pear","Darkstone Periapt","Symbiotic Virus","Cursed Key","Medical Kit","Frozen Egg 2","Strawberry","Omamori","Oddly Smooth Stone","Cables"],"potions_floor_usage":[6,6,6,10,25,27],"damage_taken":[{"damage":0,"enemies":"Cultist","floor":1,"turns":3},{"damage":1,"enemies":"2 Louse","floor":3,"turns":4},{"damage":0,"enemies":"Small Slimes","floor":4,"turns":4},{"damage":7,"enemies":"Red Slaver","floor":5,"turns":5},{"damage":18,"enemies":"Lagavulin","floor":6,"turns":5},{"damage":12,"enemies":"Gremlin Nob","floor":8,"turns":5},{"damage":24,"enemies":"Lagavulin","floor":10,"turns":7},{"damage":0,"enemies":"3 Louse","floor":11,"turns":4},{"damage":12,"enemies":"Large Slime","floor":12,"turns":5},{"damage":14,"enemies":"3 Sentries","floor":13,"turns":8},{"damage":0,"enemies":"Looter","floor":14,"turns":3},{"damage":11,"enemies":"Slime Boss","floor":16,"turns":8},{"damage":0,"enemies":"Chosen","floor":18,"turns":4},{"damage":30,"enemies":"2 Thieves","floor":21,"turns":5},{"damage":13,"enemies":"Snecko","floor":22,"turns":5},{"damage":20,"enemies":"Book of Stabbing","floor":23,"turns":5},{"damage":0,"enemies":"Centurion and Healer","floor":24,"turns":6},{"damage":66,"enemies":"Slavers","floor":25,"turns":6},{"damage":11,"enemies":"Book of Stabbing","floor":27,"turns":2}],"seed_played":"5443678004288961897","potions_obtained":[{"floor":4,"key":"EntropicBrew"},{"floor":5,"key":"Poison Potion"},{"floor":8,"key":"GamblersBrew"},{"floor":10,"key":"Strength Potion"},{"floor":11,"key":"Dexterity Potion"}],"is_trial":false,"path_per_floor":["M","?","M","M","M","E","?","E","T","E","M","M","E","M","R","B",null,"M","$","?","M","M","E","M","E","T"],"character_chosen":"DEFECT","items_purchased":["Medical Kit","Frozen Egg 2","Capacitor+1"],"campfire_rested":1,"item_purchase_floors":[19,19,19],"current_hp_per_floor":[75,75,74,74,74,70,55,43,53,43,43,31,31,31,56,45,85,85,85,98,82,76,70,70,4,4,0],"gold":220,"neow_bonus":"","is_prod":false,"is_daily":true,"chose_seed":false,"campfire_upgraded":0,"win_rate":0,"timestamp":1535999016,"path_taken":["M","?","M","M","?","E","?","E","T","E","M","M","E","M","R","BOSS","M","$","?","M","M","E","M","E","T","E"],"build_version":"2018-08-30","purchased_purges":0,"victory":false,"max_hp_per_floor":[75,75,75,75,75,75,75,75,85,85,85,85,85,85,85,85,85,85,85,98,98,98,98,98,98,98,98],"card_choices":[{"not_picked":["Double Energy"],"picked":"Barrage","floor":1},{"not_picked":["Steam"],"picked":"Rebound","floor":3},{"not_picked":["Coolheaded"],"picked":"Melter","floor":4},{"not_picked":["Leap"],"picked":"Sweeping Beam","floor":5},{"not_picked":["Fission"],"picked":"Electrodynamics","floor":6},{"not_picked":["Biased Cognition","Fission"],"picked":"SKIP","floor":8},{"not_picked":["Biased Cognition"],"picked":"Amplify","floor":10},{"not_picked":["Beam Cell"],"picked":"Auto Shields","floor":11},{"not_picked":["Consume"],"picked":"Cold Snap","floor":12},{"not_picked":["Fission"],"picked":"Thunder Strike","floor":13},{"not_picked":["Rebound"],"picked":"Streamline","floor":14},{"not_picked":["Amplify"],"picked":"All For One","floor":16},{"not_picked":["Compile Driver"],"picked":"Force Field","floor":18},{"not_picked":["Coolheaded"],"picked":"Darkness+1","floor":21},{"not_picked":["BootSequence"],"picked":"Hologram+1","floor":22},{"not_picked":["Core Surge"],"picked":"Reboot","floor":23},{"not_picked":["Beam Cell"],"picked":"Coolheaded+1","floor":24},{"not_picked":["Thunder Strike","Meteor Strike"],"picked":"SKIP","floor":25}],"player_experience":92378,"relics_obtained":[{"floor":6,"key":"Tiny Chest"},{"floor":8,"key":"Bottled Tornado"},{"floor":9,"key":"Pear"},{"floor":10,"key":"Darkstone Periapt"},{"floor":13,"key":"Symbiotic Virus"},{"floor":23,"key":"Omamori"},{"floor":25,"key":"Oddly Smooth Stone"},{"floor":26,"key":"Cables"}],"event_choices":[{"event_name":"Liars Game","player_choice":"agreed","floor":2,"damage_taken":0},{"event_name":"Shining Light","player_choice":"Entered Light","floor":7,"damage_taken":0},{"event_name":"Addict","player_choice":"Stole Relic","floor":20,"damage_taken":0}],"is_beta":false,"boss_relics":[{"not_picked":["Pandora\u0027s Box","Black Star"],"picked":"Cursed Key"}],"items_purged_floors":[],"is_endless":false,"potions_floor_spawned":[4,5,8,10,11,18,23],"killed_by":"Book of Stabbing","ascension_level":0}