{"gold_per_floor":[119,26,26,26,45,45,70,70,70,70,70,70,86,100,100,205,205,222,222,242,167,185,185,315,329,407,407,407,421,30,41,41,144,144,156,171,116,116,270,270,270],"floor_reached":41,"playtime":929,"items_purged":["Strike_R","Strike_R"],"score":459,"play_id":"cde1e0dc-f147-45e9-90eb-21b9d7dace7c","local_time":"20190327231029","is_ascension_mode":false,"campfire_choices":[{"data":"conspire:Banana","floor":6,"key":"SMITH"},{"data":"Bash","floor":12,"key":"SMITH"},{"data":"Flame Barrier","floor":15,"key":"SMITH"},{"data":"Bludgeon","floor":23,"key":"SMITH"},{"floor":27,"key":"REST"},{"data":"True Grit","floor":40,"key":"SMITH"}],"neow_cost":"NONE","seed_source_timestamp":3137410832563602,"circlet_count":0,"master_deck":["Strike_R","Strike_R","Defend_R","Defend_R","Defend_R","Defend_R","Bash+1","Pommel Strike+1","Flame Barrier+1","PlatinumSkin+1","Clash","Bludgeon+1","strawberrySpire:CrashLanding+1","Armaments+1","strawberrySpire:Harvest","strawberrySpire:JustAWound","strawberrySpire:JustAWound","True Grit+1"],"relics":["Burning Blood","NeowsBlessing","Bronze Scales","ReplayTheSpireMod:Spearhead","infinitespire:Burning Sword","conspire:TopHat","hubris:Metronome","SuspiciousGoo","infinitespire:Cupcake"],"potions_floor_usage":[25,33,33],"damage_taken":[{"damage":0,"enemies":"Cultist","floor":1,"turns":1},{"damage":0,"enemies":"Jaw Worm","floor":5,"turns":1},{"damage":0,"enemies":"Gremlin Nob","floor":7,"turns":1},{"damage":2,"enemies":"conspire:RoseBush","floor":13,"turns":3},{"damage":13,"enemies":"conspire:2 RoseBushes","floor":14,"turns":5},{"damage":67,"enemies":"The Guardian","floor":16,"turns":11},{"damage":29,"enemies":"2 Thieves","floor":18,"turns":3},{"damage":4,"enemies":"Spheric Guardian","floor":20,"turns":3},{"damage":15,"enemies":"Cultist and Chosen","floor":22,"turns":4},{"damage":46,"enemies":"Nightmare","floor":24,"turns":7},{"damage":2,"enemies":"Sentry and Sphere","floor":25,"turns":3},{"damage":13,"enemies":"Snake Plant","floor":29,"turns":2},{"damage":10,"enemies":"Centurion and Healer","floor":31,"turns":3},{"damage":88,"enemies":"Collector","floor":33,"turns":8},{"damage":12,"enemies":"Orb Walker","floor":35,"turns":2},{"damage":22,"enemies":"3 Darklings","floor":36,"turns":3},{"damage":84,"enemies":"strawberrySpire:EssenceStones","floor":41,"turns":5}],"seed_played":"-5529904055009333231","potions_obtained":[{"floor":5,"key":"BloodPotion"},{"floor":7,"key":"LifebloodPotion"},{"floor":18,"key":"FairyPotion"},{"floor":29,"key":"Dexterity Potion"},{"floor":35,"key":"Strength Potion"}],"is_trial":false,"path_per_floor":["M","$","?","T","M","R","E","?","T","?","$","R","M","M","R","B",null,"M","?","M","$","M","R","NM","M","T","R","?","M","$","M","R","B",null,"M","M","$","?","$","R","E"],"character_chosen":"IRONCLAD","items_purchased":["conspire:Banana","SuspiciousGoo","strawberrySpire:JustAWound","True Grit"],"campfire_rested":1,"item_purchase_floors":[2,30,37,39],"current_hp_per_floor":[80,80,80,80,80,80,80,80,80,80,80,80,80,73,73,12,80,57,57,59,59,50,50,10,14,14,38,38,31,31,27,51,14,80,74,64,64,64,64,64,0],"gold":270,"neow_bonus":"THREE_ENEMY_KILL","is_prod":false,"is_daily":false,"chose_seed":false,"campfire_upgraded":5,"win_rate":0,"timestamp":1553742629,"path_taken":["M","?","?","?","?","R","E","?","T","?","$","R","M","M","R","BOSS","M","?","M","$","M","R","NM","?","T","R","?","M","?","M","R","BOSS","M","M","$","?","$","R","E"],"build_version":"2019-01-23","purchased_purges":2,"victory":false,"max_hp_per_floor":[80,80,80,80,80,80,80,80,80,80,80,80,80,80,80,80,80,80,80,80,80,80,80,80,80,80,80,80,80,80,80,80,80,80,80,80,80,80,80,80,80],"card_choices":[{"not_picked":["ReplayTheSpireMod:Strike From Hell","Anger"],"picked":"Pommel Strike","floor":1},{"not_picked":["ReplayTheSpireMod:Strike From Hell","Bloodletting","strawberrySpire:DraftPunk"],"picked":"SKIP","floor":5},{"not_picked":["strawberrySpire:PowerStomp","Anger"],"picked":"Flame Barrier","floor":7},{"not_picked":["Flex","Clothesline"],"picked":"Clash","floor":13},{"not_picked":["hubris:ReadiedAction","Shrug It Off","Sever Soul"],"picked":"SKIP","floor":14},{"not_picked":["Double Tap","hubris:StunningStrike"],"picked":"Bludgeon","floor":16},{"not_picked":["ReplayTheSpireMod:Muscle Training","Dual Wield+1","Havoc+1"],"picked":"SKIP","floor":18},{"not_picked":["hubris:SharpeningStone+1","strawberrySpire:DebrisPile","Battle Trance"],"picked":"SKIP","floor":20},{"not_picked":["Warcry","Thunderclap","Cleave"],"picked":"SKIP","floor":22},{"not_picked":["Havoc+1","Defy Death"],"picked":"strawberrySpire:CrashLanding+1","floor":24},{"not_picked":["ReplayTheSpireMod:Strike From Hell","Rampage","Carnage"],"picked":"SKIP","floor":25},{"not_picked":["Cleave","Massacre","Life Link+1"],"picked":"SKIP","floor":29},{"not_picked":["Headbutt","strawberrySpire:Aggression"],"picked":"Armaments+1","floor":31},{"not_picked":["Dark Embrace","Impervious"],"picked":"strawberrySpire:Harvest","floor":33},{"not_picked":["Combust","ReplayTheSpireMod:Strike From Hell+1","Thunderclap+1"],"picked":"SKIP","floor":35},{"not_picked":["Iron Wave+1","Warcry+1","strawberrySpire:Endurance+1"],"picked":"SKIP","floor":36}],"player_experience":736863,"relics_obtained":[{"floor":4,"key":"Bronze Scales"},{"floor":7,"key":"ReplayTheSpireMod:Spearhead"},{"floor":24,"key":"conspire:TopHat"},{"floor":26,"key":"hubris:Metronome"}],"event_choices":[{"damage_healed":0,"gold_gain":0,"player_choice":"Ignored","damage_taken":0,"max_hp_gain":0,"max_hp_loss":0,"event_name":"Liars Game","floor":8,"gold_loss":0},{"cards_removed":["Strike_R"],"damage_healed":0,"gold_gain":0,"player_choice":"Offered Basic","damage_taken":0,"max_hp_gain":0,"max_hp_loss":0,"event_name":"Bonfire Elementals","floor":19,"gold_loss":0},{"damage_healed":0,"gold_gain":0,"player_choice":"Bought 0 Potions","damage_taken":0,"max_hp_gain":0,"max_hp_loss":0,"event_name":"The Woman in Blue","floor":28,"gold_loss":0}],"is_beta":false,"boss_relics":[{"not_picked":["Runic Cube","ChewingGum"],"picked":"infinitespire:Burning Sword"},{"not_picked":["Abe\u0027s Treasure","conspire:RoyalGoblet"],"picked":"infinitespire:Cupcake"}],"items_purged_floors":[21,30],"is_endless":false,"potions_floor_spawned":[5,7,18,20,29,31,35],"killed_by":"strawberrySpire:EssenceStones","ascension_level":0}