{"path_per_floor":["M","?","M","$","M","R","M","R","T","R","E","$","?","M","R","B",null,"M","M","$","?","?","R","M","M","T","R","$","?","M","?","R","B",null,"M","M","M","$","M","R","M","R","T","R","M","R","?","M","R"],"character_chosen":"THE_SILENT","items_purchased":["Well Laid Plans","Quick Slash","Adrenaline","Noxious Fumes","Footwork"],"gold_per_floor":[113,113,127,18,32,32,49,49,49,49,82,58,58,74,74,176,176,195,213,75,75,75,75,93,109,109,109,27,127,143,143,143,248,248,261,273,288,213,223,223,237,237,237,237,249,249,249,262,262,262],"floor_reached":50,"campfire_rested":8,"playtime":1863,"item_purchase_floors":[4,12,20,28,38],"current_hp_per_floor":[63,56,56,56,54,54,50,50,50,50,42,42,42,40,40,12,70,68,68,68,62,62,70,55,46,46,67,67,67,66,66,70,18,70,47,35,20,20,12,33,23,44,44,65,65,70,61,22,43,0],"items_purged":["Normality"],"gold":262,"score":469,"play_id":"36b5a147-5fd4-4249-8655-1ea516f1e2ab","local_time":"20180613164258","is_prod":false,"is_daily":false,"chose_seed":false,"is_ascension_mode":false,"campfire_upgraded":4,"win_rate":0,"timestamp":1528922578,"campfire_choices":[{"data":"Neutralize","floor":6,"key":"SMITH"},{"data":"Dagger Spray","floor":8,"key":"SMITH"},{"data":"Dodge and Roll","floor":10,"key":"SMITH"},{"data":"Backflip","floor":15,"key":"SMITH"},{"floor":23,"key":"REST"},{"floor":27,"key":"REST"},{"floor":32,"key":"REST"},{"floor":40,"key":"REST"},{"floor":42,"key":"REST"},{"floor":44,"key":"REST"},{"floor":46,"key":"REST"},{"floor":49,"key":"REST"}],"path_taken":["M","?","M","$","M","R","?","R","T","R","E","?","?","M","R","BOSS","M","M","$","?","?","R","M","M","T","R","$","?","?","?","R","BOSS","M","M","?","$","M","R","M","R","T","R","M","R","?","M","R","BOSS"],"build_version":"2018-06-12","seed_source_timestamp":1194951903646897,"purchased_purges":1,"victory":false,"master_deck":["Defend_G","Defend_G","Defend_G","Defend_G","Defend_G","Strike_G","Strike_G","Strike_G","Strike_G","Strike_G","Survivor","Neutralize+1","Doubt","Dagger Spray+1","Dodge and Roll+1","Well Laid Plans","Slice","Slice","Infinite Blades+1","Quick Slash","Backflip+1","Die Die Die","Cloak And Dagger","Dash","Adrenaline","RitualDagger","Burst","Dagger Throw","Noxious Fumes","Dagger Spray+1","Venomology","Accuracy+1","Leg Sweep","Footwork","Flying Knee+1","Dodge and Roll+1","Madness","Madness","Prepared+1"],"max_hp_per_floor":[70,70,70,70,70,70,70,70,70,70,70,70,70,70,70,70,70,70,70,70,70,70,70,70,70,70,70,70,70,70,70,70,70,70,70,70,70,70,70,70,70,70,70,70,70,70,70,70,70,70],"special_seed":17695,"relics":["Calling Bell","Art of War","Mercury Hourglass","Calipers","Incense Burner","Gambling Chip","Fusion Hammer","Molten Egg 2","Busted Crown","Ornamental Fan"],"card_choices":[{"not_picked":["Slice","Catalyst"],"picked":"Dagger Spray","floor":1},{"not_picked":["Deadly Poison","Backflip"],"picked":"Dodge and Roll","floor":3},{"not_picked":["PiercingWail","Grand Finale"],"picked":"Slice","floor":5},{"not_picked":["Reflex","Deadly Poison"],"picked":"Slice","floor":7},{"not_picked":["Underhanded Strike","PiercingWail"],"picked":"Infinite Blades","floor":11},{"not_picked":["Dodge and Roll","Deflect"],"picked":"Backflip","floor":14},{"not_picked":["Adrenaline","Corpse Explosion"],"picked":"Die Die Die","floor":16},{"not_picked":["Outmaneuver","Sucker Punch"],"picked":"Cloak And Dagger","floor":18},{"not_picked":["Deadly Poison","Flying Knee"],"picked":"Dash","floor":19},{"not_picked":["Slice+1","Underhanded Strike+1"],"picked":"Burst","floor":24},{"not_picked":["Deflect+1","Dash"],"picked":"Dagger Throw","floor":25},{"not_picked":["Slice+1","Storm of Steel"],"picked":"Dagger Spray+1","floor":30},{"not_picked":["Corpse Explosion+1","Storm of Steel"],"picked":"Venomology","floor":33},{"not_picked":["Sucker Punch+1"],"picked":"SKIP","floor":35},{"not_picked":[],"picked":"Accuracy+1","floor":36},{"not_picked":[],"picked":"Leg Sweep","floor":37},{"not_picked":[],"picked":"Flying Knee+1","floor":39},{"not_picked":["Outmaneuver+1"],"picked":"SKIP","floor":41},{"not_picked":[],"picked":"Dodge and Roll+1","floor":45},{"not_picked":[],"picked":"Prepared+1","floor":48}],"player_experience":542424,"potions_floor_usage":[11,19,25,35,35,37,39,41,41,41,48,50,50],"damage_taken":[{"damage":7,"enemies":"Jaw Worm","floor":1,"turns":5},{"damage":0,"enemies":"2 Louse","floor":3,"turns":2},{"damage":2,"enemies":"Cultist","floor":5,"turns":5},{"damage":4,"enemies":"Red Slaver","floor":7,"turns":5},{"damage":8,"enemies":"Lagavulin","floor":11,"turns":6},{"damage":2,"enemies":"Large Slime","floor":14,"turns":4},{"damage":28,"enemies":"The Guardian","floor":16,"turns":14},{"damage":2,"enemies":"Chosen","floor":18,"turns":5},{"damage":0,"enemies":"Spheric Guardian","floor":19,"turns":3},{"damage":15,"enemies":"Slaver and Parasite","floor":24,"turns":5},{"damage":9,"enemies":"Centurion and Healer","floor":25,"turns":6},{"damage":1,"enemies":"Cultist and Chosen","floor":30,"turns":6},{"damage":52,"enemies":"Automaton","floor":33,"turns":12},{"damage":23,"enemies":"3 Darklings","floor":35,"turns":3},{"damage":12,"enemies":"Orb Walker","floor":36,"turns":4},{"damage":15,"enemies":"4 Shapes","floor":37,"turns":4},{"damage":8,"enemies":"3 Darklings","floor":39,"turns":6},{"damage":10,"enemies":"Spire Growth","floor":41,"turns":5},{"damage":0,"enemies":"Maw","floor":45,"turns":9},{"damage":39,"enemies":"4 Shapes","floor":48,"turns":4},{"damage":47,"enemies":"Donu and Deca","floor":50,"turns":5}],"relics_obtained":[{"floor":0,"key":"Art of War"},{"floor":0,"key":"Mercury Hourglass"},{"floor":0,"key":"Calipers"},{"floor":9,"key":"Incense Burner"},{"floor":11,"key":"Gambling Chip"},{"floor":26,"key":"Molten Egg 2"},{"floor":43,"key":"Ornamental Fan"}],"event_choices":[{"event_name":"Golden Wing","player_choice":"Card Removal","floor":2,"damage_taken":0},{"event_name":"Living Wall","player_choice":"Grow","floor":13,"damage_taken":0},{"event_name":"Nest","player_choice":"Joined the Cult","floor":21,"damage_taken":0},{"event_name":"Ghosts","player_choice":"Ignored","floor":22,"damage_taken":0},{"event_name":"Golden Shrine","player_choice":"Pray","floor":29,"damage_taken":0},{"event_name":"The Mausoleum","player_choice":"No","floor":31,"damage_taken":0},{"event_name":"Winding Halls","player_choice":"Embrace Madness","floor":47,"damage_taken":0}],"boss_relics":[{"not_picked":["Lizard Tail","Snecko Eye"],"picked":"Fusion Hammer"},{"not_picked":["Eternal Feather","Sozu"],"picked":"Busted Crown"}],"items_purged_floors":[4],"potions_floor_spawned":[3,5,7,14,24,25,36,45,48],"seed_played":"3459945765218437769","killed_by":"Donu and Deca","ascension_level":0,"potions_obtained":[{"floor":3,"key":"Fire Potion"},{"floor":5,"key":"Poison Potion"},{"floor":7,"key":"EssenceOfSteel"},{"floor":14,"key":"AttackPotion"},{"floor":24,"key":"Swift Potion"},{"floor":25,"key":"SkillPotion"},{"floor":48,"key":"SneckoOil"}],"is_trial":false}