{"gold_per_floor":[115,76,76,90,101,101,111,122,122,122,122,142,142,157,157,157],"floor_reached":16,"playtime":742,"items_purged":[],"score":94,"play_id":"ead3c90b-93c0-4489-9f11-b601067aa2bf","local_time":"20180720000713","is_ascension_mode":false,"campfire_choices":[{"data":"Leg Sweep","floor":6,"key":"SMITH"},{"data":"Bullet Time","floor":10,"key":"SMITH"},{"data":"Acrobatics","floor":15,"key":"SMITH"}],"neow_cost":"","seed_source_timestamp":0,"circlet_count":0,"master_deck":["Defend_G","Defend_G","Defend_G","Defend_G","Defend_G","Strike_G","Strike_G","Strike_G","Strike_G","Strike_G","Survivor","Neutralize+1","Leg Sweep+1","Well Laid Plans","Bullet Time+1","Sucker Punch","Acrobatics+1"],"special_seed":0,"relics":["Ring of the Snake","Matryoshka","Oddly Smooth Stone"],"potions_floor_usage":[8,16],"damage_taken":[{"damage":1.0,"enemies":"2 Louse","floor":1.0,"turns":3.0},{"damage":0.0,"enemies":"Cultist","floor":4.0,"turns":4.0},{"damage":0.0,"enemies":"Jaw Worm","floor":5.0,"turns":6.0},{"damage":5,"enemies":"2 Fungi Beasts","floor":7,"turns":6},{"damage":15,"enemies":"Exordium Thugs","floor":8,"turns":9},{"damage":15,"enemies":"Exordium Wildlife","floor":12,"turns":8},{"damage":2,"enemies":"Lots of Slimes","floor":14,"turns":7},{"damage":51,"enemies":"Slime Boss","floor":16,"turns":22}],"seed_played":"7280481881063038087","potions_obtained":[{"floor":4.0,"key":"FearPotion"},{"floor":5,"key":"Weak Potion"},{"floor":7,"key":"FearPotion"},{"floor":8,"key":"Weak Potion"}],"is_trial":false,"path_per_floor":["M","$","?","M","M","R","M","M","T","R","?","M","?","M","R"],"character_chosen":"THE_SILENT","items_purchased":["Well Laid Plans"],"campfire_rested":0,"item_purchase_floors":[2],"current_hp_per_floor":[69,69,69,69,69,69,64,49,49,49,70,55,52,50,50,0],"gold":157,"neow_bonus":"","is_prod":false,"is_daily":false,"chose_seed":false,"campfire_upgraded":3,"win_rate":0,"timestamp":1532059633,"path_taken":["M","$","?","M","M","R","M","?","T","R","?","M","?","?","R","BOSS"],"build_version":"2018-07-19","purchased_purges":0,"victory":false,"max_hp_per_floor":[70,70,70,70,70,70,70,70,70,70,70,70,70,70,70,70],"card_choices":[{"not_picked":["Deadly Poison","Distraction"],"picked":"Leg Sweep","floor":1.0},{"not_picked":["Backflip","Dagger Throw","Caltrops"],"picked":"SKIP","floor":4.0},{"not_picked":["Terror","PiercingWail","Accuracy"],"picked":"SKIP","floor":5},{"not_picked":["Poisoned Stab","Finisher"],"picked":"Bullet Time","floor":7},{"not_picked":["Predator","PiercingWail"],"picked":"Sucker Punch","floor":8},{"not_picked":["Deflect","Flying Knee","Poisoned Stab"],"picked":"SKIP","floor":12},{"not_picked":["Flying Knee","Sucker Punch"],"picked":"Acrobatics","floor":14}],"player_experience":758054,"relics_obtained":[{"floor":9,"key":"Matryoshka"}],"event_choices":[{"event_name":"Living Wall","player_choice":"Grow","floor":3.0,"damage_taken":0.0},{"event_name":"Big Fish","player_choice":"Banana","floor":11,"damage_taken":0},{"event_name":"Scrap Ooze","player_choice":"success","floor":13,"damage_taken":3}],"is_beta":true,"boss_relics":[],"items_purged_floors":[],"is_endless":false,"potions_floor_spawned":[4,5,7,8],"killed_by":"Slime Boss","ascension_level":0}