{"path_per_floor":["M","$","?","M","M","R","E","M","T","R","?","M","R","M","R","B",null,"M","M","?","M","$","E","R","E","T","?","M","M"],"character_chosen":"IRONCLAD","items_purchased":["Vajra","Bandage Up","Corruption","Apotheosis"],"gold_per_floor":[359,31,31,41,58,58,91,106,133,133,133,152,152,170,170,271,271,284,301,301,320,65,90,90,115,115,115,132,148,148],"floor_reached":30,"campfire_rested":1,"playtime":3070,"current_hp_per_floor":[73,73,73,80,80,80,76,80,80,80,73,80,80,80,80,80,80,80,80,80,80,80,33,72,61,61,61,39,21,0],"items_purged":["Decay"],"gold":148,"score":435,"play_id":"8e6606fd-1170-453a-9fbb-2fb2eb04d6c1","local_time":"20180416002849","is_prod":false,"is_daily":false,"chose_seed":false,"is_ascension_mode":true,"campfire_upgraded":4,"timestamp":1523863729,"path_taken":["M","$","?","M","M","R","E","M","T","R","?","M","R","M","R","BOSS","M","M","?","M","$","E","R","E","T","?","M","M","M"],"build_version":"2018-04-12","seed_source_timestamp":94655547300296,"purchased_purges":1,"victory":false,"master_deck":["Strike_R","Strike_R","Strike_R","Strike_R","Defend_R","Defend_R","Defend_R","Defend_R","Bash","Battle Trance+1","Bandage Up+1","Cleave+1","Flex+1","Reckless Charge","Rampage+1","Cleave","Iron Wave","Berserk","Reckless Charge","Flex+1","Dark Embrace","Corruption","Apotheosis","Clash+1","Metallicize","Battle Trance","Shrug It Off+1"],"max_hp_per_floor":[80,80,80,80,80,80,80,80,80,80,80,80,80,80,80,80,80,80,80,80,80,80,80,80,80,80,80,80,80,80],"relics":["Burning Blood","Vajra","Dodecahedron","Bag of Preparation","Black Star","Regal Pillow","Ancient Tea Set","Oddly Smooth Stone","Juzu Bracelet","Letter Opener"],"card_choices":[{"not_picked":["Pummel","Rage"],"picked":"Battle Trance","floor":1},{"not_picked":["Sword Boomerang","Clothesline"],"picked":"Cleave","floor":4},{"not_picked":["Havoc","Body Slam"],"picked":"Flex","floor":5},{"not_picked":["Dual Wield","True Grit"],"picked":"Reckless Charge","floor":7},{"not_picked":["Perfected Strike","Pommel Strike"],"picked":"Rampage","floor":8},{"not_picked":["Combust","True Grit"],"picked":"Cleave","floor":12},{"not_picked":["Warcry","Carnage"],"picked":"Iron Wave","floor":14},{"not_picked":["Bludgeon","Brutality"],"picked":"Berserk","floor":16},{"not_picked":["Hemokinesis","Headbutt"],"picked":"Reckless Charge","floor":18},{"not_picked":["Power Through","Iron Wave"],"picked":"Flex","floor":19},{"not_picked":["Clash","Headbutt"],"picked":"Dark Embrace","floor":21},{"not_picked":["Clothesline","Rupture"],"picked":"Clash","floor":23},{"not_picked":["Reckless Charge","Armaments"],"picked":"Metallicize","floor":25},{"not_picked":["Clash","True Grit"],"picked":"Shrug It Off","floor":29}],"player_experience":314597,"potions_floor_usage":[16,21,21,23,23],"damage_taken":[{"damage":5,"enemies":"2 Louse","floor":1,"turns":4},{"damage":1,"enemies":"Cultist","floor":4,"turns":3},{"damage":0,"enemies":"Small Slimes","floor":5,"turns":4},{"damage":16,"enemies":"Gremlin Nob","floor":7,"turns":3},{"damage":2,"enemies":"Exordium Wildlife","floor":8,"turns":2},{"damage":0,"enemies":"3 Louse","floor":12,"turns":2},{"damage":0,"enemies":"Looter","floor":14,"turns":1},{"damage":0,"enemies":"Slime Boss","floor":16,"turns":7},{"damage":11,"enemies":"3 Byrds","floor":18,"turns":4},{"damage":1,"enemies":"Spheric Guardian","floor":19,"turns":3},{"damage":18,"enemies":"Centurion and Healer","floor":21,"turns":6},{"damage":65,"enemies":"Book of Stabbing","floor":23,"turns":5},{"damage":23,"enemies":"Gremlin Leader","floor":25,"turns":6},{"damage":34,"enemies":"Sentry and Sphere","floor":28,"turns":6},{"damage":30,"enemies":"Snecko","floor":29,"turns":4},{"damage":31,"enemies":"Snake Plant","floor":30,"turns":3}],"event_choices":[{"event_name":"Upgrade Shrine","player_choice":"Upgraded","floor":3,"damage_taken":0},{"event_name":"Golden Wing","player_choice":"Card Removal","floor":11,"damage_taken":0},{"event_name":"The Woman in Blue","player_choice":"Bought 0 Potions","floor":20,"damage_taken":0},{"event_name":"The Library","player_choice":"Read","floor":27,"damage_taken":0}],"boss_relics":[{"not_picked":["Runic Dome","Tiny House"],"picked":"Black Star"}],"potions_floor_spawned":[1,5,7,12,18,21,29],"seed_played":"-7657138228131725323","killed_by":"Snake Plant","ascension_level":7,"is_trial":false}