{"gold_per_floor":[116,116,96,116,136,136,163,163,163,197,216,216],"floor_reached":12,"playtime":745,"items_purged":[],"score":158,"play_id":"aff2fdd6-c286-49a6-aba1-e97e2829688f","local_time":"20190813175352","is_ascension_mode":true,"campfire_choices":[{"floor":6,"key":"REST"}],"neow_cost":"NONE","seed_source_timestamp":545996514289985,"circlet_count":0,"master_deck":["AscendersBane","Strike_B","Strike_B","Strike_B+1","Strike_B+1","Defend_B","Defend_B","Defend_B","Defend_B","Zap","Dualcast","Doom and Gloom","Hologram","Auto Shields","Cold Snap","Steam"],"relics":["Black Star","Blue Candle","Bottled Lightning","Anchor","Letter Opener","StoneCalendar"],"potions_floor_usage":[7,10,12,12],"damage_taken":[{"damage":8,"enemies":"Jaw Worm","floor":1,"turns":6},{"damage":0,"enemies":"2 Louse","floor":4,"turns":2},{"damage":0,"enemies":"Cultist","floor":5,"turns":2},{"damage":38,"enemies":"Gremlin Nob","floor":7,"turns":4},{"damage":15,"enemies":"3 Sentries","floor":10,"turns":5},{"damage":1,"enemies":"Looter","floor":11,"turns":2},{"damage":3,"enemies":"Gremlin Nob","floor":12,"turns":4}],"seed_played":"-8062374704258281310","potions_obtained":[{"floor":1,"key":"FocusPotion"},{"floor":3,"key":"Explosive Potion"},{"floor":10,"key":"Block Potion"},{"floor":11,"key":"EssenceOfSteel"}],"is_trial":false,"path_per_floor":["M","?","?","M","M","R","E","?","T","E","M","E"],"character_chosen":"DEFECT","items_purchased":[],"campfire_rested":1,"item_purchase_floors":[],"current_hp_per_floor":[56,35,35,35,35,56,18,18,18,3,2,0],"gold":216,"neow_bonus":"BOSS_RELIC","is_prod":false,"is_daily":false,"chose_seed":false,"campfire_upgraded":0,"win_rate":0,"timestamp":1565744032,"path_taken":["M","?","?","M","?","R","E","?","T","E","M","E"],"build_version":"2019-07-17","purchased_purges":0,"victory":false,"max_hp_per_floor":[71,71,71,71,71,71,71,71,71,71,71,71],"card_choices":[{"not_picked":["Tempest","White Noise"],"picked":"Doom and Gloom","floor":1},{"not_picked":["Barrage","Stack"],"picked":"Hologram","floor":4},{"not_picked":["Gash","Self Repair"],"picked":"Auto Shields","floor":5},{"not_picked":["Hologram","Streamline","Scrape"],"picked":"SKIP","floor":7},{"not_picked":["Sweeping Beam","Storm"],"picked":"Cold Snap","floor":10},{"not_picked":["Compile Driver","Lockon"],"picked":"Steam","floor":11}],"player_experience":658167,"relics_obtained":[{"floor":7,"key":"Blue Candle"},{"floor":7,"key":"Bottled Lightning"},{"floor":9,"key":"Anchor"},{"floor":10,"key":"Letter Opener"},{"floor":10,"key":"StoneCalendar"}],"event_choices":[{"damage_healed":0,"gold_gain":0,"player_choice":"Entered Light","damage_taken":21,"max_hp_gain":0,"max_hp_loss":0,"event_name":"Shining Light","floor":2,"gold_loss":0,"cards_upgraded":["Strike_B","Strike_B"]},{"damage_healed":0,"gold_gain":0,"player_choice":"Bought 1 Potion","damage_taken":0,"max_hp_gain":0,"max_hp_loss":0,"event_name":"The Woman in Blue","floor":3,"gold_loss":0},{"damage_healed":0,"gold_gain":0,"player_choice":"Searched \u00271\u0027 times","damage_taken":0,"max_hp_gain":0,"max_hp_loss":0,"event_name":"Dead Adventurer","floor":8,"gold_loss":0}],"is_beta":false,"boss_relics":[],"items_purged_floors":[],"is_endless":false,"potions_floor_spawned":[1,10,11],"killed_by":"Gremlin Nob","ascension_level":16}