{"gold_per_floor":[109,109,121,121,17,17,31,31,56,69,69,89,124,124],"floor_reached":14,"playtime":267,"items_purged":[],"score":153,"play_id":"a8bec235-a1b8-4f1f-bc94-5e4f40da1953","local_time":"20190917215819","is_ascension_mode":true,"campfire_choices":[{"data":"Zap","floor":6.0,"key":"SMITH"}],"neow_cost":"NONE","seed_source_timestamp":289332751769600,"circlet_count":0,"master_deck":["AscendersBane","Strike_B","Strike_B","Strike_B","Strike_B","Defend_B","Defend_B","Defend_B","Defend_B","Zap+1","Dualcast","Ball Lightning","Coolheaded","Fusion","Chaos","Doom and Gloom","Go for the Eyes","Decay","Sweeping Beam","Static Discharge"],"special_seed":0,"relics":["Cracked Core","Smiling Mask","Orichalcum"],"potions_floor_usage":[13],"damage_taken":[{"damage":9.0,"enemies":"2 Louse","floor":1.0,"turns":2.0},{"damage":7.0,"enemies":"Jaw Worm","floor":3.0,"turns":3.0},{"damage":0.0,"enemies":"Cultist","floor":7.0,"turns":3.0},{"damage":6.0,"enemies":"2 Fungi Beasts","floor":10.0,"turns":3.0},{"damage":18.0,"enemies":"Lots of Slimes","floor":12.0,"turns":2.0},{"damage":19,"enemies":"Lagavulin","floor":13,"turns":5},{"damage":9,"enemies":"Blue Slaver","floor":14,"turns":1}],"seed_played":"4345562546624929897","potions_obtained":[{"floor":3.0,"key":"SkillPotion"},{"floor":10.0,"key":"Dexterity Potion"}],"is_trial":false,"path_per_floor":["M","$","M","?","$","R","M","?","T","M","?","M","E","M"],"character_chosen":"DEFECT","items_purchased":["Chaos","Doom and Gloom"],"campfire_rested":0,"item_purchase_floors":[5,5],"current_hp_per_floor":[55,55,48,48,48,48,48,48,48,42,42,24,5,0],"gold":124,"neow_bonus":"THREE_CARDS","is_prod":false,"is_daily":false,"chose_seed":false,"campfire_upgraded":1,"win_rate":0,"timestamp":1568775499,"path_taken":["M","$","M","?","$","R","M","?","T","?","?","M","E","M"],"build_version":"2019-09-17","purchased_purges":0,"victory":false,"max_hp_per_floor":[71,71,71,71,71,71,71,71,71,71,71,71,71,71],"card_choices":[{"not_picked":["Beam Cell","Melter"],"picked":"Ball Lightning","floor":0.0},{"not_picked":["Redo","Melter"],"picked":"Coolheaded","floor":1.0},{"not_picked":["Scrape","Self Repair"],"picked":"Fusion","floor":3.0},{"not_picked":["Aggregate","Scrape"],"picked":"Go for the Eyes","floor":7.0},{"not_picked":["Consume","Undo"],"picked":"Sweeping Beam","floor":10.0},{"not_picked":["Fusion","Steam"],"picked":"Static Discharge","floor":12.0},{"not_picked":["Gash","Redo","Darkness"],"picked":"SKIP","floor":13}],"player_experience":1377197,"relics_obtained":[{"floor":9.0,"key":"Smiling Mask"},{"floor":13,"key":"Orichalcum"}],"event_choices":[{"damage_healed":0.0,"max_hp_gain":0.0,"max_hp_loss":0.0,"gold_gain":0.0,"event_name":"Golden Wing","player_choice":"Ignored","floor":4.0,"gold_loss":0.0,"damage_taken":0.0},{"damage_healed":0.0,"max_hp_gain":0.0,"max_hp_loss":0.0,"gold_gain":0.0,"event_name":"Wheel of Change","player_choice":"Cursed","floor":8.0,"gold_loss":0.0,"damage_taken":0.0,"cards_obtained":["Decay"]},{"damage_healed":0.0,"max_hp_gain":0.0,"max_hp_loss":0.0,"gold_gain":0.0,"event_name":"The Woman in Blue","player_choice":"Bought 0 Potions","floor":11.0,"gold_loss":0.0,"damage_taken":0.0}],"is_beta":true,"boss_relics":[],"items_purged_floors":[],"is_endless":false,"potions_floor_spawned":[3,10],"killed_by":"Blue Slaver","ascension_level":14}