{"path_per_floor":["M","M","$","?","M","E","R","M","T","R","$","?","E","M","R","B",null,"M","?","$","M","M","E","?","R","T","M","?","M","R","?","R","B",null,"M","?","M","?","?","R","M","R","T","M","E","R","?","M","R","B"],"character_chosen":"IRONCLAD","items_purchased":["Sword Boomerang","Flex","Whirlwind","Thunderclap","Dead Branch"],"gold_per_floor":[111,124,71,71,89,120,120,137,189,189,85,85,118,135,135,231,231,244,244,2,17,29,64,64,64,64,76,76,91,91,6,6,105,105,119,172,191,191,191,191,202,202,202,214,247,247,247,257,257,257],"floor_reached":51,"campfire_rested":0,"playtime":2079,"item_purchase_floors":[3,11,11,11,20],"current_hp_per_floor":[74,78,78,78,80,70,70,71,71,71,71,71,77,80,80,68,80,78,62,62,68,62,63,63,63,63,55,55,61,61,61,61,61,83,65,75,70,70,70,70,76,76,76,82,78,78,68,65,65,47],"items_purged":[],"gold":257,"score":780,"play_id":"52802685-a308-4518-976a-14e9d9addde6","local_time":"20180526224609","is_prod":false,"is_daily":false,"chose_seed":false,"is_ascension_mode":false,"campfire_upgraded":10,"win_rate":0,"timestamp":1527389169,"campfire_choices":[{"data":"Disarm","floor":7,"key":"SMITH"},{"data":"True Grit","floor":10,"key":"SMITH"},{"data":"Shockwave","floor":15,"key":"SMITH"},{"data":"Armaments","floor":25,"key":"SMITH"},{"data":"Flex","floor":30,"key":"SMITH"},{"data":"Battle Trance","floor":32,"key":"SMITH"},{"data":"Whirlwind","floor":40,"key":"SMITH"},{"data":"Fiend Fire","floor":42,"key":"SMITH"},{"data":"Feel No Pain","floor":46,"key":"SMITH"},{"data":"Demon Form","floor":49,"key":"SMITH"}],"path_taken":["M","M","$","?","M","E","R","M","T","R","$","?","E","M","R","BOSS","M","?","$","M","M","E","?","R","T","M","?","M","R","?","R","BOSS","M","?","M","?","?","R","M","R","T","M","E","R","?","M","R","BOSS"],"build_version":"2018-05-25","seed_source_timestamp":336634602372552,"purchased_purges":0,"victory":true,"master_deck":["Bash","Shockwave+1","Shrug It Off","Battle Trance+1","Sword Boomerang","Shrug It Off","Disarm+1","True Grit+1","Flex+1","Whirlwind+1","Thunderclap","Fiend Fire+1","Clothesline","Fiend Fire","Armaments+1","Rage+1","Havoc+1","Disarm","Demon Form+1","Wild Strike","Shrug It Off","Havoc","Shrug It Off","Clothesline","Twin Strike","Sentinel","Metallicize+1","Purity","Battle Trance+1","Feel No Pain+1","Madness","Madness"],"max_hp_per_floor":[80,80,80,80,80,80,80,80,80,80,80,80,80,80,80,80,80,80,80,80,80,80,80,80,80,80,80,80,80,80,80,80,83,83,83,83,83,83,83,83,83,83,83,83,83,83,83,83,83,83],"relics":["Burning Blood","The Courier","Orichalcum","Art of War","Cursed Key","Enchiridion","Dead Branch","Juzu Bracelet","Champion Belt","Pandora\u0027s Box","Thread and Needle","Blood Vial"],"card_choices":[{"not_picked":["Anger","Havoc"],"picked":"Shrug It Off","floor":1},{"not_picked":["Burning Pact","Sever Soul"],"picked":"Battle Trance","floor":2},{"not_picked":["Power Through","Heavy Blade"],"picked":"Shrug It Off","floor":5},{"not_picked":["Havoc","Anger"],"picked":"Disarm","floor":6},{"not_picked":["Clothesline","Dark Embrace"],"picked":"True Grit","floor":8},{"not_picked":["Perfected Strike","Second Wind"],"picked":"Clothesline","floor":13},{"not_picked":["Whirlwind","Shrug It Off","Twin Strike"],"picked":"SKIP","floor":14},{"not_picked":["Exhume","Dark Embrace"],"picked":"Fiend Fire","floor":16},{"not_picked":["Blood for Blood+1","Iron Wave","Cleave"],"picked":"SKIP","floor":18},{"not_picked":["Headbutt","Blood for Blood"],"picked":"Armaments","floor":21},{"not_picked":["Thunderclap+1","Cleave+1"],"picked":"Rage+1","floor":22},{"not_picked":["Warcry","Bludgeon"],"picked":"Havoc+1","floor":23},{"not_picked":["Anger","Pommel Strike","Spot Weakness"],"picked":"SKIP","floor":27},{"not_picked":["Sentinel","Dual Wield","Fire Breathing"],"picked":"SKIP","floor":29},{"not_picked":["Barricade","Brutality"],"picked":"Demon Form","floor":33},{"not_picked":["Evolve+1","Pommel Strike+1"],"picked":"Sentinel","floor":35},{"not_picked":["Havoc+1","Reckless Charge"],"picked":"Metallicize+1","floor":37},{"not_picked":["Dramatic Entrance","Good Instincts"],"picked":"Purity","floor":39},{"not_picked":["Cleave+1","Flex"],"picked":"Battle Trance+1","floor":41},{"not_picked":["Warcry","Clothesline+1","Twin Strike+1"],"picked":"SKIP","floor":44},{"not_picked":["Whirlwind+1","Rupture"],"picked":"Feel No Pain","floor":45},{"not_picked":["Anger","Wild Strike+1","Iron Wave+1"],"picked":"SKIP","floor":48}],"player_experience":504594,"potions_floor_usage":[6,6,33,50,50],"damage_taken":[{"damage":12,"enemies":"Small Slimes","floor":1,"turns":6},{"damage":2,"enemies":"Cultist","floor":2,"turns":5},{"damage":0,"enemies":"Jaw Worm","floor":5,"turns":3},{"damage":16,"enemies":"3 Sentries","floor":6,"turns":5},{"damage":5,"enemies":"Looter","floor":8,"turns":4},{"damage":0,"enemies":"Gremlin Nob","floor":13,"turns":3},{"damage":0,"enemies":"Exordium Thugs","floor":14,"turns":3},{"damage":18,"enemies":"The Guardian","floor":16,"turns":12},{"damage":8,"enemies":"Spheric Guardian","floor":18,"turns":6},{"damage":0,"enemies":"3 Byrds","floor":21,"turns":4},{"damage":12,"enemies":"Slaver and Parasite","floor":22,"turns":4},{"damage":5,"enemies":"Gremlin Leader","floor":23,"turns":6},{"damage":14,"enemies":"Centurion and Healer","floor":27,"turns":4},{"damage":0,"enemies":"Snecko","floor":29,"turns":2},{"damage":9,"enemies":"Champ","floor":33,"turns":6},{"damage":24,"enemies":"Flame Bruiser 1 Orb","floor":35,"turns":5},{"damage":10,"enemies":"Mysterious Sphere","floor":36,"turns":3},{"damage":11,"enemies":"3 Darklings","floor":37,"turns":5},{"damage":0,"enemies":"Maw","floor":41,"turns":7},{"damage":0,"enemies":"Transient","floor":44,"turns":5},{"damage":10,"enemies":"2 Orb Walkers","floor":45,"turns":3},{"damage":11,"enemies":"4 Shapes","floor":48,"turns":4},{"damage":26,"enemies":"Time Eater","floor":50,"turns":6}],"relics_obtained":[{"floor":6,"key":"The Courier"},{"floor":9,"key":"Orichalcum"},{"floor":13,"key":"Art of War"},{"floor":19,"key":"Enchiridion"},{"floor":23,"key":"Juzu Bracelet"},{"floor":36,"key":"Thread and Needle"},{"floor":45,"key":"Blood Vial"}],"event_choices":[{"event_name":"Purifier","player_choice":"One Purge","floor":4,"damage_taken":0},{"event_name":"Match and Keep!","player_choice":"1 cards matched","floor":12,"damage_taken":0},{"event_name":"Cursed Tome","player_choice":"Obtained Book","floor":19,"damage_taken":0},{"event_name":"The Library","player_choice":"Read","floor":24,"damage_taken":0},{"event_name":"Ghosts","player_choice":"Ignored","floor":28,"damage_taken":0},{"event_name":"Addict","player_choice":"Obtained Relic","floor":31,"damage_taken":0},{"event_name":"Mysterious Sphere","player_choice":"Fight","floor":36,"damage_taken":0},{"event_name":"Wheel of Change","player_choice":"Card Removal","floor":38,"damage_taken":0},{"event_name":"SensoryStone","player_choice":"Memory 1","floor":39,"damage_taken":0},{"event_name":"Winding Halls","player_choice":"Embrace Madness","floor":47,"damage_taken":0}],"boss_relics":[{"not_picked":["Tiny House","Black Star"],"picked":"Cursed Key"},{"not_picked":["Orrery","Eternal Feather"],"picked":"Pandora\u0027s Box"}],"items_purged_floors":[],"potions_floor_spawned":[2,5,6,8,18,22,29,44,45,48],"seed_played":"2575516931566283791","ascension_level":0,"potions_obtained":[{"floor":2,"key":"Fire Potion"},{"floor":5,"key":"AttackPotion"},{"floor":6,"key":"SpeedPotion"},{"floor":8,"key":"Strength Potion"},{"floor":18,"key":"Fire Potion"},{"floor":44,"key":"Strength Potion"}],"is_trial":false}