{"gold_per_floor":[112,112,112,129,149,149,167,167,194,194,165,195,206,156,156,254,254,265,265,265,282,295,295,306,46,46,46,46,80,80,98,98,200,200,213,232,232,246,246,246,54,104,104,104,138,153,153,166,166,264,264,284,82,94,155,172,202,202,215,215,215,215,239,239,239,239,362,362,387,410,410,424,281,281,319,319,360,203,221,239,239,164,164,294,294,307,640,640,192,203,203,216,226,251,261,277,308,308,58,58,58],"floor_reached":101,"playtime":3604,"items_purged":[],"score":2302,"play_id":"5497a949-7a7b-4491-92b7-9854ae80c085","local_time":"20180704040450","is_ascension_mode":false,"campfire_choices":[{"data":"True Grit","floor":6,"key":"SMITH"},{"data":"Sword Boomerang","floor":8,"key":"SMITH"},{"data":"Body Slam","floor":15,"key":"SMITH"},{"data":"Demon Form","floor":23,"key":"SMITH"},{"data":"Pummel","floor":27,"key":"SMITH"},{"data":"Reaper","floor":32,"key":"SMITH"},{"data":"Double Tap","floor":40,"key":"SMITH"},{"data":"Heavy Blade","floor":44,"key":"SMITH"},{"data":"Impervious","floor":47,"key":"SMITH"},{"data":"Bash","floor":49,"key":"SMITH"},{"data":"Bludgeon","floor":58,"key":"SMITH"},{"data":"Uppercut","floor":62,"key":"SMITH"},{"data":"Heavy Blade","floor":66,"key":"SMITH"},{"data":"Demon Form","floor":74,"key":"SMITH"},{"data":"Reaper","floor":76,"key":"SMITH"},{"data":"Reaper","floor":83,"key":"SMITH"},{"data":"Uppercut","floor":91,"key":"SMITH"},{"data":"Double Tap","floor":100,"key":"SMITH"}],"neow_cost":"","seed_source_timestamp":262857975448404,"circlet_count":0,"master_deck":["Strike_R","Strike_R","Strike_R+1","Strike_R","Defend_R","Defend_R","Defend_R","Defend_R","Bash+1","True Grit+1","Sword Boomerang+1","Pummel+1","Impervious+1","Body Slam+1","Demon Form+1","Twin Strike+1","Sword Boomerang+1","Pummel+1","Reaper+1","Double Tap+1","Reaper+1","Heavy Blade+1","Bludgeon+1","Heavy Blade+1","Demon Form+1","Uppercut+1","Demon Form+1","Bludgeon+1","Reaper+1","Barricade","Uppercut+1","Mind Blast","Double Tap+1","Parasite","Decay"],"relics":["Burning Blood","Juzu Bracelet","Happy Flower","Snecko Eye","Shuriken","Kunai","Anchor","Ice Cream","Cursed Key","Vajra","Incense Burner","Regal Pillow","Coffee Dripper","DollysMirror","Ginger","Omamori","Strawberry","Bottled Tornado","Medical Kit","Calipers","Blue Candle"],"potions_floor_usage":[16,22,33,42,50,50,50,75,75,97,101,101,101],"damage_taken":[{"damage":5,"enemies":"2 Louse","floor":1,"turns":3},{"damage":6,"enemies":"Jaw Worm","floor":4,"turns":4},{"damage":2,"enemies":"Small Slimes","floor":5,"turns":3},{"damage":11,"enemies":"2 Fungi Beasts","floor":7,"turns":5},{"damage":14,"enemies":"Exordium Thugs","floor":13,"turns":3},{"damage":34,"enemies":"Slime Boss","floor":16,"turns":14},{"damage":7,"enemies":"Shell Parasite","floor":18,"turns":3},{"damage":5,"enemies":"Spheric Guardian","floor":21,"turns":3},{"damage":21,"enemies":"Centurion and Healer","floor":22,"turns":6},{"damage":5,"enemies":"Cultist and Chosen","floor":24,"turns":4},{"damage":4,"enemies":"Book of Stabbing","floor":29,"turns":4},{"damage":6,"enemies":"3 Cultists","floor":31,"turns":3},{"damage":62,"enemies":"Collector","floor":33,"turns":8},{"damage":15,"enemies":"Flame Bruiser 1 Orb","floor":35,"turns":4},{"damage":0,"enemies":"Orb Walker","floor":36,"turns":2},{"damage":4,"enemies":"Spire Growth","floor":38,"turns":3},{"damage":23,"floor":42,"turns":4},{"damage":6,"enemies":"Giant Head","floor":45,"turns":6},{"damage":6,"enemies":"4 Shapes","floor":46,"turns":3},{"damage":0,"enemies":"3 Darklings","floor":48,"turns":4},{"damage":33,"enemies":"Awakened One","floor":50,"turns":7},{"damage":0,"enemies":"2 Louse","floor":52,"turns":1},{"damage":7,"enemies":"Jaw Worm","floor":54,"turns":2},{"damage":0,"enemies":"Cultist","floor":56,"turns":2},{"damage":0,"enemies":"3 Sentries","floor":57,"turns":2},{"damage":7,"enemies":"Red Slaver","floor":59,"turns":4},{"damage":0,"enemies":"Blue Slaver","floor":63,"turns":2},{"damage":0,"enemies":"Slime Boss","floor":67,"turns":3},{"damage":0,"enemies":"Shell Parasite","floor":69,"turns":2},{"damage":0,"enemies":"2 Thieves","floor":70,"turns":2},{"damage":22,"enemies":"Snake Plant","floor":72,"turns":2},{"damage":52,"enemies":"Slavers","floor":75,"turns":3},{"damage":0,"enemies":"Gremlin Leader","floor":77,"turns":3},{"damage":11,"enemies":"Cultist and Chosen","floor":79,"turns":3},{"damage":18,"enemies":"Centurion and Healer","floor":80,"turns":4},{"damage":119,"enemies":"Collector","floor":84,"turns":5},{"damage":40,"enemies":"3 Darklings","floor":86,"turns":3},{"damage":0,"enemies":"Flame Bruiser 1 Orb","floor":90,"turns":3},{"damage":45,"enemies":"Sphere and 2 Shapes","floor":92,"turns":3},{"damage":20,"enemies":"3 Darklings","floor":93,"turns":4},{"damage":21,"enemies":"Nemesis","floor":94,"turns":3},{"damage":21,"enemies":"4 Shapes","floor":95,"turns":2},{"damage":0,"enemies":"Flame Bruiser 2 Orb","floor":96,"turns":3},{"damage":40,"enemies":"2 Orb Walkers","floor":97,"turns":3},{"damage":45,"floor":98,"turns":4},{"damage":85,"enemies":"Donu and Deca","floor":101,"turns":4}],"seed_played":"5094131106318272634","potions_obtained":[{"floor":1,"key":"Regen Potion"},{"floor":5,"key":"PowerPotion"},{"floor":13,"key":"Fire Potion"},{"floor":16,"key":"Strength Potion"},{"floor":24,"key":"Strength Potion"},{"floor":45,"key":"Explosive Potion"},{"floor":46,"key":"SkillPotion"},{"floor":50,"key":"Dexterity Potion"},{"floor":52,"key":"Poison Potion"},{"floor":56,"key":"AttackPotion"},{"floor":75,"key":"Ancient Potion"},{"floor":77,"key":"Block Potion"},{"floor":98,"key":"AttackPotion"}],"is_trial":true,"path_per_floor":["M","?","?","M","M","R","M","R","T","?","?","?","M","$","R","B",null,"M","?","?","M","M","R","M","$","T","R","?","E","$","M","R","B",null,"M","M","$","M","?","R","$","?","T","R","E","M","R","M","R","B",null,"M","$","M","?","M","E","R","M","T","?","R","M","?","?","R","B",null,"M","M","?","M","$","R","E","R","E","$","M","M","?","$","R","B",null,"M","?","?","$","M","R","M","M","E","M","M","E","?","$","R"],"character_chosen":"IRONCLAD","items_purchased":["Body Slam","Kunai","Vajra","Heavy Blade","DollysMirror","Omamori","Strawberry","Reaper","Bottled Tornado","Medical Kit","Blue Candle"],"campfire_rested":0,"item_purchase_floors":[14,25,41,41,53,73,78,82,89,89,99],"current_hp_per_floor":[80,73,66,66,70,70,65,65,65,49,49,49,41,41,41,13,80,79,79,79,80,65,65,66,66,66,66,66,68,68,80,80,34,80,77,80,80,80,80,80,80,63,63,63,80,80,80,80,80,53,80,80,80,80,80,80,80,80,80,80,60,60,73,78,53,53,59,85,85,85,85,69,69,69,85,85,85,92,92,92,92,92,92,54,46,37,37,37,37,46,46,46,46,46,31,46,33,7,7,7,0],"gold":58,"neow_bonus":"","is_prod":false,"is_daily":false,"chose_seed":false,"campfire_upgraded":18,"win_rate":0,"timestamp":1530691490,"path_taken":["M","?","?","M","M","R","M","R","T","?","?","?","M","$","R","BOSS","M","?","?","M","M","R","M","$","T","R","?","E","?","M","R","BOSS","M","M","$","M","?","R","$","?","T","R","E","M","R","M","R","BOSS","M","$","M","?","M","E","R","M","T","?","R","M","?","?","R","BOSS","M","M","?","M","?","R","E","R","E","$","M","M","?","?","R","BOSS","M","?","?","$","M","R","M","M","E","M","M","E","?","?","R","BOSS"],"build_version":"2018-07-02","purchased_purges":0,"victory":false,"max_hp_per_floor":[80,80,80,80,80,80,80,80,80,80,80,80,80,80,80,80,80,80,80,80,80,80,80,80,80,80,80,80,80,80,80,80,80,80,80,80,80,80,80,80,80,80,80,80,80,80,80,80,80,80,80,80,80,80,80,80,80,80,80,80,80,80,80,85,85,85,85,85,85,85,85,85,85,85,85,85,85,92,92,92,92,92,92,92,46,46,46,46,46,46,46,46,46,46,46,46,46,46,46,46,46],"card_choices":[{"not_picked":["Burning Pact","Second Wind"],"picked":"True Grit","floor":1},{"not_picked":["Clothesline","Headbutt"],"picked":"Sword Boomerang","floor":4},{"not_picked":["Twin Strike","Burning Pact"],"picked":"Pummel","floor":5},{"not_picked":["Rage","Iron Wave","Warcry"],"picked":"SKIP","floor":7},{"not_picked":["Dual Wield","Cleave"],"picked":"Impervious","floor":13},{"not_picked":["Berserk","Bludgeon"],"picked":"Demon Form","floor":16},{"not_picked":["Dropkick","Carnage"],"picked":"Twin Strike+1","floor":18},{"not_picked":["Thunderclap","Body Slam","Reckless Charge"],"picked":"SKIP","floor":21},{"not_picked":["Burning Pact","Shrug It Off"],"picked":"Sword Boomerang+1","floor":22},{"not_picked":["Spot Weakness","True Grit"],"picked":"Pummel","floor":24},{"not_picked":["Seeing Red+1","Evolve","Feel No Pain"],"picked":"SKIP","floor":29},{"not_picked":["Thunderclap","Sentinel"],"picked":"Double Tap","floor":31},{"not_picked":["Barricade","Feed"],"picked":"Reaper","floor":33},{"not_picked":["Havoc","Dual Wield","Cleave"],"picked":"SKIP","floor":35},{"not_picked":["Cleave","Sword Boomerang","Dropkick+1"],"picked":"SKIP","floor":36},{"not_picked":["Clothesline","Anger+1","Wild Strike+1"],"picked":"SKIP","floor":38},{"not_picked":["Body Slam+1","Metallicize+1","Havoc+1"],"picked":"SKIP","floor":45},{"not_picked":["Blood for Blood+1","Thunderclap","Sword Boomerang+1"],"picked":"SKIP","floor":46},{"not_picked":["Warcry","Pommel Strike","Twin Strike"],"picked":"SKIP","floor":48},{"not_picked":["Exhume","Barricade"],"picked":"Bludgeon","floor":50},{"not_picked":["Twin Strike","Entrench"],"picked":"Heavy Blade","floor":52},{"not_picked":["Infernal Blade","Armaments","Perfected Strike"],"picked":"SKIP","floor":54},{"not_picked":["Twin Strike","Second Wind","Rampage"],"picked":"SKIP","floor":56},{"not_picked":["Body Slam","Rupture","Seeing Red"],"picked":"SKIP","floor":57},{"not_picked":["Clash","Iron Wave"],"picked":"Uppercut","floor":59},{"not_picked":["Entrench","Thunderclap","True Grit"],"picked":"SKIP","floor":63},{"not_picked":["Reaper","Immolate"],"picked":"Demon Form","floor":67},{"not_picked":["Power Through","Wild Strike","Thunderclap"],"picked":"SKIP","floor":69},{"not_picked":["Sword Boomerang+1","Fire Breathing","Reckless Charge"],"picked":"SKIP","floor":70},{"not_picked":["Disarm","Blood for Blood+1","Heavy Blade"],"picked":"SKIP","floor":72},{"not_picked":["Anger","Cleave+1","Twin Strike"],"picked":"SKIP","floor":75},{"not_picked":["Cleave","Dropkick+1","Offering"],"picked":"SKIP","floor":77},{"not_picked":["Perfected Strike","Heavy Blade","Iron Wave"],"picked":"SKIP","floor":79},{"not_picked":["Searing Blow","Armaments","Twin Strike"],"picked":"SKIP","floor":80},{"not_picked":["Fiend Fire","Brutality"],"picked":"Barricade","floor":84},{"not_picked":["Cleave","Dual Wield"],"picked":"Uppercut","floor":86},{"not_picked":["Chrysalis","Enlightenment"],"picked":"Mind Blast","floor":88},{"not_picked":["Shrug It Off+1","Twin Strike+1","Clash"],"picked":"SKIP","floor":90},{"not_picked":["Carnage","Pommel Strike","Sword Boomerang"],"picked":"SKIP","floor":92},{"not_picked":["Clothesline+1","Cleave","Battle Trance"],"picked":"SKIP","floor":93},{"not_picked":["Dark Embrace","Headbutt","Shrug It Off"],"picked":"SKIP","floor":94},{"not_picked":["Iron Wave+1","Havoc+1","Warcry"],"picked":"SKIP","floor":95},{"not_picked":["Second Wind+1","Uppercut+1","Searing Blow"],"picked":"SKIP","floor":96},{"not_picked":["Reckless Charge+1","Intimidate+1"],"picked":"Double Tap","floor":97}],"player_experience":584440,"relics_obtained":[{"floor":9,"key":"Happy Flower"},{"floor":26,"key":"Anchor"},{"floor":29,"key":"Ice Cream"},{"floor":42,"key":"Incense Burner"},{"floor":45,"key":"Regal Pillow"},{"floor":98,"key":"Calipers"}],"event_choices":[{"event_name":"Scrap Ooze","player_choice":"success","floor":2,"damage_taken":7},{"event_name":"Golden Wing","player_choice":"Card Removal","floor":3,"damage_taken":0},{"event_name":"Shining Light","player_choice":"Entered Light","floor":10,"damage_taken":0},{"event_name":"World of Goop","player_choice":"Left","floor":11,"damage_taken":0},{"event_name":"Dead Adventurer","player_choice":"Searched \u00271\u0027 times","floor":12,"damage_taken":0},{"event_name":"The Mausoleum","player_choice":"Yes","floor":19,"damage_taken":0},{"event_name":"Vampires","player_choice":"Ignored","floor":20,"damage_taken":0},{"event_name":"The Library","player_choice":"Read","floor":28,"damage_taken":0},{"event_name":"SensoryStone","player_choice":"Memory 1","floor":39,"damage_taken":0},{"event_name":"Mysterious Sphere","player_choice":"Fight","floor":42,"damage_taken":0},{"event_name":"Golden Wing","player_choice":"Gained Gold","floor":55,"damage_taken":0},{"event_name":"Golden Idol","player_choice":"Take Damage","floor":61,"damage_taken":0},{"event_name":"Big Fish","player_choice":"Donut","floor":64,"damage_taken":0},{"event_name":"Scrap Ooze","player_choice":"success","floor":65,"damage_taken":25},{"event_name":"Drug Dealer","player_choice":"Ignored","floor":71,"damage_taken":0},{"event_name":"Duplicator","player_choice":"One dupe","floor":81,"damage_taken":0},{"event_name":"The Moai Head","player_choice":"Gave Idol","floor":87,"damage_taken":0},{"event_name":"SensoryStone","player_choice":"Memory 1","floor":88,"damage_taken":0},{"event_name":"MindBloom","player_choice":"Fight","floor":98,"damage_taken":0}],"boss_relics":[{"not_picked":["Calling Bell","Velvet Choker"],"picked":"Snecko Eye"},{"not_picked":["Astrolabe","Eternal Feather"],"picked":"Cursed Key"},{"not_picked":["Runic Pyramid","Fusion Hammer"],"picked":"Coffee Dripper"},{"not_picked":["TwistingMind"],"picked":"Accursed"},{"not_picked":["TwistingMind"],"picked":"BlightedDurian"}],"items_purged_floors":[],"is_endless":true,"potions_floor_spawned":[1,5,13,16,21,24,29,45,46,50,52,56,59,72,75,77,80,86,90,93,96,98],"killed_by":"Donu and Deca","ascension_level":0}