{"gold_per_floor":[110,35,48,48,48,48,123,123,149,164,180,180,196,220,220,340,340,356,406,113,134,134,165,165,165],"floor_reached":25,"playtime":899,"items_purged":["Shame","Regret"],"score":253,"play_id":"2a7b817b-fa0a-4184-a4f6-570274f0c0e1","local_time":"20180815010205","is_ascension_mode":true,"campfire_choices":[{"data":"Underhanded Strike","floor":6,"key":"SMITH"},{"data":"Neutralize","floor":8,"key":"SMITH"},{"data":"Acrobatics","floor":12,"key":"SMITH"},{"floor":15,"key":"REST"},{"data":"Metamorphosis","floor":24,"key":"SMITH"}],"neow_cost":"NONE","seed_source_timestamp":811878248055882,"circlet_count":0,"master_deck":["Defend_G","Defend_G","Defend_G","Defend_G+1","Defend_G","Strike_G","Strike_G","Strike_G","Strike_G","Strike_G","Survivor+1","Neutralize+1","Clumsy","Acrobatics+1","Underhanded Strike+1","Prepared","Noxious Fumes","Tools of the Trade","Sucker Punch+1","Metamorphosis+1","All Out Attack","After Image"],"relics":["Calling Bell","War Paint","Pantograph","Tough Bandages","Golden Idol","Bronze Scales","Cursed Key","Unceasing Top","Lantern"],"potions_floor_usage":[25,25],"damage_taken":[{"damage":11,"enemies":"Small Slimes","floor":1,"turns":8},{"damage":3,"enemies":"Jaw Worm","floor":3,"turns":8},{"damage":2,"enemies":"2 Louse","floor":10,"turns":3},{"damage":4,"enemies":"Blue Slaver","floor":11,"turns":4},{"damage":2,"enemies":"3 Louse","floor":13,"turns":2},{"damage":1,"enemies":"Exordium Wildlife","floor":14,"turns":5},{"damage":47,"enemies":"Slime Boss","floor":16,"turns":11},{"damage":1,"enemies":"3 Byrds","floor":18,"turns":4},{"damage":16,"enemies":"Chosen","floor":21,"turns":6},{"damage":21,"enemies":"Book of Stabbing","floor":23,"turns":5},{"damage":33,"enemies":"Slavers","floor":25,"turns":4}],"seed_played":"-5899429720048892311","potions_obtained":[{"floor":1,"key":"SkillPotion"},{"floor":11,"key":"SteroidPotion"},{"floor":14,"key":"PowerPotion"}],"is_trial":false,"path_per_floor":["M","$","M","?","?","R","?","R","T","M","M","R","M","M","R","B",null,"M","?","$","M","?","E","R"],"character_chosen":"THE_SILENT","items_purchased":["Metamorphosis"],"campfire_rested":1,"item_purchase_floors":[20],"current_hp_per_floor":[59,59,56,39,62,62,51,51,51,49,45,45,43,42,63,23,70,69,69,69,53,53,32,32,0],"gold":165,"neow_bonus":"BOSS_RELIC","is_prod":false,"is_daily":false,"chose_seed":false,"campfire_upgraded":4,"win_rate":0,"timestamp":1534309325,"path_taken":["M","$","M","?","?","R","?","R","T","M","M","R","M","M","R","BOSS","M","?","$","M","?","E","R","E"],"build_version":"2018-08-13v2","purchased_purges":2,"victory":false,"max_hp_per_floor":[70,70,70,70,70,70,70,70,70,70,70,70,70,70,70,70,70,70,70,70,70,70,70,70,70],"card_choices":[{"not_picked":["Cloak And Dagger","Slice"],"picked":"Acrobatics","floor":1},{"not_picked":["Catalyst","Bullet Time"],"picked":"Underhanded Strike","floor":3},{"not_picked":["Outmaneuver","Dodge and Roll"],"picked":"Prepared","floor":10},{"not_picked":["Flying Knee","Bane","Riddle With Holes"],"picked":"SKIP","floor":11},{"not_picked":["Bane","Riddle With Holes"],"picked":"Noxious Fumes","floor":13},{"not_picked":["Dodge and Roll","Outmaneuver","Acrobatics"],"picked":"SKIP","floor":14},{"not_picked":["Burst","Bullet Time"],"picked":"Tools of the Trade","floor":16},{"not_picked":["Dagger Spray","Cloak And Dagger"],"picked":"Sucker Punch+1","floor":18},{"not_picked":["PiercingWail+1","Infinite Blades+1"],"picked":"All Out Attack","floor":21},{"not_picked":["Bane","Blade Dance+1"],"picked":"After Image","floor":23}],"player_experience":863975,"relics_obtained":[{"floor":0,"key":"War Paint"},{"floor":0,"key":"Pantograph"},{"floor":0,"key":"Tough Bandages"},{"floor":9,"key":"Bronze Scales"},{"floor":23,"key":"Lantern"}],"event_choices":[{"event_name":"Golden Idol","player_choice":"Take Damage","floor":4,"damage_taken":0},{"event_name":"Big Fish","player_choice":"Banana","floor":5,"damage_taken":0},{"event_name":"World of Goop","player_choice":"Gather Gold","floor":7,"damage_taken":0},{"event_name":"The Joust","player_choice":"Bet on Murderer","floor":19,"damage_taken":0},{"event_name":"The Mausoleum","player_choice":"Yes","floor":22,"damage_taken":0}],"is_beta":true,"boss_relics":[{"not_picked":["Busted Crown","Eternal Feather"],"picked":"Cursed Key"}],"items_purged_floors":[2,20],"is_endless":false,"potions_floor_spawned":[1,11,14,21,23],"killed_by":"Slavers","ascension_level":4}