{"path_per_floor":["M","$","?","?","M","R","E","R","T","R","M","?","E","$","R","B",null,"M","?","M","M","$","R","?","R","T","$","M","R","?","M","R","B",null,"M","?","?","M","$","R","?","M","T","M","R","?","M","M","R","B"],"character_chosen":"IRONCLAD","items_purchased":["Evolve","Inflame","Blood Vial","Whetstone","Bottled Tornado"],"gold_per_floor":[111,38,113,113,126,126,154,154,154,154,167,167,202,22,22,125,125,143,143,157,167,53,53,53,53,80,20,32,32,32,52,52,157,157,167,222,222,233,38,38,38,50,50,70,70,70,85,104,104,104],"floor_reached":51,"campfire_rested":1,"playtime":1351,"current_hp_per_floor":[80,80,69,57,63,63,69,69,69,69,64,64,65,65,65,20,80,76,76,72,61,61,61,61,61,61,61,57,57,80,68,68,31,80,61,40,40,48,48,48,48,27,27,28,28,20,14,21,45,17],"items_purged":["Pain"],"gold":104,"score":703,"play_id":"f1e48026-228d-4794-b711-f07f5d6dcda9","local_time":"20180414233312","is_prod":false,"is_daily":false,"chose_seed":false,"is_ascension_mode":false,"campfire_upgraded":10,"timestamp":1523763192,"path_taken":["M","$","?","?","M","R","E","R","T","R","M","?","E","?","R","BOSS","M","?","M","M","$","R","?","R","T","?","M","R","?","M","R","BOSS","M","?","?","M","$","R","?","M","T","M","R","?","M","M","R","BOSS"],"build_version":"2018-04-12","seed_source_timestamp":1208003243277350,"purchased_purges":1,"victory":true,"master_deck":["Strike_R","Strike_R+1","Strike_R","Strike_R","Strike_R+1","Defend_R","Defend_R","Defend_R","Bash","Reckless Charge+1","Evolve+1","Perfected Strike+1","Battle Trance","Metallicize+1","Ghostly Armor","Inflame+1","Double Tap","Metallicize+1","Seeing Red","Rage+1","Perfected Strike+1","Corruption+1","Limit Break+1","Uppercut+1","Good Instincts","Shrug It Off+1","Headbutt+1"],"max_hp_per_floor":[80,80,80,80,80,80,80,80,80,80,80,80,80,80,80,80,80,80,80,80,80,80,80,80,80,80,80,80,80,80,80,80,80,80,80,80,80,80,80,80,80,80,80,80,80,80,80,80,80,80],"relics":["Burning Blood","NeowsBlessing","The Courier","Juzu Bracelet","Self Forming Clay","Centennial Puzzle","Blood Vial","Cursed Key","Whetstone","Ancient Tea Set","Velvet Choker","Peace Pipe","Bottled Tornado"],"card_choices":[{"not_picked":["Twin Strike","Iron Wave"],"picked":"Reckless Charge","floor":1},{"not_picked":["Metallicize","Sword Boomerang"],"picked":"Perfected Strike","floor":5},{"not_picked":["Armaments","Pommel Strike"],"picked":"Battle Trance","floor":7},{"not_picked":["Headbutt","Sever Soul"],"picked":"Metallicize","floor":11},{"not_picked":["Carnage","Anger"],"picked":"Ghostly Armor","floor":13},{"not_picked":["Impervious","Bludgeon"],"picked":"Double Tap","floor":16},{"not_picked":["Havoc","Infernal Blade"],"picked":"Metallicize","floor":18},{"not_picked":["Heavy Blade","Dropkick"],"picked":"Seeing Red","floor":20},{"not_picked":["Flex","Bludgeon"],"picked":"Perfected Strike","floor":28},{"not_picked":["Sever Soul","Body Slam"],"picked":"Corruption","floor":31},{"not_picked":["Exhume","Double Tap"],"picked":"Limit Break","floor":33},{"not_picked":["Ghostly Armor","Flex"],"picked":"Uppercut","floor":35},{"not_picked":["Mind Blast","Deep Breath"],"picked":"Good Instincts","floor":41},{"not_picked":["Twin Strike","Armaments"],"picked":"Shrug It Off","floor":42},{"not_picked":["Reckless Charge","Burning Pact"],"picked":"Headbutt","floor":48}],"player_experience":353235,"potions_floor_usage":[13,28,33,50,50],"damage_taken":[{"damage":0,"enemies":"Small Slimes","floor":1,"turns":1},{"damage":0,"enemies":"2 Louse","floor":5,"turns":1},{"damage":0,"enemies":"Gremlin Nob","floor":7,"turns":1},{"damage":11,"enemies":"Jaw Worm","floor":11,"turns":2},{"damage":5,"enemies":"3 Sentries","floor":13,"turns":4},{"damage":53,"enemies":"Hexaghost","floor":16,"turns":8},{"damage":10,"enemies":"Chosen","floor":18,"turns":3},{"damage":12,"enemies":"Shell Parasite","floor":20,"turns":2},{"damage":19,"enemies":"3 Cultists","floor":21,"turns":5},{"damage":24,"enemies":"Chosen and Byrds","floor":28,"turns":8},{"damage":18,"enemies":"Snake Plant","floor":31,"turns":3},{"damage":45,"enemies":"Automaton","floor":33,"turns":10},{"damage":25,"enemies":"3 Darklings","floor":35,"turns":5},{"damage":29,"enemies":"Mysterious Sphere","floor":36,"turns":5},{"damage":0,"enemies":"3 Shapes","floor":38,"turns":4},{"damage":29,"enemies":"Maw","floor":42,"turns":7},{"damage":7,"enemies":"Sphere and 2 Shapes","floor":44,"turns":5},{"damage":14,"enemies":"4 Shapes","floor":47,"turns":6},{"damage":1,"enemies":"Maw","floor":48,"turns":6},{"damage":36,"enemies":"Time Eater","floor":50,"turns":9}],"event_choices":[{"event_name":"World of Goop","player_choice":"Gather Gold","floor":3,"damage_taken":0},{"event_name":"Scrap Ooze","player_choice":"success","floor":4,"damage_taken":12},{"event_name":"The Lab","player_choice":"Got Potions","floor":12,"damage_taken":0},{"event_name":"Drug Dealer","player_choice":"Ignored","floor":19,"damage_taken":0},{"event_name":"Transmorgrifier","player_choice":"Transform","floor":24,"damage_taken":0},{"event_name":"The Library","player_choice":"Heal","floor":30,"damage_taken":0},{"event_name":"Mysterious Sphere","player_choice":"Fight","floor":36,"damage_taken":0},{"event_name":"The Woman in Blue","player_choice":"Bought 0 Potions","floor":37,"damage_taken":0},{"event_name":"SensoryStone","player_choice":"Memory 1","floor":41,"damage_taken":0},{"event_name":"Wheel of Change","player_choice":"Damage","floor":46,"damage_taken":0}],"boss_relics":[{"not_picked":["Sozu","Eternal Feather"],"picked":"Cursed Key"},{"not_picked":["Runic Pyramid","Astrolabe"],"picked":"Velvet Choker"}],"potions_floor_spawned":[1,7,16,20,28,42,44,48],"seed_played":"6665646037504917718","ascension_level":0,"is_trial":false}