{"path_per_floor":["M","?","$","?","M","E","R","M","T","E","?","E","M","M","R","B",null,"M","M","M","?","M","E","?","M","T","M","M","?","M","$","R"],"character_chosen":"IRONCLAD","items_purchased":["Rampage","Flash of Steel"],"gold_per_floor":[109,109,41,41,55,80,80,91,118,148,148,191,215,228,228,353,353,353,353,353,353,353,353,353,353,353,353,353,353,353,178,178,178],"floor_reached":33,"campfire_rested":2,"playtime":800,"current_hp_per_floor":[80,80,80,80,80,80,80,80,80,72,52,40,41,47,80,64,80,80,80,71,71,64,37,37,21,21,19,20,20,14,14,53,0],"items_purged":["Defend_R"],"gold":178,"score":316,"play_id":"8b5414da-8b0a-493f-8c21-7159865ba81b","local_time":"20180408124211","is_prod":false,"is_daily":false,"is_ascension_mode":false,"campfire_upgraded":1,"timestamp":1523205731,"path_taken":["M","?","$","?","M","E","R","M","T","E","?","E","M","M","R","BOSS","M","M","?","?","M","E","?","M","T","M","?","?","M","$","R","BOSS"],"build_version":"2018-04-05v2","purchased_purges":1,"victory":false,"master_deck":["Strike_R","Strike_R","Strike_R","Strike_R","Strike_R","Defend_R","Bash","Cleave","Rampage+1","Headbutt","Clash","Flex","Headbutt","Thunderclap","Clash","Clash","Feed","Flash of Steel"],"max_hp_per_floor":[80,80,80,80,80,80,80,80,80,80,80,80,80,80,80,80,80,80,80,80,80,80,80,80,80,80,80,80,80,80,80,80,80],"relics":["Burning Blood","NeowsBlessing","Mercury Hourglass","Regal Pillow","Art of War","Gambling Chip","Ectoplasm","Nloth\u0027s Gift","Girya","Calipers"],"card_choices":[{"not_picked":["Flame Barrier","Ghostly Armor"],"picked":"Cleave","floor":1},{"not_picked":["Body Slam","Perfected Strike"],"picked":"Headbutt","floor":5},{"not_picked":["Iron Wave","Dual Wield"],"picked":"Clash","floor":6},{"not_picked":["Sentinel","Intimidate"],"picked":"Flex","floor":8},{"not_picked":["Intimidate","Dropkick"],"picked":"Headbutt","floor":10},{"not_picked":["Brutality","Heavy Blade"],"picked":"Thunderclap","floor":13},{"not_picked":["Perfected Strike","Shockwave"],"picked":"Clash","floor":23},{"not_picked":["Battle Trance","Reckless Charge"],"picked":"Clash","floor":25},{"not_picked":["Flame Barrier","Twin Strike"],"picked":"Feed","floor":30}],"player_experience":330462,"potions_floor_usage":[12,30,30],"damage_taken":[{"damage":0,"enemies":"Jaw Worm","floor":1,"turns":1},{"damage":0,"enemies":"Cultist","floor":5,"turns":1},{"damage":0,"enemies":"3 Sentries","floor":6,"turns":1},{"damage":0,"enemies":"Small Slimes","floor":8,"turns":2},{"damage":14,"enemies":"Gremlin Nob","floor":10,"turns":3},{"damage":18,"enemies":"Lagavulin","floor":12,"turns":3},{"damage":5,"enemies":"Looter","floor":13,"turns":2},{"damage":0,"enemies":"Lots of Slimes","floor":14,"turns":1},{"damage":22,"enemies":"Slime Boss","floor":16,"turns":6},{"damage":0,"enemies":"Chosen","floor":18,"turns":3},{"damage":5,"enemies":"3 Byrds","floor":19,"turns":3},{"damage":15,"enemies":"Centurion and Healer","floor":20,"turns":3},{"damage":13,"enemies":"Chosen and Byrds","floor":22,"turns":4},{"damage":33,"enemies":"Slavers","floor":23,"turns":3},{"damage":22,"enemies":"Slaver and Parasite","floor":25,"turns":4},{"damage":8,"enemies":"Snecko","floor":27,"turns":3},{"damage":5,"enemies":"Chosen and Byrds","floor":28,"turns":4},{"damage":15,"enemies":"Snake Plant","floor":30,"turns":2},{"damage":83,"enemies":"Automaton","floor":33,"turns":6}],"event_choices":[{"event_name":"The Woman in Blue","player_choice":"Bought 0 Potions","floor":2,"damage_taken":0},{"event_name":"Purifier","player_choice":"One Purge","floor":4,"damage_taken":0},{"event_name":"Golden Idol","player_choice":"Take Damage","floor":11,"damage_taken":0},{"event_name":"N\u0027loth","player_choice":"Traded a Golden Idol","floor":21,"damage_taken":0},{"event_name":"Bonfire Elementals","player_choice":"BASIC","floor":24,"damage_taken":0},{"event_name":"Golden Shrine","player_choice":"Pray","floor":29,"damage_taken":0}],"boss_relics":[{"not_picked":["Black Blood","Runic Dome"],"picked":"Ectoplasm"}],"potions_floor_spawned":[1,6,12,16,18,25],"seed_played":"220361188497477998","killed_by":"Automaton","ascension_level":0,"is_trial":false}