{"path_per_floor":["M","?","?","$","M","E","R","M","T","R","?","M","R","?","R","B",null,"M","$","M"],"character_chosen":"IRONCLAD","items_purchased":["Flame Barrier","Whetstone"],"gold_per_floor":[111,111,61,61,80,142,142,162,189,189,189,203,203,157,157,281,281,274,51,66,66],"floor_reached":21,"campfire_rested":2,"playtime":498,"current_hp_per_floor":[59,72,72,72,72,22,43,49,49,49,49,52,67,67,67,35,59,47,47,13,0],"items_purged":[],"gold":66,"score":239,"play_id":"c809ad6d-e57f-4594-a535-f4d945b1ac56","local_time":"20180329174627","is_prod":false,"is_daily":false,"is_ascension_mode":true,"campfire_upgraded":2,"timestamp":1522359987,"path_taken":["M","?","?","$","M","E","R","M","T","R","?","M","R","?","R","BOSS","M","$","M","?"],"build_version":"2018-03-22v2","purchased_purges":0,"victory":false,"master_deck":["Strike_R+1","Strike_R","Strike_R+1","Strike_R","Defend_R","Defend_R","Bash+1","Flame Barrier+1","Thunderclap","Barricade","True Grit+1","Flame Barrier","Iron Wave"],"max_hp_per_floor":[72,72,72,72,72,72,72,72,72,72,67,67,67,67,67,67,67,67,67,67,67],"relics":["Burning Blood","Tiny Chest","Bronze Scales","Golden Idol","Mark of Pain","Whetstone"],"card_choices":[{"not_picked":["Anger","Havoc"],"picked":"Flame Barrier","floor":1},{"not_picked":["Rage","Sword Boomerang"],"picked":"Thunderclap","floor":5},{"not_picked":["Double Tap","Demon Form"],"picked":"Barricade","floor":16},{"not_picked":["Body Slam","Armaments"],"picked":"True Grit","floor":18},{"not_picked":["Heavy Blade","Cleave"],"picked":"Iron Wave","floor":20}],"player_experience":282561,"potions_floor_usage":[16],"damage_taken":[{"damage":19,"enemies":"Small Slimes","floor":1,"turns":4},{"damage":6,"enemies":"2 Louse","floor":5,"turns":4},{"damage":56,"enemies":"Gremlin Nob","floor":6,"turns":5},{"damage":0,"enemies":"Cultist","floor":8,"turns":3},{"damage":3,"enemies":"Blue Slaver","floor":12,"turns":4},{"damage":38,"enemies":"The Guardian","floor":16,"turns":13},{"damage":18,"enemies":"2 Thieves","floor":18,"turns":4},{"damage":40,"enemies":"Chosen","floor":20,"turns":8}],"event_choices":[{"event_name":"Big Fish","player_choice":"Banana","floor":2,"damage_taken":0},{"event_name":"The Cleric","player_choice":"Card Removal","floor":3,"damage_taken":0},{"event_name":"Golden Idol","player_choice":"Lose Max HP","floor":11,"damage_taken":0},{"event_name":"World of Goop","player_choice":"Left","floor":14,"damage_taken":0}],"boss_relics":[{"not_picked":["Sozu","Black Blood"],"picked":"Mark of Pain"}],"potions_floor_spawned":[1,5,12,20],"seed_played":"3886294463922410433","ascension_level":7,"is_trial":false}