{"gold_per_floor":[109,109,109,129,144,144,171,171,171,196,213,226,256,6,6,109,109,122,136,136,155,155,188,188,217,217,217,237,237],"floor_reached":29,"playtime":802,"items_purged":[],"score":323,"play_id":"d7f9d918-29df-4462-87f7-1db5acba6037","local_time":"20180628211936","is_ascension_mode":true,"campfire_choices":[{"data":"Zap","floor":6,"key":"SMITH"},{"data":"Sweeping Beam","floor":8,"key":"SMITH"},{"floor":15,"key":"REST"},{"data":"Darkness","floor":24,"key":"SMITH"},{"data":"Machine Learning","floor":27,"key":"SMITH"}],"neow_cost":"NONE","seed_source_timestamp":44571686551699,"circlet_count":0,"master_deck":["Strike_B","Strike_B","Strike_B","Defend_B","Defend_B","Defend_B","Defend_B","Zap+1","Dualcast","FTL","Sweeping Beam+1","Cold Snap","Ball Lightning","Leap","Rebound","Sweeping Beam","Skim","Core Surge","Doubt","Doubt","Writhe","Static Discharge+1","Darkness+1","Ball Lightning","Thunder Strike","Go for the Eyes","Glacier","Ball Lightning","Machine Learning+1","Go for the Eyes","Force Field"],"relics":["Cracked Core","Potion Belt","Dodecahedron","Bag of Marbles","Bag of Preparation","Matryoshka","Symbiotic Virus","Calling Bell","Vajra","Centennial Puzzle","Prayer Wheel","Oddly Smooth Stone","Mummified Hand","Happy Flower","Art of War"],"potions_floor_usage":[16,28],"damage_taken":[{"damage":1,"enemies":"Jaw Worm","floor":1,"turns":3},{"damage":0,"enemies":"Cultist","floor":4,"turns":3},{"damage":5,"enemies":"Small Slimes","floor":5,"turns":2},{"damage":23,"enemies":"Gremlin Nob","floor":7,"turns":4},{"damage":10,"enemies":"3 Sentries","floor":10,"turns":5},{"damage":5,"enemies":"2 Fungi Beasts","floor":11,"turns":2},{"damage":7,"enemies":"Exordium Thugs","floor":12,"turns":3},{"damage":0,"enemies":"Gremlin Nob","floor":13,"turns":2},{"damage":38,"enemies":"The Guardian","floor":16,"turns":11},{"damage":0,"enemies":"Spheric Guardian","floor":18,"turns":3},{"damage":0,"enemies":"Chosen","floor":19,"turns":4},{"damage":10,"enemies":"Snecko","floor":21,"turns":3},{"damage":29,"enemies":"Slavers","floor":23,"turns":2},{"damage":20,"enemies":"Book of Stabbing","floor":25,"turns":3},{"damage":3,"enemies":"Centurion and Healer","floor":28,"turns":4},{"damage":15,"enemies":"Snake Plant","floor":29,"turns":1}],"seed_played":"6710888505186615932","potions_obtained":[{"floor":5,"key":"FocusPotion"},{"floor":10,"key":"Explosive Potion"},{"floor":13,"key":"SpeedPotion"},{"floor":16,"key":"Swift Potion"},{"floor":19,"key":"Strength Potion"},{"floor":23,"key":"SpeedPotion"}],"is_trial":false,"path_per_floor":["M","?","?","M","M","R","E","R","T","E","M","M","E","$","R","B",null,"M","M","?","M","?","E","R","E","T","R","M"],"character_chosen":"DEFECT","items_purchased":["Symbiotic Virus"],"campfire_rested":1,"item_purchase_floors":[14],"current_hp_per_floor":[74,75,68,68,63,63,40,40,40,30,25,18,18,18,40,2,75,75,75,75,65,65,36,36,16,16,16,13,0],"gold":237,"neow_bonus":"RANDOM_COMMON_RELIC","is_prod":false,"is_daily":false,"chose_seed":false,"campfire_upgraded":4,"win_rate":0,"timestamp":1530235176,"path_taken":["M","?","?","?","M","R","E","R","T","E","?","M","E","$","R","BOSS","M","M","?","M","?","E","R","E","T","R","M","M"],"build_version":"2018-06-28","purchased_purges":0,"victory":false,"max_hp_per_floor":[75,75,75,75,75,75,75,75,75,75,75,75,75,75,75,75,75,75,75,75,75,75,75,75,75,75,75,75,75],"card_choices":[{"not_picked":["Turbo","Sunder"],"picked":"FTL","floor":1},{"not_picked":["Turbo","Steam Power"],"picked":"Sweeping Beam","floor":4},{"not_picked":["Barrage","Reprogram"],"picked":"Cold Snap","floor":5},{"not_picked":["Auto Shields","Lockon"],"picked":"Ball Lightning","floor":7},{"not_picked":["Hello World","Stack"],"picked":"Leap","floor":10},{"not_picked":["Fusion","Cold Snap"],"picked":"Rebound","floor":11},{"not_picked":["Compile Driver","Rebound"],"picked":"Sweeping Beam","floor":12},{"not_picked":["Meteor Strike","Loop"],"picked":"Skim","floor":13},{"not_picked":["All For One","Meteor Strike"],"picked":"Core Surge","floor":16},{"not_picked":["Beam Cell","Sweeping Beam"],"picked":"Static Discharge+1","floor":18},{"not_picked":["Sweeping Beam+1","Stack"],"picked":"Darkness","floor":18},{"not_picked":["Compile Driver","Coolheaded+1"],"picked":"Ball Lightning","floor":19},{"not_picked":["Capacitor","Rebound"],"picked":"Thunder Strike","floor":19},{"not_picked":["Sweeping Beam","Lockon"],"picked":"Go for the Eyes","floor":21},{"not_picked":["Leap+1","Sweeping Beam"],"picked":"Glacier","floor":21},{"not_picked":["Creative AI","Doom and Gloom"],"picked":"Ball Lightning","floor":23},{"not_picked":["Coolheaded","Beam Cell"],"picked":"Machine Learning","floor":25},{"not_picked":["Rebound","Hello World+1"],"picked":"Go for the Eyes","floor":28},{"not_picked":["Turbo","Hologram"],"picked":"Force Field","floor":28}],"player_experience":580792,"relics_obtained":[{"floor":7,"key":"Dodecahedron"},{"floor":9,"key":"Bag of Marbles"},{"floor":10,"key":"Bag of Preparation"},{"floor":13,"key":"Matryoshka"},{"floor":17,"key":"Vajra"},{"floor":17,"key":"Centennial Puzzle"},{"floor":17,"key":"Prayer Wheel"},{"floor":23,"key":"Oddly Smooth Stone"},{"floor":25,"key":"Mummified Hand"},{"floor":26,"key":"Happy Flower"},{"floor":26,"key":"Art of War"}],"event_choices":[{"event_name":"Wheel of Change","player_choice":"Full Heal","floor":2,"damage_taken":0},{"event_name":"Golden Wing","player_choice":"Card Removal","floor":3,"damage_taken":0},{"event_name":"Vampires","player_choice":"Ignored","floor":20,"damage_taken":0},{"event_name":"Drug Dealer","player_choice":"Ignored","floor":22,"damage_taken":0}],"boss_relics":[{"not_picked":["Nuclear Battery","Orrery"],"picked":"Calling Bell"}],"items_purged_floors":[],"is_endless":false,"potions_floor_spawned":[5,10,13,16,19,23],"killed_by":"Snake Plant","ascension_level":1}