{"gold_per_floor":[114,114,125,138,151,151,180,180,261,261,261,287,287,25,25,99,99,115,30,30,41,41,41,73,92,92,92,92,127,127,52,52,52],"floor_reached":33,"playtime":2431,"items_purged":["Strike_B"],"score":678,"play_id":"948094c7-98e3-425e-a37d-6332762081c6","local_time":"20190820173602","is_ascension_mode":true,"campfire_choices":[{"data":"Loop","floor":6,"key":"SMITH"},{"data":"Dualcast","floor":8,"key":"SMITH"},{"data":"Zap","floor":10,"key":"SMITH"},{"data":"Doom and Gloom","floor":13,"key":"SMITH"},{"data":"Capacitor","floor":15,"key":"SMITH"},{"data":"RitualDagger","floor":23,"key":"SMITH"},{"floor":27,"key":"REST"},{"floor":30,"key":"REST"},{"data":"Recycle","floor":32,"key":"SMITH"}],"neow_cost":"NONE","seed_source_timestamp":541904576431531,"circlet_count":0,"master_deck":["AscendersBane","Strike_B+1","Defend_B+1","Defend_B+1","Defend_B+1","Defend_B+1","Zap+1","Dualcast+1","Glacier","Doom and Gloom+1","Steam Power","Loop+1","All For One","Capacitor+1","Conserve Battery","Meteor Strike","Undo","Go for the Eyes","Recycle+1","Gash","Beam Cell+1","RitualDagger+1","Gash","Chill","White Noise","Glacier"],"relics":["Cracked Core","Prayer Wheel","Ornamental Fan","Lantern","Bronze Scales","Nuclear Battery","Happy Flower","StoneCalendar","Molten Egg 2"],"potions_floor_usage":[7,7,24,24],"damage_taken":[{"damage":7,"enemies":"Jaw Worm","floor":1,"turns":4},{"damage":0,"enemies":"Cultist","floor":3,"turns":4},{"damage":3,"enemies":"Small Slimes","floor":4,"turns":3},{"damage":3,"enemies":"Blue Slaver","floor":5,"turns":3},{"damage":8,"enemies":"Gremlin Nob","floor":7,"turns":3},{"damage":6,"enemies":"Lagavulin","floor":12,"turns":5},{"damage":0,"enemies":"Slime Boss","floor":16,"turns":6},{"damage":0,"enemies":"Chosen","floor":18,"turns":3},{"damage":13,"enemies":"Shell Parasite","floor":21,"turns":6},{"damage":52,"enemies":"Gremlin Leader","floor":24,"turns":6},{"damage":6,"enemies":"Snake Plant","floor":25,"turns":3},{"damage":19,"enemies":"Book of Stabbing","floor":29,"turns":4},{"damage":37,"enemies":"Automaton","floor":33,"turns":8}],"seed_played":"-9110288048641356821","potions_obtained":[{"floor":1,"key":"Energy Potion"},{"floor":2,"key":"Poison Potion"},{"floor":12,"key":"SkillPotion"},{"floor":18,"key":"Regen Potion"}],"is_trial":false,"path_per_floor":["M","?","M","M","M","R","E","R","T","R","?","E","R","$","R","B",null,"M","?","?","M","?","R","E","M","T","R","?","E","R","?","R","B"],"character_chosen":"DEFECT","items_purchased":["Bronze Scales","Conserve Battery"],"campfire_rested":2,"item_purchase_floors":[14,14],"current_hp_per_floor":[64,64,64,61,58,58,50,50,50,50,43,37,37,37,37,37,68,68,68,68,55,49,49,12,6,6,29,29,10,33,33,33,0],"gold":52,"neow_bonus":"TEN_PERCENT_HP_BONUS","is_prod":false,"is_daily":false,"chose_seed":false,"campfire_upgraded":7,"win_rate":0,"timestamp":1566347762,"path_taken":["M","?","?","M","M","R","E","R","T","R","?","E","R","?","R","BOSS","M","?","?","M","?","R","E","M","T","R","?","E","R","?","R","BOSS"],"build_version":"2019-07-17","purchased_purges":1,"victory":false,"max_hp_per_floor":[78,78,78,78,78,78,78,78,78,78,78,78,78,78,78,78,78,78,78,78,78,78,78,78,78,78,78,78,78,78,78,78,78],"card_choices":[{"not_picked":["Reinforced Body","Rip and Tear"],"picked":"Glacier","floor":1},{"not_picked":["Coolheaded","Sweeping Beam"],"picked":"Doom and Gloom","floor":3},{"not_picked":["Compile Driver","Beam Cell"],"picked":"Steam Power","floor":4},{"not_picked":["Turbo","Steam"],"picked":"Loop","floor":5},{"not_picked":["Barrage","Compile Driver"],"picked":"All For One","floor":7},{"not_picked":["Stack","Go for the Eyes"],"picked":"Capacitor","floor":12},{"not_picked":["Seek","Rainbow"],"picked":"Meteor Strike","floor":16},{"not_picked":["Go for the Eyes","Aggregate"],"picked":"Undo","floor":18},{"not_picked":["Leap","Steam"],"picked":"Go for the Eyes","floor":18},{"not_picked":["Go for the Eyes","Redo"],"picked":"Gash","floor":21},{"not_picked":["Gash","Undo"],"picked":"Beam Cell+1","floor":21},{"not_picked":["Streamline","Hello World"],"picked":"Gash","floor":24},{"not_picked":["Stack","Recycle"],"picked":"Chill","floor":25},{"not_picked":["Go for the Eyes","Hologram"],"picked":"White Noise","floor":25},{"not_picked":["Streamline","White Noise"],"picked":"Glacier","floor":29}],"player_experience":711734,"relics_obtained":[{"floor":7,"key":"Prayer Wheel"},{"floor":9,"key":"Ornamental Fan"},{"floor":12,"key":"Lantern"},{"floor":24,"key":"StoneCalendar"},{"floor":29,"key":"Molten Egg 2"}],"event_choices":[{"damage_healed":0,"gold_gain":0,"player_choice":"Got Potions","damage_taken":0,"max_hp_gain":0,"max_hp_loss":0,"event_name":"Lab","floor":2,"gold_loss":0},{"cards_removed":["Strike_B"],"damage_healed":0,"gold_gain":0,"player_choice":"Card Removal","damage_taken":7,"max_hp_gain":0,"max_hp_loss":0,"event_name":"Golden Wing","floor":11,"gold_loss":0},{"damage_healed":0,"gold_gain":0,"player_choice":"Obtained Relic","damage_taken":0,"relics_obtained":["Happy Flower"],"max_hp_gain":0,"max_hp_loss":0,"event_name":"Addict","floor":19,"gold_loss":85},{"damage_healed":0,"gold_gain":0,"player_choice":"Read","damage_taken":0,"max_hp_gain":0,"max_hp_loss":0,"event_name":"The Library","floor":20,"gold_loss":0,"cards_obtained":["Recycle"]},{"damage_healed":0,"gold_gain":0,"player_choice":"Joined the Cult","damage_taken":6,"max_hp_gain":0,"max_hp_loss":0,"event_name":"Nest","floor":22,"gold_loss":0,"cards_obtained":["RitualDagger"]},{"damage_healed":0,"gold_gain":0,"player_choice":"Simplicity","damage_taken":0,"max_hp_gain":0,"max_hp_loss":0,"event_name":"Back to Basics","floor":28,"gold_loss":0,"cards_upgraded":["Strike_B","Strike_B","Defend_B","Defend_B","Defend_B","Defend_B"]},{"cards_removed":["Strike_B"],"damage_healed":0,"gold_gain":0,"player_choice":"Gave Gold","damage_taken":0,"max_hp_gain":0,"max_hp_loss":0,"event_name":"Beggar","floor":31,"gold_loss":75}],"is_beta":false,"boss_relics":[{"not_picked":["Cursed Key","Tiny House"],"picked":"Nuclear Battery"}],"items_purged_floors":[14],"is_endless":false,"potions_floor_spawned":[1,3,12,18],"killed_by":"Automaton","ascension_level":20}