{"gold_per_floor":[212,224,174,174,174,174,203,128,152,152,76,92,124,149,149,149],"floor_reached":16,"playtime":463,"items_purged":["Defend_R"],"score":164,"play_id":"e78bb4a3-6d02-4e78-aed3-0a04fa523a42","local_time":"20190902010834","is_ascension_mode":true,"campfire_choices":[{"data":"Armaments","floor":6,"key":"SMITH"},{"data":"Shockwave","floor":10,"key":"SMITH"},{"data":"Metallicize","floor":15,"key":"SMITH"}],"neow_cost":"NONE","seed_source_timestamp":540124556444100,"circlet_count":0,"master_deck":["AscendersBane","Strike_R","Strike_R","Strike_R","Defend_R","Defend_R","Defend_R","Bash","Shockwave+1","Armaments+1","Shrug It Off","Metallicize+1","Twin Strike"],"relics":["Burning Blood","Boot","Sundial","Omamori","Pear","Pen Nib"],"potions_floor_usage":[7,13,16],"damage_taken":[{"damage":12,"enemies":"Jaw Worm","floor":1,"turns":3},{"damage":3,"enemies":"2 Louse","floor":2,"turns":3},{"damage":36,"enemies":"Lagavulin","floor":7,"turns":8},{"damage":0,"enemies":"Small Slimes","floor":12,"turns":6},{"damage":14,"enemies":"3 Sentries","floor":13,"turns":9},{"damage":47,"enemies":"Hexaghost","floor":16,"turns":11}],"seed_played":"-2727709254653504547","potions_obtained":[{"floor":2,"key":"Regen Potion"},{"floor":7,"key":"SpeedPotion"},{"floor":12,"key":"Block Potion"}],"is_trial":false,"path_per_floor":["M","M","?","?","?","R","E","$","T","R","$","M","E","T","R","B"],"character_chosen":"IRONCLAD","items_purchased":["Metallicize"],"campfire_rested":0,"item_purchase_floors":[11],"current_hp_per_floor":[66,69,69,62,55,55,39,39,39,39,39,45,47,47,47,0],"gold":149,"neow_bonus":"HUNDRED_GOLD","is_prod":false,"is_daily":false,"chose_seed":false,"campfire_upgraded":3,"win_rate":0,"timestamp":1567400914,"path_taken":["M","M","?","?","?","R","E","$","T","R","$","M","E","?","R","BOSS"],"build_version":"2019-08-26","purchased_purges":1,"victory":false,"max_hp_per_floor":[80,80,80,80,80,80,80,80,80,80,80,80,90,90,90,90],"card_choices":[{"not_picked":["Sword Boomerang","True Grit"],"picked":"Shockwave","floor":1},{"not_picked":["Havoc","Infernal Blade"],"picked":"Armaments","floor":2},{"not_picked":["Wild Strike","Warcry"],"picked":"Shrug It Off","floor":7},{"not_picked":["Second Wind","Cleave"],"picked":"Twin Strike","floor":12},{"not_picked":["Iron Wave","Combust","Pommel Strike"],"picked":"SKIP","floor":13}],"player_experience":993323,"relics_obtained":[{"floor":7,"key":"Sundial"},{"floor":9,"key":"Omamori"},{"floor":13,"key":"Pear"},{"floor":14,"key":"Pen Nib"}],"event_choices":[{"cards_removed":["Strike_R"],"damage_healed":0,"gold_gain":0,"player_choice":"Card Removal","damage_taken":0,"max_hp_gain":0,"max_hp_loss":0,"event_name":"The Cleric","floor":3,"gold_loss":50},{"cards_removed":["Strike_R"],"damage_healed":0,"gold_gain":0,"player_choice":"Card Removal","damage_taken":7,"max_hp_gain":0,"max_hp_loss":0,"event_name":"Golden Wing","floor":4,"gold_loss":0},{"damage_healed":0,"gold_gain":0,"player_choice":"Success","damage_taken":7,"relics_obtained":["Boot"],"max_hp_gain":0,"max_hp_loss":0,"event_name":"Scrap Ooze","floor":5,"gold_loss":0}],"is_beta":true,"boss_relics":[],"items_purged_floors":[8],"is_endless":false,"potions_floor_spawned":[2,7,12],"killed_by":"Hexaghost","ascension_level":11}