{"gold_per_floor":[115,115,115,115,115,115,40,164,164,179,197,197,208,226,226,226],"floor_reached":16,"playtime":398,"items_purged":["Strike_G"],"score":125,"play_id":"e733b6a1-e8c4-40bc-8720-6a4ebc784312","local_time":"20190107220613","is_ascension_mode":false,"campfire_choices":[{"data":"Survivor","floor":6,"key":"SMITH"},{"data":"Backstab","floor":12,"key":"SMITH"},{"data":"Backstab","floor":15,"key":"SMITH"}],"neow_cost":"NONE","seed_source_timestamp":953197136082094,"circlet_count":0,"master_deck":["Defend_G","Defend_G","Defend_G","Defend_G","Defend_G","Strike_G","Strike_G","Strike_G","Strike_G","Survivor+1","Neutralize+1","Dodge and Roll","Backstab+1","Backstab+1"],"relics":["Cracked Core","NeowsBlessing","infinitespire:Cubic Diamond","Du-Vu Doll","hubris:TinFlute"],"potions_floor_usage":[],"damage_taken":[{"damage":0,"enemies":"Jaw Worm","floor":1,"turns":1},{"damage":0,"enemies":"Gremlin Nob","floor":8,"turns":1},{"damage":0,"enemies":"2 Louse","floor":10,"turns":1},{"damage":0,"enemies":"Cultist","floor":11,"turns":4},{"damage":0,"enemies":"Blue Slaver","floor":13,"turns":3},{"damage":5,"enemies":"2 Fungi Beasts","floor":14,"turns":3},{"damage":70,"enemies":"The Guardian","floor":16,"turns":25}],"seed_played":"3414954777748042129","potions_obtained":[{"floor":1,"key":"Dexterity Potion"},{"floor":8,"key":"GamblersBrew"},{"floor":11,"key":"Dexterity Potion"}],"is_trial":false,"path_per_floor":["M","?","?","$","?","R","$","E","T","M","M","R","M","M","R","B"],"character_chosen":"THE_SILENT","items_purchased":[],"campfire_rested":0,"item_purchase_floors":[],"current_hp_per_floor":[70,70,70,70,75,75,75,75,75,75,75,75,75,70,70,0],"gold":226,"neow_bonus":"THREE_ENEMY_KILL","is_prod":false,"is_daily":false,"chose_seed":false,"campfire_upgraded":3,"win_rate":0,"timestamp":1546916773,"path_taken":["M","?","?","$","?","R","?","E","T","M","?","R","?","M","R","BOSS"],"build_version":"2019-01-03v4","purchased_purges":1,"victory":false,"max_hp_per_floor":[70,70,70,70,75,75,75,75,75,75,75,75,75,75,75,75],"card_choices":[{"not_picked":["Flying Knee","Backflip","Endless Agony"],"picked":"SKIP","floor":1},{"not_picked":["Prepared","Expertise"],"picked":"Dodge and Roll","floor":8},{"not_picked":["Terror","Poisoned Stab","Crippling Poison"],"picked":"SKIP","floor":10},{"not_picked":["Acrobatics","Bane"],"picked":"Backstab","floor":11},{"not_picked":["Phantasmal Killer","Deflect","hubris:SlightOfHand"],"picked":"SKIP","floor":13},{"not_picked":["Dagger Spray","Acrobatics"],"picked":"Backstab","floor":14}],"player_experience":553517,"relics_obtained":[{"floor":8,"key":"Du-Vu Doll"},{"floor":9,"key":"hubris:TinFlute"}],"event_choices":[{"damage_healed":0,"gold_gain":0,"player_choice":"Grow","damage_taken":0,"max_hp_gain":0,"max_hp_loss":0,"event_name":"Living Wall","floor":2,"gold_loss":0,"cards_upgraded":["Neutralize"]},{"damage_healed":0,"gold_gain":0,"player_choice":"Donut","damage_taken":0,"max_hp_gain":5,"max_hp_loss":0,"event_name":"Big Fish","floor":5,"gold_loss":0}],"is_beta":false,"boss_relics":[],"items_purged_floors":[7],"is_endless":false,"potions_floor_spawned":[1,8,11],"killed_by":"The Guardian","ascension_level":0}