{"gold_per_floor":[110,34,46,146,157,157,192,206,254,281,281,297,297,314,314,411,411,421,89,89,4,35,35,45,45,45,74,74,100,100,100,100,198,198,211,211,228,246,266,266,295,311,311,311,311,311,323,177,177,177],"floor_reached":51,"playtime":5544,"items_purged":[],"score":1077,"play_id":"729e1cb9-7e7a-4516-97e0-5f6bd95de5c8","local_time":"20190916154855","is_ascension_mode":true,"campfire_choices":[{"data":"Zap","floor":6.0,"key":"SMITH"},{"floor":11.0,"key":"REST"},{"data":"Defragment","floor":13.0,"key":"SMITH"},{"data":"Echo Form","floor":15.0,"key":"SMITH"},{"floor":23.0,"key":"REST"},{"floor":28.0,"key":"REST"},{"floor":32.0,"key":"REST"},{"data":"Defragment","floor":40.0,"key":"SMITH"},{"data":"Sunder","floor":44.0,"key":"SMITH"},{"data":"Storm","floor":49.0,"key":"SMITH"}],"neow_cost":"NONE","seed_source_timestamp":175044673534900,"circlet_count":0,"master_deck":["AscendersBane","Strike_B","Strike_B","Defend_B","Defend_B","Zap+1","Dualcast","Creative AI","Chill","Defragment+1","Auto Shields","Leap","Go for the Eyes","BootSequence","Echo Form+1","Amplify","Hologram+1","Fusion+1","RitualDagger","Glacier+1","Steam+1","Thunder Strike","Steam+1","Go for the Eyes+1","Self Repair+1","Steam Power+1","Defragment+1","Coolheaded+1","Sunder+1","Sweeping Beam","Jack Of All Trades+1","FTL","Storm+1"],"special_seed":0,"relics":["Cracked Core","Eternal Feather","Ancient Tea Set","Regal Pillow","Cursed Key","Toxic Egg 2","Happy Flower","Red Mask","StoneCalendar","Kunai","Astrolabe","Akabeko"],"potions_floor_usage":[50],"damage_taken":[{"damage":0.0,"enemies":"Small Slimes","floor":1.0,"turns":3.0},{"damage":2.0,"enemies":"Cultist","floor":3.0,"turns":4.0},{"damage":12.0,"enemies":"Jaw Worm","floor":5.0,"turns":4.0},{"damage":24.0,"enemies":"Lagavulin","floor":7.0,"turns":7.0},{"damage":3.0,"enemies":"Looter","floor":8.0,"turns":4.0},{"damage":25.0,"enemies":"Gremlin Nob","floor":10.0,"turns":4.0},{"damage":0.0,"enemies":"2 Fungi Beasts","floor":12.0,"turns":3.0},{"damage":0.0,"enemies":"Large Slime","floor":14.0,"turns":8.0},{"damage":39.0,"enemies":"Hexaghost","floor":16.0,"turns":10.0},{"damage":0.0,"enemies":"Chosen","floor":18.0,"turns":6.0},{"damage":48.0,"enemies":"Masked Bandits","floor":22.0,"turns":4.0},{"damage":22.0,"enemies":"Spheric Guardian","floor":24.0,"turns":8.0},{"damage":18.0,"enemies":"Book of Stabbing","floor":27.0,"turns":6.0},{"damage":46.0,"enemies":"Gremlin Leader","floor":29.0,"turns":6.0},{"damage":68.0,"enemies":"Automaton","floor":33.0,"turns":17.0},{"damage":7.0,"enemies":"3 Shapes","floor":35.0,"turns":7.0},{"damage":21.0,"enemies":"Orb Walker","floor":37.0,"turns":6.0},{"damage":9.0,"enemies":"4 Shapes","floor":38.0,"turns":7.0},{"damage":22.0,"enemies":"Maw","floor":39.0,"turns":9.0},{"damage":5.0,"enemies":"Giant Head","floor":41.0,"turns":9.0},{"damage":27.0,"enemies":"Transient","floor":42.0,"turns":5.0},{"damage":12.0,"enemies":"3 Darklings","floor":47.0,"turns":7.0},{"damage":32,"enemies":"Awakened One","floor":50,"turns":12}],"seed_played":"7363496196811580971","potions_obtained":[{"floor":1.0,"key":"SkillPotion"},{"floor":5.0,"key":"Energy Potion"},{"floor":12.0,"key":"DuplicationPotion"},{"floor":29.0,"key":"Dexterity Potion"},{"floor":33.0,"key":"FearPotion"}],"is_trial":false,"path_per_floor":["M","$","M","?","M","R","E","M","T","E","R","M","R","M","R","B",null,"M","$","?","?","?","R","M","?","T","E","R","E","T","$","R","B",null,"M","?","M","M","M","R","E","M","T","R","?","?","M","$","R","B",null],"character_chosen":"DEFECT","items_purchased":["Defragment","Toxic Egg 2","Fusion+1","FTL","Storm"],"campfire_rested":4,"item_purchase_floors":[2,19,19,48,48],"current_hp_per_floor":[68,68,66,66,54,54,30,27,27,2,48,48,57,57,66,27,63,63,63,57,57,9,58,36,36,36,18,67,21,21,21,73,5,58,61,61,60,51,39,54,59,42,42,60,60,60,58,58,71,39],"gold":177,"neow_bonus":"ONE_RANDOM_RARE_CARD","is_prod":false,"is_daily":false,"chose_seed":false,"campfire_upgraded":6,"win_rate":0,"timestamp":1568666935,"path_taken":["M","$","M","?","M","R","E","M","T","E","R","M","R","?","R","BOSS","M","$","?","?","?","R","M","?","T","E","R","E","?","$","R","BOSS","M","?","?","M","M","R","E","M","T","R","?","?","M","$","R","BOSS"],"build_version":"2019-09-12","purchased_purges":0,"victory":true,"max_hp_per_floor":[75,75,75,75,75,75,75,75,75,75,75,75,75,75,75,75,75,75,75,75,75,75,75,75,75,75,75,75,75,75,75,75,75,75,75,75,75,75,75,75,75,75,75,75,71,71,71,71,71,71],"card_choices":[{"not_picked":["Skim","Coolheaded"],"picked":"Chill","floor":1.0},{"not_picked":["Redo","Recycle","Barrage"],"picked":"SKIP","floor":3.0},{"not_picked":["Steam","Barrage"],"picked":"Auto Shields","floor":5.0},{"not_picked":["Gash","Cold Snap"],"picked":"Leap","floor":7.0},{"not_picked":["Self Repair","Conserve Battery"],"picked":"Go for the Eyes","floor":8.0},{"not_picked":["Recycle","Hologram"],"picked":"BootSequence","floor":10.0},{"not_picked":["Leap","FTL"],"picked":"Echo Form","floor":12.0},{"not_picked":["Rebound","Compile Driver","Turbo"],"picked":"SKIP","floor":14.0},{"not_picked":["Core Surge","Fission"],"picked":"Amplify","floor":16.0},{"not_picked":["Cold Snap+1","Fusion"],"picked":"Hologram+1","floor":18.0},{"not_picked":["Rebound","Blizzard","Reinforced Body+1"],"picked":"SKIP","floor":24.0},{"not_picked":["Recycle+1","Sweeping Beam"],"picked":"Glacier+1","floor":27.0},{"not_picked":["Streamline","Turbo+1"],"picked":"Steam+1","floor":29.0},{"not_picked":["Amplify+1","Echo Form"],"picked":"Thunder Strike","floor":33.0},{"not_picked":["Hologram+1","Compile Driver","Go for the Eyes"],"picked":"SKIP","floor":35.0},{"not_picked":["Leap+1","Hologram+1"],"picked":"Steam Power+1","floor":37.0},{"not_picked":["Rebound+1","Steam+1"],"picked":"Defragment","floor":38.0},{"not_picked":["Double Energy+1","Steam+1"],"picked":"Coolheaded+1","floor":39.0},{"not_picked":["Conserve Battery+1","Fission+1"],"picked":"Sunder","floor":41.0},{"not_picked":["Cold Snap","Aggregate+1"],"picked":"Sweeping Beam","floor":42.0},{"not_picked":["Mind Blast","Good Instincts+1"],"picked":"Jack Of All Trades+1","floor":46.0},{"not_picked":["Rebound","Redo+1","Reprogram+1"],"picked":"SKIP","floor":47.0}],"player_experience":1353906,"relics_obtained":[{"floor":7.0,"key":"Eternal Feather"},{"floor":9.0,"key":"Ancient Tea Set"},{"floor":10.0,"key":"Regal Pillow"},{"floor":22.0,"key":"Red Mask"},{"floor":27.0,"key":"StoneCalendar"},{"floor":29.0,"key":"Kunai"},{"floor":41.0,"key":"Akabeko"}],"event_choices":[{"damage_healed":0.0,"max_hp_gain":0.0,"max_hp_loss":0.0,"gold_gain":100.0,"event_name":"Golden Shrine","player_choice":"Pray","floor":4.0,"gold_loss":0.0,"damage_taken":0.0},{"damage_healed":0.0,"max_hp_gain":0.0,"max_hp_loss":0.0,"gold_gain":0.0,"event_name":"Nest","player_choice":"Joined the Cult","floor":20.0,"gold_loss":0.0,"damage_taken":6.0,"cards_obtained":["RitualDagger"]},{"damage_healed":0.0,"max_hp_gain":0.0,"max_hp_loss":0.0,"gold_gain":0.0,"event_name":"Addict","player_choice":"Obtained Relic","floor":21.0,"gold_loss":85.0,"damage_taken":0.0,"relics_obtained":["Happy Flower"]},{"damage_healed":0.0,"max_hp_gain":0.0,"max_hp_loss":0.0,"gold_gain":0.0,"event_name":"Masked Bandits","player_choice":"Fought Bandits","floor":22.0,"gold_loss":0.0,"damage_taken":0.0},{"damage_healed":0.0,"max_hp_gain":0.0,"max_hp_loss":0.0,"gold_gain":0.0,"event_name":"Vampires","player_choice":"Ignored","floor":25.0,"gold_loss":0.0,"damage_taken":0.0},{"cards_removed":["Defend_B"],"damage_healed":0.0,"max_hp_gain":0.0,"max_hp_loss":0.0,"gold_gain":0.0,"event_name":"Purifier","player_choice":"Purged","floor":36.0,"gold_loss":0.0,"damage_taken":0.0},{"damage_healed":0.0,"max_hp_gain":0.0,"max_hp_loss":4.0,"gold_gain":0.0,"event_name":"Winding Halls","player_choice":"Max HP","floor":45.0,"gold_loss":0.0,"damage_taken":0.0},{"damage_healed":0.0,"max_hp_gain":0.0,"max_hp_loss":0.0,"gold_gain":0.0,"event_name":"SensoryStone","player_choice":"Memory 1","floor":46.0,"gold_loss":0.0,"damage_taken":0.0}],"is_beta":true,"boss_relics":[{"not_picked":["Coffee Dripper","Empty Cage"],"picked":"Cursed Key"},{"not_picked":["Black Star","Runic Dome"],"picked":"Astrolabe"}],"items_purged_floors":[],"is_endless":false,"potions_floor_spawned":[1,5,7,12,24,27,29,33,42],"ascension_level":12}