{"gold_per_floor":[116,116,128,148,158,158,185,35,58,58,70,70,70,86,86,182,182,193,64,77,94,111,111,140,159,186,186],"floor_reached":27,"playtime":804,"items_purged":["Strike_R"],"score":237,"play_id":"2d6c463a-0c55-436d-80d5-17d08f55f39a","local_time":"20180704155533","is_ascension_mode":false,"campfire_choices":[{"data":"Inflame","floor":6,"key":"SMITH"},{"data":"Limit Break","floor":10,"key":"SMITH"},{"data":"Shrug It Off","floor":13,"key":"SMITH"},{"data":"Pummel","floor":15,"key":"SMITH"},{"data":"Barricade","floor":23,"key":"SMITH"}],"neow_cost":"","seed_source_timestamp":0,"circlet_count":0,"master_deck":["Strike_R","Strike_R","Strike_R","Strike_R","Defend_R","Defend_R","Defend_R","Defend_R","Bash","Pummel+1","Inflame+1","Anger","Shrug It Off+1","Limit Break+1","Barricade+1","Ghostly Armor+1","Shrug It Off","Thunderclap+1","Whirlwind","Armaments+1"],"special_seed":0,"relics":["Burning Blood","NeowsBlessing","Bronze Scales","Bag of Preparation","Philosopher\u0027s Stone","Dream Catcher","Pen Nib"],"potions_floor_usage":[7,7,20,21,24,24,25,25],"damage_taken":[{"damage":0.0,"enemies":"Jaw Worm","floor":1.0,"turns":1.0},{"damage":0,"enemies":"2 Louse","floor":3,"turns":1},{"damage":0,"enemies":"Cultist","floor":4,"turns":1},{"damage":15,"enemies":"Gremlin Gang","floor":5,"turns":4},{"damage":16,"enemies":"3 Sentries","floor":7,"turns":6},{"damage":21,"enemies":"Exordium Thugs","floor":11,"turns":4},{"damage":8,"enemies":"Red Slaver","floor":14,"turns":2},{"damage":37,"enemies":"The Guardian","floor":16,"turns":8},{"damage":9,"enemies":"Chosen","floor":18,"turns":3},{"damage":7,"enemies":"3 Byrds","floor":20,"turns":3},{"damage":46,"enemies":"3 Cultists","floor":21,"turns":5},{"damage":3,"enemies":"Centurion and Healer","floor":22,"turns":5},{"damage":20,"enemies":"Gremlin Leader","floor":24,"turns":4},{"damage":14,"enemies":"Snake Plant","floor":25,"turns":4},{"damage":22,"enemies":"3 Cultists","floor":27,"turns":3}],"seed_played":"-6052199217644664810","potions_obtained":[{"floor":4,"key":"AttackPotion"},{"floor":5,"key":"SkillPotion"},{"floor":11,"key":"SkillPotion"},{"floor":16,"key":"AttackPotion"},{"floor":21,"key":"EntropicBrew"},{"floor":22,"key":"AttackPotion"}],"is_trial":false,"path_per_floor":["M","?","M","M","M","R","E","$","T","R","M","$","R","M","R","B",null,"M","$","M","M","M","R","E","M","T"],"character_chosen":"IRONCLAD","items_purchased":["Limit Break","Shrug It Off"],"campfire_rested":0,"item_purchase_floors":[8,19],"current_hp_per_floor":[80,85,85,85,76,76,66,66,66,66,51,51,51,49,49,18,85,82,82,81,41,44,44,30,22,22,0],"gold":186,"neow_bonus":"","is_prod":false,"is_daily":false,"chose_seed":false,"campfire_upgraded":5,"win_rate":0,"timestamp":1530734133,"path_taken":["M","?","?","?","M","R","E","$","T","R","M","?","R","?","R","BOSS","M","$","M","?","M","R","E","M","T","M"],"build_version":"2018-07-03","purchased_purges":1,"victory":false,"max_hp_per_floor":[80,85,85,85,85,85,85,85,85,85,85,85,85,85,85,85,85,85,85,85,85,85,85,85,85,85,85],"card_choices":[{"not_picked":["Armaments","Clothesline"],"picked":"Pummel","floor":1},{"not_picked":["Warcry","Anger","Shockwave"],"picked":"SKIP","floor":3},{"not_picked":["Evolve","Cleave"],"picked":"Inflame","floor":4},{"not_picked":["Pommel Strike","Havoc"],"picked":"Anger","floor":5},{"not_picked":["Thunderclap","Seeing Red"],"picked":"Shrug It Off","floor":7},{"not_picked":["Flex","Bloodletting","Spot Weakness"],"picked":"SKIP","floor":11},{"not_picked":["True Grit","Anger","Impervious"],"picked":"SKIP","floor":14},{"not_picked":["Demon Form","Exhume"],"picked":"Barricade","floor":16},{"not_picked":["Shrug It Off","Metallicize"],"picked":"Ghostly Armor+1","floor":18},{"not_picked":["Fire Breathing+1","Warcry"],"picked":"Thunderclap+1","floor":20},{"not_picked":["Twin Strike","Metallicize"],"picked":"Whirlwind","floor":21},{"not_picked":["Searing Blow","Sword Boomerang"],"picked":"Armaments+1","floor":22},{"not_picked":["Armaments","Cleave+1","True Grit+1"],"picked":"SKIP","floor":24},{"not_picked":["True Grit+1","Shrug It Off","Havoc"],"picked":"SKIP","floor":25}],"player_experience":589655,"relics_obtained":[{"floor":7,"key":"Bronze Scales"},{"floor":9,"key":"Bag of Preparation"},{"floor":24,"key":"Dream Catcher"},{"floor":26,"key":"Pen Nib"}],"event_choices":[{"event_name":"Big Fish","player_choice":"Donut","floor":2,"damage_taken":0}],"boss_relics":[{"not_picked":["Ectoplasm","White Beast Statue"],"picked":"Philosopher\u0027s Stone"}],"items_purged_floors":[19],"is_endless":false,"potions_floor_spawned":[4,5,11,16,21,22,24],"killed_by":"3 Cultists","ascension_level":0}