{"gold_per_floor":[111,124,12,29,179,191,191,216,240,32,32,32,52,82,82,161,161,172,172,172,172,183,183,217,217,243,276,276,301,319,335,335,414,414,432,487,487,507,518,551,551,565,590,118,130,159,179,204,204,204],"floor_reached":50,"playtime":7656,"items_purged":["Strike_B","Writhe"],"score":1119,"play_id":"5604f34c-a46d-43f8-a501-ac3103f1d12b","local_time":"20190811200018","is_ascension_mode":true,"campfire_choices":[{"data":"Buffer","floor":7.0,"key":"SMITH"},{"data":"Sunder","floor":11.0,"key":"SMITH"},{"data":"Zap","floor":15.0,"key":"SMITH"},{"data":"Creative AI","floor":23.0,"key":"SMITH"},{"floor":25.0,"key":"REST"},{"floor":28.0,"key":"REST"},{"data":"Spot Weakness","floor":32.0,"key":"SMITH"},{"data":"Offering","floor":41.0,"key":"SMITH"},{"floor":49.0,"key":"RECALL"}],"neow_cost":"NONE","seed_source_timestamp":0,"circlet_count":0,"master_deck":["AscendersBane","Defend_B","Defend_B","Zap+1","Dualcast","Buffer+1","FTL","Auto Shields","Sunder+1","BootSequence+1","Chill","Chill","Coolheaded","Spot Weakness+1","Creative AI+1","Bandage Up","Bite","Bite+1","Bite","Bite","White Noise","Crippling Poison","Turbo+1","Coolheaded","Double Energy","Hyperbeam+1","Shrug It Off+1","Terror+1","Body Slam+1","Offering+1","Beam Cell+1","Blur","Venomology","Slice+1"],"special_seed":0,"relics":["Cracked Core","PrismaticShard","Vajra","Empty Cage","Oddly Smooth Stone","Mummified Hand","Molten Egg 2","Whetstone","Lantern","Centennial Puzzle","Nuclear Battery","Mango","War Paint","Pantograph","PreservedInsect","OrangePellets","Art of War","Boot","Sundial"],"potions_floor_usage":[],"damage_taken":[{"damage":3.0,"enemies":"Jaw Worm","floor":1.0,"turns":6.0},{"damage":1.0,"enemies":"2 Louse","floor":2.0,"turns":2.0},{"damage":7.0,"enemies":"Small Slimes","floor":4.0,"turns":3.0},{"damage":8.0,"enemies":"Blue Slaver","floor":6.0,"turns":3.0},{"damage":1.0,"enemies":"3 Sentries","floor":8.0,"turns":8.0},{"damage":0.0,"enemies":"Red Slaver","floor":13.0,"turns":4.0},{"damage":0.0,"enemies":"Lagavulin","floor":14.0,"turns":10.0},{"damage":32.0,"enemies":"Hexaghost","floor":16.0,"turns":12.0},{"damage":0.0,"enemies":"Spheric Guardian","floor":18.0,"turns":6.0},{"damage":13.0,"enemies":"3 Byrds","floor":22.0,"turns":6.0},{"damage":55.0,"enemies":"Book of Stabbing","floor":24.0,"turns":6.0},{"damage":50.0,"enemies":"Gremlin Leader","floor":27.0,"turns":9.0},{"damage":17.0,"enemies":"Slavers","floor":29.0,"turns":7.0},{"damage":11.0,"enemies":"Centurion and Healer","floor":30.0,"turns":9.0},{"damage":0.0,"enemies":"Cultist and Chosen","floor":31.0,"turns":10.0},{"damage":10.0,"enemies":"Champ","floor":33.0,"turns":14.0},{"damage":1.0,"enemies":"Orb Walker","floor":35.0,"turns":5.0},{"damage":15.0,"enemies":"2 Orb Walkers","floor":36.0,"turns":5.0},{"damage":3.0,"enemies":"3 Shapes","floor":38.0,"turns":2.0},{"damage":45.0,"enemies":"Spire Growth","floor":39.0,"turns":5.0},{"damage":44.0,"enemies":"Nemesis","floor":40.0,"turns":9.0},{"damage":0.0,"enemies":"Jaw Worm Horde","floor":42.0,"turns":4.0},{"damage":6.0,"enemies":"3 Darklings","floor":45.0,"turns":9.0},{"damage":28.0,"enemies":"Giant Head","floor":46.0,"turns":8.0},{"damage":10.0,"enemies":"4 Shapes","floor":47.0,"turns":5.0},{"damage":9.0,"enemies":"Reptomancer","floor":48.0,"turns":5.0},{"damage":109,"enemies":"Time Eater","floor":50,"turns":9}],"seed_played":"7152955634914232243","potions_obtained":[{"floor":4.0,"key":"Dexterity Potion"},{"floor":8.0,"key":"Energy Potion"},{"floor":14.0,"key":"SkillPotion"},{"floor":24.0,"key":"SteroidPotion"},{"floor":27.0,"key":"PowerPotion"},{"floor":33.0,"key":"FocusPotion"},{"floor":38.0,"key":"Strength Potion"},{"floor":45.0,"key":"FearPotion"},{"floor":47.0,"key":"Swift Potion"}],"is_trial":false,"path_per_floor":["M","M","$","M","?","M","R","E","T","$","R","?","M","E","R","B",null,"M","?","T","?","M","R","E","R","T","E","R","E","M","M","R","B",null,"M","?","?","M","M","E","R","M","T","$","M","E","M","E","R","B"],"character_chosen":"DEFECT","items_purchased":["Sunder","PrismaticShard","OrangePellets","Art of War","Beam Cell+1"],"campfire_rested":2,"item_purchase_floors":[3,10,44,44,44],"current_hp_per_floor":[61,60,60,53,53,45,45,44,44,44,44,37,39,41,41,11,56,58,58,58,58,63,63,27,48,48,18,39,39,59,71,71,71,71,71,83,83,82,48,20,20,26,26,26,40,29,30,48,48,0],"gold":204,"neow_bonus":"ONE_RANDOM_RARE_CARD","is_prod":false,"is_daily":false,"chose_seed":false,"campfire_upgraded":6,"win_rate":0,"timestamp":1565578818,"path_taken":["M","M","$","M","?","M","R","E","T","$","R","?","M","E","R","BOSS","M","?","?","?","M","R","E","R","T","E","R","E","M","?","R","BOSS","M","?","?","M","M","E","R","?","T","$","M","E","M","E","R","BOSS"],"build_version":"2019-07-17","purchased_purges":2,"victory":false,"max_hp_per_floor":[71,71,71,71,71,71,71,71,71,71,71,71,71,71,71,71,71,71,71,71,71,71,71,71,71,71,71,71,71,71,71,71,71,71,71,85,85,85,85,85,85,85,85,85,85,85,85,85,85,85],"card_choices":[{"not_picked":["Stack","Tempest"],"picked":"FTL","floor":1.0},{"not_picked":["Undo","Redo"],"picked":"Auto Shields","floor":2.0},{"not_picked":["Rebound","Stack"],"picked":"BootSequence","floor":4.0},{"not_picked":["Steam","Go for the Eyes"],"picked":"Chill","floor":6.0},{"not_picked":["Steam","Reinforced Body"],"picked":"Chill","floor":8.0},{"not_picked":["Havoc","Scrape"],"picked":"Coolheaded","floor":13.0},{"not_picked":["Deadly Poison","Pommel Strike"],"picked":"Spot Weakness","floor":14.0},{"not_picked":["Fiend Fire","Chrysalis"],"picked":"Creative AI","floor":16.0},{"not_picked":["Rebound","Beam Cell"],"picked":"Bandage Up","floor":18.0},{"not_picked":["Clothesline","Dodge and Roll"],"picked":"White Noise","floor":22.0},{"not_picked":["Clash","Backstab"],"picked":"Crippling Poison","floor":24.0},{"not_picked":["Impatience","Cleave+1"],"picked":"Turbo+1","floor":27.0},{"not_picked":["Clothesline+1","Bouncing Flask+1","Sever Soul+1"],"picked":"SKIP","floor":29.0},{"not_picked":["Slice+1","Ball Lightning+1"],"picked":"Coolheaded","floor":30.0},{"not_picked":["Cold Snap+1","Sweeping Beam+1"],"picked":"Double Energy","floor":31.0},{"not_picked":["Demon Form","The Bomb"],"picked":"Hyperbeam+1","floor":33.0},{"not_picked":["Darkness","Warcry+1"],"picked":"Shrug It Off","floor":35.0},{"not_picked":["Warcry+1","Static Discharge"],"picked":"Terror+1","floor":36.0},{"not_picked":["Discovery","Genetic Algorithm","Dodge and Roll"],"picked":"SKIP","floor":38.0},{"not_picked":["Compile Driver+1","Streamline+1"],"picked":"Body Slam+1","floor":39.0},{"not_picked":["True Grit+1","Warcry"],"picked":"Offering","floor":40.0},{"not_picked":["Bane+1","True Grit","Cloak And Dagger"],"picked":"SKIP","floor":42.0},{"not_picked":["Sword Boomerang+1","Slice+1"],"picked":"Blur","floor":45.0},{"not_picked":["Searing Blow+1","Calculated Gamble+1"],"picked":"Venomology","floor":46.0},{"not_picked":["Backflip","Bane+1"],"picked":"Slice+1","floor":47.0},{"not_picked":["Scrape+1","Second Wind","Power Through+1"],"picked":"SKIP","floor":48.0}],"player_experience":634668,"relics_obtained":[{"floor":8.0,"key":"Blood Vial"},{"floor":14.0,"key":"Vajra"},{"floor":20.0,"key":"Oddly Smooth Stone"},{"floor":24.0,"key":"Molten Egg 2"},{"floor":26.0,"key":"Whetstone"},{"floor":27.0,"key":"Lantern"},{"floor":29.0,"key":"Centennial Puzzle"},{"floor":36.0,"key":"Mango"},{"floor":40.0,"key":"Pantograph"},{"floor":43.0,"key":"PreservedInsect"},{"floor":46.0,"key":"Boot"},{"floor":48.0,"key":"Sundial"}],"event_choices":[{"damage_healed":0.0,"max_hp_gain":0.0,"max_hp_loss":0.0,"gold_gain":150.0,"event_name":"Liars Game","player_choice":"AGREE","floor":5.0,"gold_loss":0.0,"damage_taken":0.0,"cards_obtained":["Doubt"]},{"cards_removed":["Doubt"],"damage_healed":0.0,"max_hp_gain":0.0,"max_hp_loss":0.0,"gold_gain":0.0,"event_name":"Golden Wing","player_choice":"Card Removal","floor":12.0,"gold_loss":0.0,"damage_taken":7.0},{"damage_healed":0.0,"max_hp_gain":0.0,"max_hp_loss":0.0,"gold_gain":0.0,"event_name":"Vampires","player_choice":"Became a vampire (Vial)","floor":19.0,"relics_lost":["Blood Vial"],"gold_loss":0.0,"damage_taken":0.0,"cards_obtained":["Bite","Bite","Bite","Bite","Bite"]},{"damage_healed":0.0,"max_hp_gain":0.0,"max_hp_loss":0.0,"gold_gain":0.0,"event_name":"The Mausoleum","player_choice":"Opened","floor":21.0,"gold_loss":0.0,"damage_taken":0.0,"relics_obtained":["Mummified Hand"],"cards_obtained":["Writhe"]},{"damage_healed":0.0,"max_hp_gain":0.0,"max_hp_loss":0.0,"gold_gain":0.0,"event_name":"Mysterious Sphere","player_choice":"Fight","floor":36.0,"gold_loss":0.0,"damage_taken":0.0},{"cards_removed":["Bite"],"damage_healed":0.0,"max_hp_gain":0.0,"max_hp_loss":0.0,"gold_gain":0.0,"event_name":"WeMeetAgain","player_choice":"Gave Card","floor":37.0,"gold_loss":0.0,"damage_taken":0.0,"relics_obtained":["War Paint"]}],"is_beta":false,"boss_relics":[{"not_picked":["Orrery","Eternal Feather"],"picked":"Empty Cage"},{"not_picked":["Snecko Eye","FrozenCore"],"picked":"Nuclear Battery"}],"items_purged_floors":[3,44],"is_endless":false,"potions_floor_spawned":[4,8,13,14,24,27,33,36,38,45,47],"killed_by":"Time Eater","ascension_level":15}