{"gold_per_floor":[119,130,130,150,103,103,134,145,145,32,32,65,65,30,30,129,129,141,92,104,56,56,56,75,85,85,85,100,100,100],"floor_reached":30,"playtime":935,"items_purged":[],"score":369,"play_id":"92ed5eb0-f0f0-438e-997d-d9991597d106","local_time":"20190910153412","is_ascension_mode":true,"campfire_choices":[{"data":"Zap","floor":6.0,"key":"SMITH"},{"floor":11.0,"key":"REST"},{"floor":13.0,"key":"REST"},{"data":"Chaos","floor":15.0,"key":"SMITH"},{"floor":23.0,"key":"REST"},{"floor":27.0,"key":"REST"}],"neow_cost":"NONE","seed_source_timestamp":651183629251700,"circlet_count":0,"master_deck":["AscendersBane","Strike_B+1","Strike_B+1","Strike_B+1","Defend_B+1","Defend_B+1","Defend_B+1","Defend_B+1","Zap+1","Dualcast+1","Beam Cell","Chaos+1","Leap","White Noise","Sweeping Beam","Creative AI","Static Discharge","Chill","Thunder Strike","Leap","Steam","Hologram+1","Cold Snap","Defragment+1"],"special_seed":0,"relics":["Cracked Core","Happy Flower","Ancient Tea Set","Meat on the Bone","Nuclear Battery","War Paint","Frozen Egg 2"],"potions_floor_usage":[28],"damage_taken":[{"damage":4.0,"enemies":"Jaw Worm","floor":1.0,"turns":4.0},{"damage":3.0,"enemies":"Cultist","floor":2.0,"turns":4.0},{"damage":6.0,"enemies":"2 Louse","floor":4.0,"turns":5.0},{"damage":16.0,"enemies":"Lagavulin","floor":7.0,"turns":7.0},{"damage":6.0,"enemies":"Looter","floor":8.0,"turns":3.0},{"damage":36.0,"enemies":"3 Sentries","floor":12.0,"turns":10.0},{"damage":45.0,"enemies":"The Guardian","floor":16.0,"turns":8.0},{"damage":25.0,"enemies":"Shell Parasite","floor":18.0,"turns":6.0},{"damage":24.0,"enemies":"Spheric Guardian","floor":20.0,"turns":5.0},{"damage":27.0,"enemies":"Snake Plant","floor":24.0,"turns":4.0},{"damage":12.0,"enemies":"Snecko","floor":25.0,"turns":5.0},{"damage":49,"enemies":"Shelled Parasite and Fungi","floor":28,"turns":6},{"damage":18,"enemies":"Slavers","floor":30,"turns":1}],"seed_played":"2011327723482393249","potions_obtained":[{"floor":2.0,"key":"Block Potion"},{"floor":8.0,"key":"Ancient Potion"},{"floor":24.0,"key":"SkillPotion"}],"is_trial":false,"path_per_floor":["M","M","?","M","$","R","E","M","T","$","R","E","R","?","R","B",null,"M","$","M","$","?","R","M","M","T","R","M","?","E"],"character_chosen":"DEFECT","items_purchased":["Sweeping Beam","Static Discharge","Chill","Steam","Cold Snap"],"campfire_rested":4,"item_purchase_floors":[5,10,10,19,21],"current_hp_per_floor":[64,61,61,55,55,55,39,33,33,33,55,19,41,59,59,26,63,38,38,26,26,26,48,33,33,33,55,18,18,0],"gold":100,"neow_bonus":"THREE_CARDS","is_prod":false,"is_daily":false,"chose_seed":false,"campfire_upgraded":2,"win_rate":0,"timestamp":1568147652,"path_taken":["M","M","?","M","?","R","E","M","T","$","R","E","R","?","R","BOSS","M","$","M","$","?","R","M","M","T","R","M","?","E"],"build_version":"2019-09-09","purchased_purges":0,"victory":false,"max_hp_per_floor":[75,75,75,75,75,75,75,75,75,75,75,75,75,75,75,75,75,75,75,75,75,75,75,75,75,75,75,75,75,75],"card_choices":[{"not_picked":["Rebound","BootSequence"],"picked":"Beam Cell","floor":0.0},{"not_picked":["Ball Lightning","Hologram"],"picked":"Chaos","floor":1.0},{"not_picked":["Compile Driver","Barrage"],"picked":"Leap","floor":2.0},{"not_picked":["Darkness","Melter","Leap"],"picked":"SKIP","floor":4.0},{"not_picked":["Recycle","Hello World"],"picked":"Creative AI","floor":7.0},{"not_picked":["Rebound","Loop","Steam"],"picked":"SKIP","floor":8.0},{"not_picked":["Beam Cell","Stack","Barrage"],"picked":"SKIP","floor":12.0},{"not_picked":["Hyperbeam","Seek"],"picked":"Thunder Strike","floor":16.0},{"not_picked":["Hologram","Darkness"],"picked":"Leap","floor":18.0},{"not_picked":["Gash","Beam Cell"],"picked":"Hologram+1","floor":20.0},{"not_picked":["Stack","Steam","Machine Learning"],"picked":"SKIP","floor":24.0},{"not_picked":["Hello World+1","Undo","Redo"],"picked":"SKIP","floor":25.0},{"not_picked":["Beam Cell+1","Streamline+1"],"picked":"Defragment+1","floor":28}],"player_experience":1275646,"relics_obtained":[{"floor":7.0,"key":"Happy Flower"},{"floor":9.0,"key":"Ancient Tea Set"},{"floor":12.0,"key":"Meat on the Bone"},{"floor":26.0,"key":"Frozen Egg 2"}],"event_choices":[{"damage_healed":0.0,"max_hp_gain":0.0,"max_hp_loss":0.0,"gold_gain":0.0,"cards_transformed":["Strike_B"],"event_name":"Transmorgrifier","player_choice":"Transformed","floor":3.0,"gold_loss":0.0,"damage_taken":0.0,"cards_obtained":["White Noise"]},{"damage_healed":18.0,"max_hp_gain":0.0,"max_hp_loss":0.0,"gold_gain":0.0,"event_name":"The Cleric","player_choice":"Healed","floor":14.0,"gold_loss":35.0,"damage_taken":0.0},{"damage_healed":0.0,"max_hp_gain":0.0,"max_hp_loss":0.0,"gold_gain":0.0,"event_name":"The Mausoleum","player_choice":"Opened","floor":22.0,"gold_loss":0.0,"damage_taken":0.0,"relics_obtained":["War Paint"]},{"damage_healed":0,"gold_gain":0,"player_choice":"Simplicity","damage_taken":0,"max_hp_gain":0,"max_hp_loss":0,"event_name":"Back to Basics","floor":29,"gold_loss":0,"cards_upgraded":["Strike_B","Strike_B","Strike_B","Defend_B","Defend_B","Defend_B"]}],"is_beta":true,"boss_relics":[{"not_picked":["Ectoplasm","Pandora\u0027s Box"],"picked":"Nuclear Battery"}],"items_purged_floors":[],"is_endless":false,"potions_floor_spawned":[2,8,16,24],"killed_by":"Slavers","ascension_level":11}