{"gold_per_floor":[114,124,124,299,315,348,348,381,405,405,436,401,401,17,17,17],"floor_reached":16,"playtime":891,"items_purged":[],"score":122,"play_id":"0a8abf68-cb39-45f9-8140-3da3f3e6750a","local_time":"20190705155953","is_ascension_mode":true,"campfire_choices":[{"floor":7,"key":"REST"},{"floor":10,"key":"REST"},{"floor":15,"key":"REST"}],"neow_cost":"NONE","seed_source_timestamp":1970004288318110,"circlet_count":0,"master_deck":["Strike_B","Strike_B","Strike_B+1","Strike_B","Defend_B","Defend_B","Defend_B","Defend_B","Zap","Dualcast","Rebound","Sweeping Beam","Doubt","Double Energy","Rainbow","Cold Snap","Blizzard+1","Storm"],"relics":["Sozu","Golden Idol","Smiling Mask","Pen Nib","Bag of Preparation","Meat on the Bone","Anchor","Sling"],"potions_floor_usage":[],"damage_taken":[{"damage":2,"enemies":"Jaw Worm","floor":1,"turns":4},{"damage":8,"enemies":"Small Slimes","floor":2,"turns":4},{"damage":0,"enemies":"2 Louse","floor":5,"turns":2},{"damage":30,"enemies":"3 Sentries","floor":6,"turns":7},{"damage":26,"enemies":"Gremlin Nob","floor":8,"turns":4},{"damage":18,"enemies":"Lagavulin","floor":11,"turns":6},{"damage":54,"enemies":"Hexaghost","floor":16,"turns":10}],"seed_played":"3712306496795554148","potions_obtained":[],"is_trial":false,"path_per_floor":["M","M","?","?","M","E","R","E","T","R","E","?","?","$","R","B"],"character_chosen":"DEFECT","items_purchased":["Storm","Anchor","Sling"],"campfire_rested":3,"item_purchase_floors":[14,14,14],"current_hp_per_floor":[73,65,65,65,65,35,55,29,29,49,31,48,34,34,54,0],"gold":17,"neow_bonus":"BOSS_RELIC","is_prod":false,"is_daily":false,"chose_seed":false,"campfire_upgraded":0,"win_rate":0,"timestamp":1562356793,"path_taken":["M","M","?","?","M","E","R","E","T","R","E","?","?","$","R","BOSS"],"build_version":"2019-07-01","purchased_purges":0,"victory":false,"max_hp_per_floor":[75,75,69,69,69,69,69,69,69,69,69,69,69,69,69,69],"card_choices":[{"not_picked":["Stack","Compile Driver"],"picked":"Rebound","floor":1},{"not_picked":["Coolheaded","Barrage"],"picked":"Sweeping Beam","floor":2},{"not_picked":["Stack","Leap"],"picked":"Double Energy","floor":5},{"not_picked":["Genetic Algorithm","Meteor Strike"],"picked":"Rainbow","floor":6},{"not_picked":["Redo","Double Energy"],"picked":"Cold Snap","floor":8},{"not_picked":["Rebound","Reinforced Body"],"picked":"Blizzard","floor":11}],"player_experience":91887,"relics_obtained":[{"floor":6,"key":"Smiling Mask"},{"floor":8,"key":"Pen Nib"},{"floor":9,"key":"Bag of Preparation"},{"floor":11,"key":"Meat on the Bone"}],"event_choices":[{"damage_healed":0,"gold_gain":0,"player_choice":"Lose Max HP","damage_taken":0,"relics_obtained":["Golden Idol"],"max_hp_gain":0,"max_hp_loss":6,"event_name":"Golden Idol","floor":3,"gold_loss":0},{"damage_healed":0,"gold_gain":175,"player_choice":"AGREE","damage_taken":0,"max_hp_gain":0,"max_hp_loss":0,"event_name":"Liars Game","floor":4,"gold_loss":0,"cards_obtained":["Doubt"]},{"damage_healed":17,"gold_gain":0,"player_choice":"Healed","damage_taken":0,"max_hp_gain":0,"max_hp_loss":0,"event_name":"The Cleric","floor":12,"gold_loss":35},{"damage_healed":0,"gold_gain":0,"player_choice":"Entered Light","damage_taken":14,"max_hp_gain":0,"max_hp_loss":0,"event_name":"Shining Light","floor":13,"gold_loss":0,"cards_upgraded":["Strike_B","Blizzard"]}],"is_beta":false,"boss_relics":[],"items_purged_floors":[],"is_endless":false,"potions_floor_spawned":[2,11],"killed_by":"Hexaghost","ascension_level":1}