{"gold_per_floor":[111,111,111,186,202,202,202,222,248,296,308,360,387,417,429,441],"floor_reached":16,"playtime":1350,"items_purged":[],"score":110,"play_id":"c98e630f-c7d5-43e6-a08f-a08e3d8d8e2d","local_time":"20190627003300","is_ascension_mode":false,"campfire_choices":[{"floor":7,"key":"REST"},{"floor":11,"key":"REST"},{"floor":15,"key":"REST"}],"neow_cost":"NONE","seed_source_timestamp":1222731686185859,"circlet_count":0,"master_deck":["Strike_R","Strike_R","Strike_R","Strike_R","Strike_R","Defend_R","Defend_R+1","Defend_R+1","Defend_R","Bash","Searing Blow","Anger","Searing Blow","Armaments","Heavy Blade","Flex","Flex"],"relics":["Burning Blood","Golden Idol","MawBank","Question Card","Ginger"],"potions_floor_usage":[14,16,16],"damage_taken":[{"damage":5,"enemies":"Small Slimes","floor":1,"turns":4},{"damage":5,"enemies":"Jaw Worm","floor":5,"turns":4},{"damage":1,"enemies":"2 Louse","floor":8,"turns":4},{"damage":62,"enemies":"3 Sentries","floor":10,"turns":10},{"damage":24,"enemies":"Gremlin Nob","floor":12,"turns":4},{"damage":2,"enemies":"Large Slime","floor":13,"turns":7},{"damage":2,"enemies":"Looter","floor":14,"turns":3},{"damage":47,"enemies":"Hexaghost","floor":16,"turns":13}],"seed_played":"-3511538359892603549","potions_obtained":[{"floor":0,"key":"SneckoOil"},{"floor":0,"key":"SneckoOil"},{"floor":0,"key":"GamblersBrew"},{"floor":1,"key":"Weak Potion"},{"floor":8,"key":"Explosive Potion"},{"floor":12,"key":"Energy Potion"}],"is_trial":false,"path_per_floor":["M","?","$","?","M","?","R","M","T","E","R","E","M","M","R","B"],"character_chosen":"IRONCLAD","items_purchased":[],"campfire_rested":3,"item_purchase_floors":[],"current_hp_per_floor":[80,60,60,49,50,34,58,63,63,7,31,13,17,21,45,0],"gold":441,"neow_bonus":"THREE_SMALL_POTIONS","is_prod":false,"is_daily":false,"chose_seed":false,"campfire_upgraded":0,"win_rate":0.0,"timestamp":1561609980,"path_taken":["M","?","$","?","M","?","R","M","T","E","R","E","M","?","R","BOSS"],"build_version":"2019-01-23","purchased_purges":0,"victory":false,"max_hp_per_floor":[80,80,80,80,80,80,80,80,80,80,80,80,80,80,80,80],"card_choices":[{"not_picked":["Heavy Blade","Clash"],"picked":"Searing Blow","floor":1},{"not_picked":["Warcry","Combust"],"picked":"Anger","floor":5},{"not_picked":["Dual Wield","Sword Boomerang"],"picked":"Searing Blow","floor":8},{"not_picked":["Brutality","Perfected Strike"],"picked":"Armaments","floor":10},{"not_picked":["Headbutt","Body Slam","Flex"],"picked":"Heavy Blade","floor":12},{"not_picked":["Offering","Rupture","Perfected Strike"],"picked":"Flex","floor":13},{"not_picked":["Clash","Body Slam","Dual Wield"],"picked":"Flex","floor":14}],"player_experience":5241,"relics_obtained":[{"floor":9,"key":"MawBank"},{"floor":10,"key":"Question Card"},{"floor":12,"key":"Ginger"}],"event_choices":[{"damage_healed":0,"gold_gain":0,"player_choice":"Take Damage","damage_taken":20,"relics_obtained":["Golden Idol"],"max_hp_gain":0,"max_hp_loss":0,"event_name":"Golden Idol","floor":2,"gold_loss":0},{"damage_healed":0,"gold_gain":75,"player_choice":"Gather Gold","damage_taken":11,"max_hp_gain":0,"max_hp_loss":0,"event_name":"World of Goop","floor":4,"gold_loss":0},{"damage_healed":0,"gold_gain":0,"player_choice":"Entered Light","damage_taken":16,"max_hp_gain":0,"max_hp_loss":0,"event_name":"Shining Light","floor":6,"gold_loss":0,"cards_upgraded":["Defend_R","Defend_R"]}],"is_beta":false,"boss_relics":[],"items_purged_floors":[],"is_endless":false,"potions_floor_spawned":[1,8,12],"killed_by":"Hexaghost","ascension_level":0}