{"path_per_floor":["M","?","?","M","?","R","E","R","T","R","$","M","M","?","R","B",null,"M","$","?"],"character_chosen":"DEFECT","items_purchased":["Self Repair"],"gold_per_floor":[109,109,284,296,296,296,328,328,351,351,276,288,306,306,306,406,406,422,243,168,168],"floor_reached":21,"campfire_rested":0,"playtime":634,"current_hp_per_floor":[75,75,75,73,70,70,43,43,43,43,43,43,26,51,51,2,75,40,40,40,0],"items_purged":["Strike_B","Dualcast"],"gold":168,"score":175,"play_id":"542cc1b9-642f-4cc2-86ae-3ce497697a35","local_time":"20180430011327","is_prod":false,"is_daily":false,"chose_seed":false,"is_ascension_mode":false,"campfire_upgraded":1,"timestamp":1525065207,"path_taken":["M","?","?","M","?","R","E","R","T","R","$","M","M","?","R","BOSS","M","$","?","M"],"build_version":"2018-04-27v3","seed_source_timestamp":2510737473298429,"purchased_purges":2,"victory":false,"master_deck":["Defend_B","Defend_B","Defend_B","Defend_B","Zap","Gash","Hologram","Axe Kick","Defragment","Hologram+1","Ball Lightning","Recycle","Redo","Gash+1","Cold Snap+1","Redo","Skim","Self Repair"],"max_hp_per_floor":[75,75,75,75,75,75,75,75,75,75,75,75,75,75,75,75,75,75,75,75,75],"relics":["Orrery","Molten Egg 2","Peace Pipe","Juzu Bracelet","Nuclear Battery"],"card_choices":[{"not_picked":["Loop","Rip and Tear"],"picked":"Gash","floor":0},{"not_picked":["Flux Capacitor","Ball Lightning"],"picked":"Hologram","floor":0},{"not_picked":["Cold Snap","Blaster"],"picked":"Axe Kick","floor":0},{"not_picked":["Skim","Beam Cell"],"picked":"Defragment","floor":0},{"not_picked":["Sweeping Beam","Ball Lightning"],"picked":"Hologram","floor":0},{"not_picked":["Streamline","Static Discharge"],"picked":"Ball Lightning","floor":1},{"not_picked":["Reprogram","Blizzard"],"picked":"Recycle","floor":4},{"not_picked":["Storm","Impulse"],"picked":"Redo","floor":7},{"not_picked":["Coolheaded","Cold Snap"],"picked":"Gash","floor":12},{"not_picked":["Recycle","Sweeping Beam"],"picked":"Cold Snap","floor":13},{"not_picked":["Meteor Strike","Echo Form"],"picked":"Redo","floor":16},{"not_picked":["Beam Cell","Stack"],"picked":"Skim","floor":18}],"player_experience":417779,"potions_floor_usage":[21],"damage_taken":[{"damage":0,"enemies":"Small Slimes","floor":1,"turns":3},{"damage":2,"enemies":"2 Louse","floor":4,"turns":2},{"damage":27,"enemies":"3 Sentries","floor":7,"turns":6},{"damage":0,"enemies":"Cultist","floor":12,"turns":3},{"damage":17,"enemies":"Looter","floor":13,"turns":4},{"damage":49,"enemies":"Hexaghost","floor":16,"turns":10},{"damage":35,"enemies":"Shell Parasite","floor":18,"turns":6},{"damage":49,"enemies":"3 Byrds","floor":21,"turns":4}],"event_choices":[{"event_name":"Golden Idol","player_choice":"Ignored","floor":2,"damage_taken":0},{"event_name":"Liars Game","player_choice":"agreed","floor":3,"damage_taken":0},{"event_name":"Scrap Ooze","player_choice":"success","floor":5,"damage_taken":3},{"event_name":"Big Fish","player_choice":"Banana","floor":14,"damage_taken":0},{"event_name":"Beggar","player_choice":"Gave Gold","floor":20,"damage_taken":0}],"boss_relics":[{"not_picked":["Lizard Tail","White Beast Statue"],"picked":"Nuclear Battery"}],"potions_floor_spawned":[1,12,13,18],"seed_played":"-3911350942729389651","killed_by":"3 Byrds","ascension_level":0,"is_trial":false}