{"gold_per_floor":[114,133,133,133,145,170,182,215,261,261,261,294,324,350,350,454,454,423,423,423,23,40,40,40,74,129,163,17,17,27,27],"floor_reached":31,"playtime":1864,"items_purged":[],"score":332,"play_id":"8f073378-7e34-4023-8044-be0cdddd022e","local_time":"20190911172645","is_ascension_mode":true,"campfire_choices":[{"floor":10,"key":"REST"},{"floor":15,"key":"REST"},{"floor":23,"key":"REST"}],"neow_cost":"NONE","seed_source_timestamp":2206092376110000,"circlet_count":0,"master_deck":["Strike_R","Strike_R","Strike_R","Strike_R","Strike_R","Defend_R","Defend_R","Defend_R+1","Defend_R","Bash","Clash","Pommel Strike","Flex+1","Spot Weakness","Armaments","Regret","Anger","Demon Form","Headbutt+1","Chrysalis","Whirlwind","Shrug It Off+1","Anger"],"relics":["Burning Blood","NeowsBlessing","PreservedInsect","Question Card","Ancient Tea Set","Smiling Mask","Blue Candle","Pen Nib","Lizard Tail","Medical Kit","Darkstone Periapt","Orichalcum","Boot","Art of War","War Paint"],"potions_floor_usage":[8,12,16,22,27],"damage_taken":[{"damage":0,"enemies":"Cultist","floor":1,"turns":1},{"damage":0,"enemies":"2 Louse","floor":2,"turns":1},{"damage":0,"enemies":"Small Slimes","floor":5,"turns":1},{"damage":45,"enemies":"Lagavulin","floor":6,"turns":6},{"damage":6,"enemies":"Looter","floor":7,"turns":3},{"damage":13,"enemies":"Gremlin Nob","floor":8,"turns":3},{"damage":11,"enemies":"Lagavulin","floor":12,"turns":4},{"damage":62,"enemies":"The Guardian","floor":16,"turns":12},{"damage":34,"enemies":"2 Thieves","floor":18,"turns":5},{"damage":51,"enemies":"3 Byrds","floor":22,"turns":7},{"damage":56,"enemies":"Gremlin Leader","floor":25,"turns":6},{"damage":33,"enemies":"Book of Stabbing","floor":27,"turns":4},{"damage":20,"enemies":"Centurion and Healer","floor":30,"turns":6},{"damage":11,"enemies":"Snake Plant","floor":31,"turns":1}],"seed_played":"7828418806581737542","potions_obtained":[{"floor":2,"key":"Dexterity Potion"},{"floor":7,"key":"Energy Potion"},{"floor":12,"key":"Weak Potion"},{"floor":16,"key":"EssenceOfSteel"},{"floor":25,"key":"PowerPotion"}],"is_trial":false,"path_per_floor":["M","M","$","$","M","E","M","E","T","R","?","E","?","T","R","B",null,"M","?","?","$","M","R","T","E","T","E","$","$","M","M"],"character_chosen":"IRONCLAD","items_purchased":["Chrysalis","Medical Kit","War Paint"],"campfire_rested":3,"item_purchase_floors":[21,21,28],"current_hp_per_floor":[80,80,80,80,80,41,41,34,34,58,58,53,53,53,77,21,80,52,52,78,78,33,57,57,7,7,22,22,22,8,0],"gold":27,"neow_bonus":"THREE_ENEMY_KILL","is_prod":false,"is_daily":false,"chose_seed":false,"campfire_upgraded":0,"win_rate":0,"timestamp":1568237205,"path_taken":["M","M","?","$","M","E","M","E","T","R","?","E","?","?","R","BOSS","M","?","?","$","M","R","?","E","T","E","?","$","M","M"],"build_version":"2019-07-17","purchased_purges":0,"victory":false,"max_hp_per_floor":[80,80,80,80,80,80,80,80,80,80,80,80,80,80,80,80,80,80,80,80,80,80,80,80,80,80,80,80,80,80,80],"card_choices":[{"not_picked":["Fire Breathing","Shrug It Off"],"picked":"Clash","floor":1},{"not_picked":["Rupture","Sever Soul"],"picked":"Pommel Strike","floor":2},{"not_picked":["Bloodletting","Entrench","Clothesline"],"picked":"SKIP","floor":5},{"not_picked":["Twin Strike","Body Slam"],"picked":"Flex","floor":6},{"not_picked":["Clothesline","Warcry"],"picked":"Spot Weakness","floor":7},{"not_picked":["Offering","Sword Boomerang"],"picked":"Armaments","floor":8},{"not_picked":["Wild Strike","Heavy Blade","Bludgeon"],"picked":"Anger","floor":12},{"not_picked":["Offering","Impervious","Juggernaut"],"picked":"Demon Form","floor":16},{"not_picked":["Body Slam","Burning Pact","Sentinel"],"picked":"Headbutt+1","floor":18},{"not_picked":["Clothesline","Carnage","True Grit"],"picked":"Whirlwind","floor":22},{"not_picked":["Havoc","Power Through","Armaments"],"picked":"Shrug It Off+1","floor":25},{"not_picked":["Body Slam+1","Entrench","Dual Wield"],"picked":"Anger","floor":27},{"not_picked":["Perfected Strike+1","Wild Strike+1","Rupture","Anger"],"picked":"SKIP","floor":30}],"player_experience":359810,"relics_obtained":[{"floor":6,"key":"PreservedInsect"},{"floor":8,"key":"Question Card"},{"floor":9,"key":"Ancient Tea Set"},{"floor":12,"key":"Blue Candle"},{"floor":14,"key":"Pen Nib"},{"floor":24,"key":"Darkstone Periapt"},{"floor":25,"key":"Orichalcum"},{"floor":26,"key":"Boot"},{"floor":27,"key":"Art of War"}],"event_choices":[{"damage_healed":0,"gold_gain":0,"player_choice":"Box","damage_taken":0,"relics_obtained":["Smiling Mask"],"max_hp_gain":0,"max_hp_loss":0,"event_name":"Big Fish","floor":11,"gold_loss":0,"cards_obtained":["Regret"]},{"damage_healed":0,"gold_gain":30,"player_choice":"Searched \u00272\u0027 times","damage_taken":0,"max_hp_gain":0,"max_hp_loss":0,"event_name":"Dead Adventurer","floor":13,"gold_loss":0},{"damage_healed":0,"gold_gain":0,"player_choice":"Ignored","damage_taken":0,"max_hp_gain":0,"max_hp_loss":0,"event_name":"Ghosts","floor":19,"gold_loss":0},{"damage_healed":26,"gold_gain":0,"player_choice":"Heal","damage_taken":0,"max_hp_gain":0,"max_hp_loss":0,"event_name":"The Library","floor":20,"gold_loss":0}],"is_beta":false,"boss_relics":[{"not_picked":["Philosopher\u0027s Stone","Runic Pyramid"],"picked":"Lizard Tail"}],"items_purged_floors":[],"is_endless":false,"potions_floor_spawned":[2,7,12,16,25],"killed_by":"Snake Plant","ascension_level":3}