{"path_per_floor":["M","?","?","?","?","E","R","?","T","E","M","$","$","M","R","B",null,"M","?","?","?","M"],"character_chosen":"IRONCLAD","items_purchased":["Clash","Inflame","Purity","Warcry"],"gold_per_floor":[20,20,20,20,270,304,304,304,304,331,345,52,26,43,43,148,148,161,161,161,76,93,93],"floor_reached":23,"campfire_rested":2,"playtime":3356,"current_hp_per_floor":[79,76,76,76,82,48,73,66,66,56,53,53,53,46,71,56,86,66,66,66,66,66,0],"items_purged":["Strike_R"],"gold":93,"score":195,"play_id":"4f25b9ea-e7ab-412a-afc6-1f3261f29907","local_time":"20180403190107","is_prod":false,"is_daily":false,"is_ascension_mode":false,"campfire_upgraded":0,"timestamp":1522807267,"path_taken":["M","?","?","?","?","E","R","?","T","E","M","?","$","M","R","BOSS","M","?","?","?","M","E"],"build_version":"2018-03-29v2","purchased_purges":1,"victory":false,"master_deck":["Strike_R+1","Strike_R+1","Strike_R+1","Defend_R+1","Defend_R+1","Bash","Second Wind","Feel No Pain","Twin Strike","Flex","Blood for Blood","Clothesline","Clash","Inflame","Purity","Warcry","Perfected Strike","Berserk","Rage","Pommel Strike"],"max_hp_per_floor":[80,80,80,80,86,86,86,86,86,86,86,86,86,86,86,86,86,86,86,86,86,86,86],"relics":["Burning Blood","Darkstone Periapt","Kunai","Ornamental Fan","Question Card","Philosopher\u0027s Stone","Bird Faced Urn"],"card_choices":[{"not_picked":["Sword Boomerang","Armaments"],"picked":"Twin Strike","floor":1},{"not_picked":["Sever Soul","Whirlwind"],"picked":"Flex","floor":6},{"not_picked":["Perfected Strike","Iron Wave"],"picked":"Blood for Blood","floor":10},{"not_picked":["Cleave","Rupture","True Grit"],"picked":"Clothesline","floor":11},{"not_picked":["Iron Wave","Cleave","Body Slam"],"picked":"Perfected Strike","floor":14},{"not_picked":["Reaper","Fiend Fire","Bludgeon"],"picked":"Berserk","floor":16},{"not_picked":["Thunderclap","Twin Strike","Ghostly Armor"],"picked":"Rage","floor":18},{"not_picked":["Second Wind","Cleave","Dual Wield"],"picked":"Pommel Strike","floor":22}],"player_experience":2829,"potions_floor_usage":[6,6,10,23],"damage_taken":[{"damage":7,"enemies":"Small Slimes","floor":1,"turns":4},{"damage":40,"enemies":"3 Sentries","floor":6,"turns":9},{"damage":22,"enemies":"Gremlin Nob","floor":10,"turns":5},{"damage":9,"enemies":"2 Louse","floor":11,"turns":3},{"damage":13,"enemies":"Cultist","floor":14,"turns":4},{"damage":21,"enemies":"Hexaghost","floor":16,"turns":8},{"damage":26,"enemies":"2 Thieves","floor":18,"turns":3},{"damage":12,"enemies":"Chosen","floor":22,"turns":5},{"damage":75,"enemies":"Slavers","floor":23,"turns":4}],"event_choices":[{"event_name":"Scrap Ooze","player_choice":"success","floor":2,"damage_taken":3},{"event_name":"Living Wall","player_choice":"Forget","floor":3,"damage_taken":0},{"event_name":"The Lab","player_choice":"Got Potions","floor":4,"damage_taken":0},{"event_name":"Golden Shrine","player_choice":"Desecrate","floor":5,"damage_taken":0},{"event_name":"Golden Wing","player_choice":"Card Removal","floor":8,"damage_taken":0},{"event_name":"Vampires","player_choice":"Ignored","floor":19,"damage_taken":0},{"event_name":"Back to Basics","player_choice":"Simplicity","floor":20,"damage_taken":0},{"event_name":"Addict","player_choice":"Obtained Relic","floor":21,"damage_taken":0}],"boss_relics":[{"not_picked":["Runic Pyramid","Lizard Tail"],"picked":"Philosopher\u0027s Stone"}],"potions_floor_spawned":[14,16],"seed_played":"-6527068223479983500","killed_by":"Slavers","ascension_level":0,"is_trial":false}