{"gold_per_floor":[111,61,61,61,61,91,105,121,121,121,156,172,182,182,182,182],"floor_reached":16,"playtime":1297,"items_purged":[],"score":142,"play_id":"bf5ce3ba-e7dd-427f-90b0-4e38e470486e","local_time":"20190915232629","is_ascension_mode":true,"campfire_choices":[{"data":"Tactician","floor":10,"key":"SMITH"},{"floor":15,"key":"REST"}],"neow_cost":"NONE","seed_source_timestamp":2573843271246300,"circlet_count":0,"master_deck":["Strike_G","Strike_G","Strike_G","Defend_G","Defend_G","Defend_G","Defend_G","Defend_G","Survivor","Neutralize","Cloak And Dagger","Regret","Neutralize","Deflect","Blade Dance","Tactician+1","Doppelganger","Deflect","Deflect","Escape Plan"],"relics":["Ring of the Snake","NeowsBlessing","FossilizedHelix","Bag of Preparation","Pear","Matryoshka"],"potions_floor_usage":[11,16],"damage_taken":[{"damage":0,"enemies":"Jaw Worm","floor":1,"turns":1},{"damage":0,"enemies":"Lagavulin","floor":6,"turns":1},{"damage":0,"enemies":"2 Louse","floor":7,"turns":1},{"damage":1,"enemies":"Small Slimes","floor":8,"turns":6},{"damage":73,"enemies":"Gremlin Nob","floor":11,"turns":7},{"damage":1,"enemies":"Exordium Thugs","floor":12,"turns":7},{"damage":0,"enemies":"Blue Slaver","floor":13,"turns":5},{"damage":45,"enemies":"Hexaghost","floor":16,"turns":14}],"seed_played":"4886079981389383785","potions_obtained":[{"floor":6,"key":"PowerPotion"},{"floor":13,"key":"Regen Potion"}],"is_trial":false,"path_per_floor":["M","?","$","?","?","E","M","M","T","R","E","M","M","?","R","B"],"character_chosen":"THE_SILENT","items_purchased":[],"campfire_rested":1,"item_purchase_floors":[],"current_hp_per_floor":[70,70,70,70,70,70,70,69,79,79,6,5,5,5,29,0],"gold":182,"neow_bonus":"THREE_ENEMY_KILL","is_prod":false,"is_daily":false,"chose_seed":false,"campfire_upgraded":1,"win_rate":0,"timestamp":1568604389,"path_taken":["M","?","$","?","?","E","?","M","T","R","E","M","M","?","R","BOSS"],"build_version":"2019-07-17","purchased_purges":0,"victory":false,"max_hp_per_floor":[70,70,70,70,70,70,70,70,80,80,80,80,80,80,80,80],"card_choices":[{"not_picked":["PiercingWail","All Out Attack"],"picked":"Cloak And Dagger","floor":1},{"not_picked":["After Image","Poisoned Stab"],"picked":"Deflect","floor":6},{"not_picked":["Outmaneuver","Well Laid Plans"],"picked":"Blade Dance","floor":7},{"not_picked":["Flying Knee","Slice"],"picked":"Tactician","floor":8},{"not_picked":["Dagger Throw","Blur"],"picked":"Doppelganger","floor":11},{"not_picked":["Dodge and Roll","Deadly Poison"],"picked":"Deflect","floor":12},{"not_picked":["Bouncing Flask","Poisoned Stab"],"picked":"Deflect","floor":13}],"player_experience":506596,"relics_obtained":[{"floor":6,"key":"Bag of Preparation"},{"floor":9,"key":"Pear"},{"floor":11,"key":"Matryoshka"}],"event_choices":[{"cards_removed":["Strike_G"],"damage_healed":0,"gold_gain":0,"player_choice":"Card Removal","damage_taken":0,"max_hp_gain":0,"max_hp_loss":0,"event_name":"The Cleric","floor":2,"gold_loss":50},{"damage_healed":0,"gold_gain":0,"player_choice":"Box","damage_taken":0,"relics_obtained":["FossilizedHelix"],"max_hp_gain":0,"max_hp_loss":0,"event_name":"Big Fish","floor":4,"gold_loss":0,"cards_obtained":["Regret"]},{"damage_healed":0,"gold_gain":0,"player_choice":"1 cards matched","damage_taken":0,"max_hp_gain":0,"max_hp_loss":0,"event_name":"Match and Keep!","floor":5,"gold_loss":0,"cards_obtained":["Neutralize"]},{"damage_healed":0,"gold_gain":0,"cards_transformed":["Strike_G"],"player_choice":"Transformed","damage_taken":0,"max_hp_gain":0,"max_hp_loss":0,"event_name":"Transmorgrifier","floor":14,"gold_loss":0,"cards_obtained":["Escape Plan"]}],"is_beta":false,"boss_relics":[],"items_purged_floors":[],"is_endless":false,"potions_floor_spawned":[6,13],"killed_by":"Hexaghost","ascension_level":1}