{"gold_per_floor":[112,123,48,59,72,107,57,57,57,132,132,151,181,356,356,452,452,470,470,487,85,85,85,117,117,117,129,148,161,161,196,196,301,301,318,11,23,43,62,90,90,120,147,157,157,171,171,189,189,189],"floor_reached":51,"playtime":6567,"items_purged":["Strike_B","Doubt","Defend_B"],"score":784,"play_id":"ee921bca-0f31-48d1-a77f-9da9a67fd8f6","local_time":"20190203003348","is_ascension_mode":false,"campfire_choices":[{"data":"Zap","floor":8,"key":"SMITH"},{"data":"Seek","floor":11,"key":"SMITH"},{"data":"Dualcast","floor":15,"key":"SMITH"},{"data":"Sweeping Beam","floor":23,"key":"SMITH"},{"data":"Conserve Battery","floor":25,"key":"SMITH"},{"data":"Redo","floor":30,"key":"SMITH"},{"data":"Defend_B","floor":32,"key":"PURGE"},{"data":"Lockon","floor":41,"key":"SMITH"},{"data":"Parasite","floor":45,"key":"PURGE"},{"data":"Reboot","floor":47,"key":"SMITH"},{"data":"Skim","floor":49,"key":"SMITH"}],"neow_cost":"NONE","seed_source_timestamp":95971150912564,"circlet_count":0,"master_deck":["Strike_B","Strike_B","Strike_B","Zap+1","Dualcast+1","Cold Snap","Conserve Battery+1","Seek+1","BootSequence","Leap","Sweeping Beam+1","FTL","Echo Form+1","Skim+1","Reboot+1","Steam","Steam","Self Repair+1","Defragment+1","All For One","Lockon+1","Redo+1","Scrape+1","Buffer+1","Redo+1","Mayhem+1","Undo+1","Conserve Battery+1","Ball Lightning+1","Go for the Eyes+1","Amplify","Turbo+1","Defragment+1"],"relics":["Cracked Core","Pear","Kunai","Frozen Egg 2","Black Star","Medical Kit","Orichalcum","Vajra","Peace Pipe","Molten Egg 2","Art of War","Cursed Key","Omamori","Torii","Letter Opener","StoneCalendar","Pen Nib"],"potions_floor_usage":[6,16,24,24,31,31,40,42],"damage_taken":[{"damage":7,"enemies":"Small Slimes","floor":1,"turns":3},{"damage":5,"enemies":"2 Louse","floor":2,"turns":2},{"damage":0,"enemies":"Cultist","floor":4,"turns":3},{"damage":0,"enemies":"Looter","floor":5,"turns":4},{"damage":6,"enemies":"Gremlin Nob","floor":6,"turns":4},{"damage":0,"enemies":"Exordium Thugs","floor":12,"turns":4},{"damage":3,"enemies":"Lagavulin","floor":13,"turns":7},{"damage":0,"enemies":"The Guardian","floor":16,"turns":13},{"damage":0,"enemies":"Chosen","floor":18,"turns":7},{"damage":0,"enemies":"3 Byrds","floor":20,"turns":5},{"damage":7,"enemies":"Gremlin Leader","floor":24,"turns":7},{"damage":9,"enemies":"Shelled Parasite and Fungi","floor":27,"turns":5},{"damage":1,"enemies":"Centurion and Healer","floor":28,"turns":7},{"damage":0,"enemies":"Chosen and Byrds","floor":29,"turns":6},{"damage":36,"enemies":"Slavers","floor":31,"turns":6},{"damage":39,"enemies":"Champ","floor":33,"turns":8},{"damage":0,"enemies":"Orb Walker","floor":35,"turns":2},{"damage":1,"enemies":"3 Shapes","floor":37,"turns":4},{"damage":33,"enemies":"Writhing Mass","floor":38,"turns":6},{"damage":0,"enemies":"Maw","floor":39,"turns":6},{"damage":40,"enemies":"Nemesis","floor":40,"turns":6},{"damage":8,"enemies":"Reptomancer","floor":42,"turns":6},{"damage":1,"enemies":"4 Shapes","floor":44,"turns":4},{"damage":9,"enemies":"3 Darklings","floor":46,"turns":6},{"damage":0,"enemies":"Writhing Mass","floor":48,"turns":5},{"damage":63,"enemies":"Awakened One","floor":50,"turns":11}],"seed_played":"3007395465078421105","potions_obtained":[{"floor":4,"key":"Poison Potion"},{"floor":12,"key":"SpeedPotion"},{"floor":13,"key":"Strength Potion"},{"floor":20,"key":"Weak Potion"},{"floor":28,"key":"Swift Potion"},{"floor":29,"key":"Swift Potion"},{"floor":33,"key":"Regen Potion"},{"floor":35,"key":"SteroidPotion"},{"floor":39,"key":"Fire Potion"},{"floor":48,"key":"SteroidPotion"}],"is_trial":false,"path_per_floor":["M","M","$","M","M","E","?","R","T","?","R","M","E","?","R","B",null,"M","?","M","$","?","R","E","R","T","M","M","M","R","E","R","B",null,"M","$","M","M","M","E","R","E","T","M","R","M","R","M","R","B",null],"character_chosen":"DEFECT","items_purchased":["Medical Kit","Steam","Self Repair+1","Mayhem+1"],"campfire_rested":0,"item_purchase_floors":[21,21,21,36],"current_hp_per_floor":[75,70,70,70,70,74,74,74,74,63,63,63,60,60,60,60,92,92,92,92,92,92,92,92,92,92,92,92,92,92,76,76,47,92,92,92,91,68,78,60,60,72,72,81,81,89,89,89,89,36],"gold":189,"neow_bonus":"TEN_PERCENT_HP_BONUS","is_prod":false,"is_daily":false,"chose_seed":false,"campfire_upgraded":9,"win_rate":0.0,"timestamp":1549182828,"path_taken":["M","M","$","M","M","E","?","R","T","?","R","M","E","?","R","BOSS","M","?","?","$","?","R","E","R","T","M","M","M","R","E","R","BOSS","M","$","M","M","M","E","R","E","T","M","R","M","R","M","R","BOSS"],"build_version":"2019-01-23","purchased_purges":3,"victory":true,"max_hp_per_floor":[82,82,82,82,82,92,92,92,92,92,92,92,92,92,92,92,92,92,92,92,92,92,92,92,92,92,92,92,92,92,92,92,92,92,92,92,92,92,92,92,92,92,92,92,89,89,89,89,89,89],"card_choices":[{"not_picked":["Hologram","Redo"],"picked":"Cold Snap","floor":1},{"not_picked":["Stack","Static Discharge"],"picked":"Conserve Battery","floor":2},{"not_picked":["Hologram","Stack"],"picked":"Seek","floor":4},{"not_picked":["Rip and Tear","Reinforced Body"],"picked":"BootSequence","floor":5},{"not_picked":["Steam","Coolheaded"],"picked":"Leap","floor":6},{"not_picked":["Amplify","Redo"],"picked":"Sweeping Beam","floor":12},{"not_picked":["Double Energy","Go for the Eyes"],"picked":"FTL","floor":13},{"not_picked":["All For One","Reboot"],"picked":"Echo Form+1","floor":16},{"not_picked":["Rip and Tear","BootSequence"],"picked":"Skim","floor":18},{"not_picked":["Compile Driver","Chaos"],"picked":"Steam","floor":20},{"not_picked":["Ball Lightning","Go for the Eyes+1"],"picked":"All For One","floor":24},{"not_picked":["Reinforced Body","Barrage+1"],"picked":"Lockon","floor":27},{"not_picked":["Skim","Rip and Tear","Barrage"],"picked":"SKIP","floor":28},{"not_picked":["Cold Snap","Streamline"],"picked":"Redo","floor":29},{"not_picked":["Tempest+1","Undo"],"picked":"Scrape","floor":31},{"not_picked":["Seek","Meteor Strike+1"],"picked":"Buffer+1","floor":33},{"not_picked":["Rebound+1","Gash+1"],"picked":"Redo+1","floor":35},{"not_picked":["Genetic Algorithm+1","Turbo"],"picked":"Undo+1","floor":37},{"not_picked":["Leap+1","Turbo"],"picked":"Conserve Battery+1","floor":38},{"not_picked":["Gash+1","Steam"],"picked":"Ball Lightning+1","floor":39},{"not_picked":["Scrape+1","Reboot"],"picked":"Go for the Eyes+1","floor":40},{"not_picked":["Undo+1","Ball Lightning+1"],"picked":"Amplify","floor":42},{"not_picked":["Turbo","Coolheaded+1","Undo"],"picked":"SKIP","floor":44},{"not_picked":["Beam Cell+1","Conserve Battery"],"picked":"Turbo+1","floor":46},{"not_picked":["Barrage+1","Self Repair+1"],"picked":"Defragment+1","floor":48}],"player_experience":438005,"relics_obtained":[{"floor":6,"key":"Pear"},{"floor":9,"key":"Kunai"},{"floor":13,"key":"Frozen Egg 2"},{"floor":24,"key":"Orichalcum"},{"floor":24,"key":"Vajra"},{"floor":26,"key":"Peace Pipe"},{"floor":31,"key":"Molten Egg 2"},{"floor":31,"key":"Art of War"},{"floor":40,"key":"Omamori"},{"floor":40,"key":"Torii"},{"floor":42,"key":"Letter Opener"},{"floor":42,"key":"StoneCalendar"},{"floor":43,"key":"Pen Nib"}],"event_choices":[{"cards_removed":["Defend_B"],"damage_healed":0,"gold_gain":0,"player_choice":"Card Removal","damage_taken":0,"max_hp_gain":0,"max_hp_loss":0,"event_name":"The Cleric","floor":7,"gold_loss":50},{"damage_healed":0,"gold_gain":75,"player_choice":"Gather Gold","damage_taken":11,"max_hp_gain":0,"max_hp_loss":0,"event_name":"World of Goop","floor":10,"gold_loss":0},{"damage_healed":0,"gold_gain":175,"player_choice":"AGREE","damage_taken":0,"max_hp_gain":0,"max_hp_loss":0,"event_name":"Liars Game","floor":14,"gold_loss":0,"cards_obtained":["Doubt"]},{"damage_healed":0,"gold_gain":0,"cards_transformed":["Defend_B"],"player_choice":"Transformed","damage_taken":0,"max_hp_gain":0,"max_hp_loss":0,"event_name":"Transmorgrifier","floor":19,"gold_loss":0,"cards_obtained":["Reboot"]},{"damage_healed":0,"gold_gain":0,"player_choice":"Read","damage_taken":0,"max_hp_gain":0,"max_hp_loss":0,"event_name":"The Library","floor":22,"gold_loss":0,"cards_obtained":["Defragment"]}],"is_beta":false,"boss_relics":[{"not_picked":["Pandora\u0027s Box","Calling Bell"],"picked":"Black Star"},{"not_picked":["Eternal Feather","Tiny House"],"picked":"Cursed Key"}],"items_purged_floors":[3,21,36],"is_endless":false,"potions_floor_spawned":[4,12,13,20,28,29,33,35,39,48],"ascension_level":0}