{"gold_per_floor":[114,114,127,141,154,183,41,51,77,77,77,91,106,119,119,219,219,239,74,74,88,13,13,25,25,25,25,50,50,0,0,0,105,155,175,194,30,47,47,47,61,61,61,61,61,71,86,102,102,102],"floor_reached":51,"playtime":4355,"items_purged":["Defend_P"],"score":626,"play_id":"4b3a6023-528b-4a22-8203-318780c00342","local_time":"20190909190538","is_ascension_mode":false,"campfire_choices":[{"floor":10,"key":"REST"},{"data":"Establishment","floor":15,"key":"SMITH"},{"data":"DevaForm","floor":23,"key":"SMITH"},{"data":"Devotion","floor":25,"key":"SMITH"},{"data":"PathToVictory","floor":29,"key":"SMITH"},{"data":"Fasting","floor":32,"key":"SMITH"},{"data":"ForeignInfluence","floor":40,"key":"SMITH"},{"floor":42,"key":"REST"},{"data":"ReachHeaven","floor":44,"key":"SMITH"},{"floor":49,"key":"REST"}],"neow_cost":"NONE","seed_source_timestamp":1205644447284000,"circlet_count":0,"master_deck":["Strike_P","Strike_P","Defend_P","Eruption","Vigilance+1","Weave","Worship","CutThroughFate","Adaptation","FlyingSleeves","Establishment+1","SandsOfTime","TalkToTheHand","Fasting+1","Protect","Vengeance","DevaForm+1","Sanctity+1","Halt","Dark Shackles","J.A.X.","PathToVictory+1","Devotion+1","ReachHeaven+1","ForeignInfluence+1","Consecrate+1","The Bomb","Prostrate+1","EmptyFist+1","Scrawl+1","SandsOfTime"],"relics":["HolyWater","Prayer Wheel","Bronze Scales","Darkstone Periapt","Omamori","Tiny House","Melange","Bottled Tornado"],"potions_floor_usage":[5,8,12,21,34,38,38,50],"damage_taken":[{"damage":0,"enemies":"2 Louse","floor":1,"turns":3},{"damage":0,"enemies":"Cultist","floor":3,"turns":2},{"damage":2,"enemies":"Small Slimes","floor":4,"turns":3},{"damage":6,"enemies":"Exordium Wildlife","floor":5,"turns":4},{"damage":36,"enemies":"Gremlin Nob","floor":6,"turns":5},{"damage":21,"enemies":"3 Louse","floor":8,"turns":4},{"damage":2,"enemies":"Large Slime","floor":12,"turns":3},{"damage":5,"enemies":"Looter","floor":13,"turns":3},{"damage":0,"enemies":"3 Louse","floor":14,"turns":4},{"damage":5,"enemies":"Hexaghost","floor":16,"turns":7},{"damage":2,"enemies":"Shell Parasite","floor":18,"turns":9},{"damage":9,"enemies":"Chosen","floor":21,"turns":8},{"damage":15,"enemies":"Centurion and Healer","floor":24,"turns":12},{"damage":44,"enemies":"Collector","floor":33,"turns":10},{"damage":4,"enemies":"3 Shapes","floor":35,"turns":4},{"damage":11,"enemies":"Orb Walker","floor":36,"turns":4},{"damage":19,"enemies":"Sphere and 2 Shapes","floor":38,"turns":6},{"damage":27,"enemies":"Transient","floor":41,"turns":5},{"damage":14,"enemies":"3 Darklings","floor":46,"turns":5},{"damage":11,"enemies":"Sphere and 2 Shapes","floor":47,"turns":4},{"damage":8,"enemies":"Maw","floor":48,"turns":7},{"damage":39,"enemies":"Time Eater","floor":50,"turns":8}],"seed_played":"2558546369507018476","potions_obtained":[{"floor":4,"key":"SpeedPotion"},{"floor":6,"key":"Strength Potion"},{"floor":8,"key":"EssenceOfSteel"},{"floor":18,"key":"PowerPotion"},{"floor":34,"key":"Fruit Juice"},{"floor":35,"key":"Fire Potion"},{"floor":38,"key":"Fruit Juice"},{"floor":46,"key":"Weak Potion"}],"is_trial":false,"path_per_floor":["M","?","M","M","M","E","$","M","T","R","?","M","M","M","R","B",null,"M","$","?","M","?","R","M","R","T","?","T","R","?","$","R","B",null,"M","M","$","M","?","R","M","R","T","R","T","M","M","M","R","B",null],"character_chosen":"WATCHER","items_purchased":["Establishment","SandsOfTime","Dark Shackles","The Bomb"],"campfire_rested":3,"item_purchase_floors":[7,7,19,37],"current_hp_per_floor":[71,71,71,69,63,27,27,6,6,27,50,48,43,43,43,38,71,69,69,69,60,60,60,45,45,45,45,45,45,45,45,45,1,81,77,66,66,52,52,52,25,50,50,50,50,36,25,17,42,3],"gold":102,"neow_bonus":"TEN_PERCENT_HP_BONUS","is_prod":false,"is_daily":false,"chose_seed":false,"campfire_upgraded":7,"win_rate":0.0,"timestamp":1568070338,"path_taken":["M","?","?","?","M","E","$","M","T","R","?","M","M","M","R","BOSS","M","$","?","M","?","R","M","R","T","?","?","R","?","$","R","BOSS","M","M","$","M","?","R","M","R","T","R","?","?","M","M","R","BOSS"],"build_version":"2019-09-09","purchased_purges":1,"victory":true,"max_hp_per_floor":[71,71,71,71,71,71,71,71,71,71,71,71,71,71,71,71,71,71,71,71,71,71,71,71,71,71,71,71,71,71,71,71,71,81,81,81,81,86,86,86,86,86,86,86,86,86,86,86,86,86],"card_choices":[{"not_picked":["BowlingBash","Consecrate"],"picked":"Weave","floor":1},{"not_picked":["Crescendo","BowlingBash"],"picked":"CutThroughFate","floor":3},{"not_picked":["CutThroughFate","FollowUp"],"picked":"Adaptation","floor":4},{"not_picked":["EmptyFist","EmptyMind"],"picked":"FlyingSleeves","floor":5},{"not_picked":["Evaluate","Weave","CleanseEvil"],"picked":"SKIP","floor":6},{"not_picked":["Establishment","Scrawl"],"picked":"TalkToTheHand","floor":8},{"not_picked":["Omniscience","Adaptation","Weave"],"picked":"SKIP","floor":8},{"not_picked":["Meditate","BowlingBash"],"picked":"Fasting","floor":12},{"not_picked":["BowlingBash","CrushJoints","Weave"],"picked":"SKIP","floor":12},{"not_picked":["EmptyMind","Swivel"],"picked":"Protect","floor":13},{"not_picked":["CrushJoints","ClearTheMind","SpiritShield"],"picked":"SKIP","floor":13},{"not_picked":["EmptyFist","CutThroughFate"],"picked":"Vengeance","floor":14},{"not_picked":["Adaptation","Sanctity","EmptyMind"],"picked":"SKIP","floor":14},{"not_picked":["LessonLearned","Wallop"],"picked":"DevaForm","floor":16},{"not_picked":["EmptyFist","FollowUp"],"picked":"Sanctity+1","floor":18},{"not_picked":["CrushJoints","Scrawl+1"],"picked":"Halt","floor":18},{"not_picked":["EmptyBody","JustLucky"],"picked":"PathToVictory","floor":21},{"not_picked":["Swivel","Halt","CrushJoints"],"picked":"SKIP","floor":21},{"not_picked":["Metaphysics","Halt"],"picked":"Devotion","floor":24},{"not_picked":["DeceiveReality","Sanctity","WaveOfTheHand"],"picked":"SKIP","floor":24},{"not_picked":["Ragnarok","Judgement"],"picked":"ReachHeaven","floor":33},{"not_picked":["ThirdEye","Devotion+1"],"picked":"ForeignInfluence","floor":35},{"not_picked":["CutThroughFate","FlyingSleeves+1"],"picked":"Consecrate+1","floor":35},{"not_picked":["BowlingBash","Worship+1","Fasting+1"],"picked":"SKIP","floor":36},{"not_picked":["FollowUp","Collect","Sanctity+1"],"picked":"SKIP","floor":36},{"not_picked":["Protect+1","TalkToTheHand+1"],"picked":"Prostrate+1","floor":38},{"not_picked":["CutThroughFate+1","ThirdEye+1","FlyingSleeves"],"picked":"SKIP","floor":38},{"not_picked":["SpiritShield+1","JustLucky","CutThroughFate"],"picked":"SKIP","floor":41},{"not_picked":["Halt","Collect+1","JustLucky+1"],"picked":"SKIP","floor":41},{"not_picked":["ThirdEye+1","FlyingSleeves"],"picked":"EmptyFist+1","floor":46},{"not_picked":["Meditate","Vengeance","JustLucky+1"],"picked":"SKIP","floor":46},{"not_picked":["EmptyMind","WaveOfTheHand+1"],"picked":"Scrawl+1","floor":47},{"not_picked":["Swivel+1","Vengeance","FlowState"],"picked":"SKIP","floor":47},{"not_picked":["Protect","Adaptation+1"],"picked":"SandsOfTime","floor":48},{"not_picked":["ClearTheMind+1","Sanctity+1","FlyingSleeves+1"],"picked":"SKIP","floor":48}],"player_experience":998442,"relics_obtained":[{"floor":6,"key":"Prayer Wheel"},{"floor":9,"key":"Bronze Scales"},{"floor":26,"key":"Darkstone Periapt"},{"floor":28,"key":"Omamori"},{"floor":43,"key":"Melange"},{"floor":45,"key":"Bottled Tornado"}],"event_choices":[{"damage_healed":0,"gold_gain":0,"cards_transformed":["Strike_P"],"player_choice":"Transformed","damage_taken":0,"max_hp_gain":0,"max_hp_loss":0,"event_name":"Transmorgrifier","floor":2,"gold_loss":0,"cards_obtained":["Worship"]},{"damage_healed":23,"gold_gain":0,"player_choice":"Banana","damage_taken":0,"max_hp_gain":0,"max_hp_loss":0,"event_name":"Big Fish","floor":11,"gold_loss":0},{"damage_healed":0,"gold_gain":0,"player_choice":"Obtain J.A.X.","damage_taken":0,"max_hp_gain":0,"max_hp_loss":0,"event_name":"Drug Dealer","floor":20,"gold_loss":0,"cards_obtained":["J.A.X."]},{"cards_removed":["Defend_P"],"damage_healed":0,"gold_gain":0,"player_choice":"Gave Gold","damage_taken":0,"max_hp_gain":0,"max_hp_loss":0,"event_name":"Beggar","floor":22,"gold_loss":75},{"cards_removed":["Defend_P"],"damage_healed":0,"gold_gain":0,"player_choice":"Elegance","damage_taken":0,"max_hp_gain":0,"max_hp_loss":0,"event_name":"Back to Basics","floor":27,"gold_loss":0},{"damage_healed":0,"gold_gain":0,"player_choice":"Paid Fearfully","damage_taken":0,"max_hp_gain":0,"max_hp_loss":0,"event_name":"Masked Bandits","floor":30,"gold_loss":50},{"cards_removed":["Strike_P"],"damage_healed":0,"gold_gain":0,"player_choice":"Removed Attack","damage_taken":0,"max_hp_gain":0,"max_hp_loss":0,"event_name":"Falling","floor":39,"gold_loss":0}],"is_beta":true,"boss_relics":[{"not_picked":["Runic Dome","Busted Crown"],"picked":"HolyWater"},{"not_picked":["Astrolabe","Snecko Eye"],"picked":"Tiny House"}],"items_purged_floors":[19],"is_endless":false,"potions_floor_spawned":[4,6,8,18,35,38,46],"ascension_level":0}