{"gold_per_floor":[113,113,188,41,6,6,22,42,68,86,86,97,97,113,113,215,215,233,118,118,130,30,30,49,49,49,49,49],"floor_reached":28,"playtime":647,"items_purged":["Normality","Writhe"],"score":312,"play_id":"333c4bcb-ac88-4246-bc34-048370e31b89","local_time":"20181231120010","is_ascension_mode":true,"campfire_choices":[{"data":"Streamline","floor":6.0,"key":"SMITH"},{"data":"Flash of Steel","floor":11.0,"key":"SMITH"},{"data":"Zap","floor":15.0,"key":"SMITH"},{"data":"Dualcast","floor":23,"key":"SMITH"}],"neow_cost":"NONE","seed_source_timestamp":929410718762092,"circlet_count":0,"master_deck":["AscendersBane","Strike_B+1","Strike_B","Strike_B","Strike_B","Defend_B","Defend_B","Defend_B+1","Defend_B","Zap+1","Dualcast+1","All For One","Streamline+1","Stack","Flash of Steel+1","Beam Cell","Stack","Parasite","Hologram","Buffer","Clumsy","Self Repair","Reinforced Body"],"special_seed":0,"relics":["Cracked Core","Bag of Preparation","Calling Bell","Bronze Scales","Blue Candle","Nunchaku","Ice Cream"],"potions_floor_usage":[16,18],"damage_taken":[{"damage":8.0,"enemies":"Small Slimes","floor":1.0,"turns":4.0},{"damage":0.0,"enemies":"2 Louse","floor":7.0,"turns":2.0},{"damage":0.0,"enemies":"Jaw Worm","floor":8.0,"turns":3.0},{"damage":3.0,"enemies":"Looter","floor":10.0,"turns":2.0},{"damage":10.0,"enemies":"Gremlin Gang","floor":12.0,"turns":3.0},{"damage":1.0,"enemies":"2 Fungi Beasts","floor":14.0,"turns":2.0},{"damage":5,"enemies":"Slime Boss","floor":16,"turns":6},{"damage":5,"enemies":"Chosen","floor":18,"turns":3},{"damage":31,"enemies":"Shell Parasite","floor":21,"turns":5},{"damage":32,"enemies":"Sentry and Sphere","floor":24,"turns":6},{"damage":0,"enemies":"Snake Plant","floor":28,"turns":1}],"seed_played":"1156578430332800537","potions_obtained":[{"floor":7.0,"key":"Fire Potion"},{"floor":12.0,"key":"FocusPotion"},{"floor":16,"key":"FearPotion"},{"floor":24,"key":"Poison Potion"}],"is_trial":false,"path_per_floor":["M","?","?","$","?","R","M","M","T","M","R","M","?","M","R","B",null,"M","$","?","M","$","R","M","?","T","$","M"],"character_chosen":"DEFECT","items_purchased":["Stack","Flash of Steel","Self Repair"],"campfire_rested":0,"item_purchase_floors":[4,4,19],"current_hp_per_floor":[60,45,34,34,52,52,52,52,52,49,49,39,57,56,56,51,69,64,64,64,40,40,40,15,1,1,1,1],"gold":49,"neow_bonus":"ONE_RANDOM_RARE_CARD","is_prod":false,"is_daily":false,"chose_seed":false,"campfire_upgraded":4,"win_rate":0,"timestamp":1546254010,"path_taken":["M","?","?","$","?","R","M","M","T","M","R","M","?","M","R","BOSS","M","$","?","M","$","R","M","?","T","?","M"],"build_version":"2018-12-20","purchased_purges":2,"victory":false,"max_hp_per_floor":[75,75,75,75,75,75,75,75,75,75,75,75,75,75,75,75,75,75,75,75,75,75,75,75,80,80,80,80],"card_choices":[{"not_picked":["Stack","Rip and Tear"],"picked":"Streamline","floor":1.0},{"not_picked":["Ball Lightning","Hologram"],"picked":"Beam Cell","floor":7.0},{"not_picked":["Beam Cell","Steam","Conserve Battery"],"picked":"SKIP","floor":8.0},{"not_picked":["Beam Cell","Steam","Conserve Battery"],"picked":"SKIP","floor":8.0},{"not_picked":["Undo","Thunder Strike"],"picked":"Stack","floor":10.0},{"not_picked":["Tempest","Recycle","Ball Lightning"],"picked":"SKIP","floor":12.0},{"not_picked":["Loop","Static Discharge"],"picked":"Hologram","floor":14.0},{"not_picked":["Fission","Amplify"],"picked":"Buffer","floor":16},{"not_picked":["Hyperbeam","BootSequence","Genetic Algorithm"],"picked":"SKIP","floor":18},{"not_picked":["Blizzard","Hologram","Conserve Battery"],"picked":"SKIP","floor":21},{"not_picked":["Lockon","Static Discharge"],"picked":"Reinforced Body","floor":24}],"player_experience":366622,"relics_obtained":[{"floor":9.0,"key":"Bag of Preparation"},{"floor":17,"key":"Bronze Scales"},{"floor":17,"key":"Blue Candle"},{"floor":17,"key":"Nunchaku"},{"floor":26,"key":"Ice Cream"}],"event_choices":[{"damage_healed":0.0,"max_hp_gain":0.0,"max_hp_loss":0.0,"gold_gain":0.0,"event_name":"Shining Light","player_choice":"Entered Light","floor":2.0,"gold_loss":0.0,"damage_taken":15.0,"cards_upgraded":["Strike_B","Defend_B"]},{"damage_healed":0.0,"max_hp_gain":0.0,"max_hp_loss":0.0,"gold_gain":75.0,"event_name":"World of Goop","player_choice":"Gather Gold","floor":3.0,"gold_loss":0.0,"damage_taken":11.0},{"damage_healed":18.0,"max_hp_gain":0.0,"max_hp_loss":0.0,"gold_gain":0.0,"event_name":"The Cleric","player_choice":"Healed","floor":5.0,"gold_loss":35.0,"damage_taken":0.0},{"damage_healed":18.0,"max_hp_gain":0.0,"max_hp_loss":0.0,"gold_gain":0.0,"event_name":"Mushrooms","player_choice":"Healed and dodged fight","floor":13.0,"gold_loss":0.0,"damage_taken":0.0,"cards_obtained":["Parasite"]},{"damage_healed":0,"gold_gain":0,"player_choice":"Ignored","damage_taken":0,"max_hp_gain":0,"max_hp_loss":0,"event_name":"Beggar","floor":20,"gold_loss":0},{"damage_healed":0,"gold_gain":0,"player_choice":"Shed Blood","damage_taken":19,"max_hp_gain":5,"max_hp_loss":0,"event_name":"Forgotten Altar","floor":25,"gold_loss":0}],"is_beta":false,"boss_relics":[{"not_picked":["Snecko Eye","Ectoplasm"],"picked":"Calling Bell"}],"items_purged_floors":[19,22],"is_endless":false,"potions_floor_spawned":[7,12,16,24],"killed_by":"Snake Plant","ascension_level":10}