{"gold_per_floor":[219,24,42,162,162,162,189,202,202,202,212,230,230,243,243,342,342,357,375,375,387,121,139,153,353,379,279,290,290,303,303,303,402,402,417,417,246,256,256,256,274,374,374,374,374,393,393,404,404,404],"floor_reached":50,"playtime":1398,"items_purged":["Strike_R","Strike_R","Defend_R"],"score":548,"play_id":"ce0a46d4-209f-426c-ae50-7d2e6ae16795","local_time":"20190106020748","is_ascension_mode":false,"campfire_choices":[{"data":"Sword Boomerang","floor":6,"key":"SMITH"},{"data":"Disarm","floor":10,"key":"SMITH"},{"data":"Whirlwind","floor":15,"key":"SMITH"},{"data":"hubris:StunningStrike","floor":29,"key":"SMITH"},{"data":"Pommel Strike","floor":32,"key":"SMITH"},{"data":"hubris:SharpeningStone","floor":40,"key":"SMITH"},{"data":"Limit Break","floor":47,"key":"SMITH"},{"data":"Anger","floor":49,"key":"SMITH"}],"neow_cost":"NONE","seed_source_timestamp":793894050536735,"circlet_count":0,"master_deck":["Strike_R+1","Strike_R+1","Defend_R+1","Defend_R+1","Bash","Sword Boomerang+1","Anger+1","Pommel Strike+1","Disarm+1","Whirlwind+1","hubris:StunningStrike+1","hubris:SharpeningStone+1","Shockwave+1","Limit Break+1","Whirlwind+1"],"relics":["Burning Blood","Brimstone","infinitespire:Bottled Soul","Matryoshka","Sozu","hubris:BottledHeart","Chemical X","War Paint","Lantern","Gambling Chip","infinitespire:Burning Sword","DollysMirror","Prayer Wheel","hubris:ChampionShield","Singing Bowl","hubris:ToyBattleship"],"potions_floor_usage":[],"damage_taken":[{"damage":0,"enemies":"Small Slimes","floor":1,"turns":3},{"damage":3,"enemies":"2 Louse","floor":3,"turns":2},{"damage":2,"enemies":"Jaw Worm","floor":4,"turns":2},{"damage":20,"enemies":"Lagavulin","floor":7,"turns":3},{"damage":9,"enemies":"3 Louse","floor":8,"turns":3},{"damage":4,"enemies":"Red Slaver","floor":11,"turns":2},{"damage":1,"enemies":"Looter","floor":12,"turns":2},{"damage":0,"enemies":"2 Fungi Beasts","floor":14,"turns":2},{"damage":33,"enemies":"The Guardian","floor":16,"turns":7},{"damage":9,"enemies":"Chosen","floor":18,"turns":3},{"damage":23,"enemies":"Shell Parasite","floor":19,"turns":3},{"damage":0,"enemies":"Snake Plant","floor":21,"turns":3},{"damage":0,"enemies":"Sentry and Sphere","floor":23,"turns":3},{"damage":0,"enemies":"Centurion and Healer","floor":24,"turns":2},{"damage":0,"enemies":"Snake Plant","floor":28,"turns":2},{"damage":0,"enemies":"Shelled Parasite and Fungi","floor":30,"turns":3},{"damage":0,"enemies":"Collector","floor":33,"turns":5},{"damage":0,"enemies":"3 Shapes","floor":35,"turns":1},{"damage":0,"enemies":"Orb Walker","floor":38,"turns":1},{"damage":0,"enemies":"Spire Growth","floor":41,"turns":2},{"damage":0,"enemies":"Mind Bloom Boss Battle","floor":42,"turns":2},{"damage":0,"enemies":"4 Shapes","floor":46,"turns":1},{"damage":0,"enemies":"Transient","floor":48,"turns":5},{"damage":2,"enemies":"infinitespire:MassOfShapes","floor":50,"turns":4}],"seed_played":"5116636267300602912","potions_obtained":[{"floor":1,"key":"BloodPotion"},{"floor":8,"key":"SteroidPotion"},{"floor":11,"key":"Strength Potion"}],"is_trial":false,"path_per_floor":["M","$","M","M","?","R","E","M","T","R","M","M","?","M","R","B",null,"M","M","?","M","$","M","M","?","T","$","M","R","M","?","R","B",null,"M","?","$","M","?","R","M","?","T","$","$","M","R","M","R","B"],"character_chosen":"IRONCLAD","items_purchased":["Brimstone","Chemical X","DollysMirror"],"campfire_rested":0,"item_purchase_floors":[2,22,37],"current_hp_per_floor":[80,80,80,80,64,64,50,47,47,47,49,54,54,60,60,33,80,77,60,1,1,1,1,1,1,1,1,1,1,1,1,1,1,1,1,1,1,1,1,1,1,1,1,1,1,1,1,1,1,0],"gold":404,"neow_bonus":"HUNDRED_GOLD","is_prod":false,"is_daily":false,"chose_seed":false,"campfire_upgraded":8,"win_rate":0,"timestamp":1546758468,"path_taken":["M","$","M","M","?","R","E","M","T","R","M","M","?","M","R","BOSS","M","M","?","M","$","M","M","?","T","$","?","R","M","?","R","BOSS","M","?","$","?","?","R","M","?","T","?","$","M","R","M","R","BOSS"],"build_version":"2019-01-03v4","purchased_purges":3,"victory":false,"max_hp_per_floor":[80,80,80,80,80,80,80,80,80,80,80,80,80,80,80,80,80,80,80,1,1,1,1,1,1,1,1,1,1,1,1,1,1,1,1,1,1,1,1,1,1,1,1,1,1,1,1,1,1,1],"card_choices":[{"not_picked":["Iron Wave","hubris:ReadiedAction"],"picked":"Sword Boomerang","floor":1},{"not_picked":["Thunderclap","Infernal Blade","Anger"],"picked":"SKIP","floor":3},{"not_picked":["Thunderclap","Infernal Blade"],"picked":"Anger","floor":3},{"not_picked":["Havoc","Perfected Strike"],"picked":"Pommel Strike","floor":4},{"not_picked":["Armaments","Warcry"],"picked":"Disarm","floor":7},{"not_picked":["Clash","Pommel Strike","Corruption"],"picked":"SKIP","floor":8},{"not_picked":["Juggernaut","Havoc"],"picked":"Whirlwind","floor":11},{"not_picked":["Infernal Blade","Iron Wave","Carnage"],"picked":"SKIP","floor":12},{"not_picked":["Reckless Charge","Battle Trance","True Grit"],"picked":"SKIP","floor":14},{"not_picked":["Dark Embrace","Brutality"],"picked":"hubris:StunningStrike","floor":16},{"not_picked":["True Grit","Perfected Strike"],"picked":"hubris:SharpeningStone","floor":18},{"not_picked":["Thunderclap","Anger"],"picked":"Shockwave+1","floor":19},{"not_picked":["Uppercut","Dual Wield","Blood for Blood"],"picked":"SKIP","floor":21},{"not_picked":["Thunderclap+1","Second Wind","Pommel Strike"],"picked":"SKIP","floor":23},{"not_picked":["True Grit","Flex","Twin Strike"],"picked":"SKIP","floor":24},{"not_picked":["Heavy Blade","Sever Soul","Havoc"],"picked":"SKIP","floor":28},{"not_picked":["Dropkick","Armaments","Headbutt"],"picked":"SKIP","floor":30},{"not_picked":["Immolate","Brutality"],"picked":"Limit Break","floor":33},{"not_picked":["Wild Strike","Rage","infinitespire:OneForAll"],"picked":"SKIP","floor":35},{"not_picked":["Havoc+1","Perfected Strike","Rage+1"],"picked":"SKIP","floor":38},{"not_picked":["Rampage","Anger+1","Disarm"],"picked":"SKIP","floor":41},{"not_picked":["Spot Weakness+1","Ghostly Armor+1","Fire Breathing"],"picked":"Singing Bowl","floor":46},{"not_picked":["Shrug It Off","Impervious","Anger"],"picked":"Singing Bowl","floor":46},{"not_picked":["Cleave+1","Iron Wave","Seeing Red"],"picked":"Singing Bowl","floor":48},{"not_picked":["Barricade","Pommel Strike","Armaments+1"],"picked":"Singing Bowl","floor":48}],"player_experience":540770,"relics_obtained":[{"floor":7,"key":"infinitespire:Bottled Soul"},{"floor":9,"key":"Matryoshka"},{"floor":26,"key":"War Paint"},{"floor":26,"key":"Lantern"},{"floor":42,"key":"Prayer Wheel"},{"floor":43,"key":"hubris:ChampionShield"},{"floor":43,"key":"Singing Bowl"}],"event_choices":[{"damage_healed":0,"gold_gain":0,"player_choice":"Entered Light","damage_taken":16,"max_hp_gain":0,"max_hp_loss":0,"event_name":"Shining Light","floor":5,"gold_loss":0,"cards_upgraded":["Strike_R","Strike_R"]},{"cards_removed":["Strike_R"],"damage_healed":0,"gold_gain":0,"player_choice":"Forget","damage_taken":0,"max_hp_gain":0,"max_hp_loss":0,"event_name":"Living Wall","floor":13,"gold_loss":0},{"damage_healed":0,"gold_gain":250,"player_choice":"Bet on Owner","damage_taken":0,"max_hp_gain":0,"max_hp_loss":0,"event_name":"The Joust","floor":25,"gold_loss":50},{"damage_healed":0,"gold_gain":0,"player_choice":"Shed Blood","damage_taken":0,"max_hp_gain":5,"max_hp_loss":0,"event_name":"Forgotten Altar","floor":31,"gold_loss":0},{"cards_removed":["Defend_R"],"damage_healed":0,"gold_gain":0,"player_choice":"Offered Basic","damage_taken":0,"max_hp_gain":0,"max_hp_loss":0,"event_name":"Bonfire Elementals","floor":36,"gold_loss":0},{"damage_healed":0,"gold_gain":0,"player_choice":"Ignored","damage_taken":0,"max_hp_gain":0,"max_hp_loss":0,"event_name":"Tomb of Lord Red Mask","floor":39,"gold_loss":0},{"damage_healed":0,"gold_gain":0,"player_choice":"Fight","damage_taken":0,"max_hp_gain":0,"max_hp_loss":0,"event_name":"MindBloom","floor":42,"gold_loss":0}],"is_beta":false,"boss_relics":[{"not_picked":["hubris:ScarierMask","Eternal Feather"],"picked":"Sozu"},{"not_picked":["hubris:Stopwatch","Black Blood"],"picked":"infinitespire:Burning Sword"}],"items_purged_floors":[22,27,37],"is_endless":false,"potions_floor_spawned":[1,8,11,14,16,19,21,23,30,35,48],"killed_by":"infinitespire:MassOfShapes","ascension_level":0}