{"path_per_floor":["M","$","M","?","M","R","E","M","T","?","?","M","?","M","R"],"character_chosen":"IRONCLAD","items_purchased":[],"gold_per_floor":[114,39,52,52,72,72,98,117,143,207,207,226,293,311,311],"floor_reached":16,"campfire_rested":1,"playtime":444,"current_hp_per_floor":[80,80,80,80,80,80,64,56,56,16,16,13,13,13,37],"items_purged":["Strike_R"],"gold":311,"score":102,"play_id":"e843ff64-03ea-48d9-8ded-9fe2a392e9cc","is_prod":false,"is_daily":false,"is_ascension_mode":false,"campfire_upgraded":1,"path_taken":["M","$","M","?","M","R","E","M","T","?","?","M","?","M","R","BOSS"],"build_version":"2018-02-22-PROD1","purchased_purges":1,"victory":false,"master_deck":["Strike_R","Strike_R","Strike_R","Strike_R","Defend_R","Defend_R","Defend_R","Defend_R","Bash","Iron Wave","Flex+1","Cleave","Infernal Blade","Flex","Bludgeon","Spot Weakness","Flex"],"max_hp_per_floor":[80,80,80,80,80,80,80,80,80,80,80,80,80,80,80],"relics":["Burning Blood","NeowsBlessing","Frozen Eye","Ancient Tea Set","Lantern"],"card_choices":[{"not_picked":["Combust","Warcry"],"picked":"Iron Wave"},{"not_picked":["Sentinel","Havoc"],"picked":"Flex"},{"not_picked":["Headbutt","Shrug It Off"],"picked":"Cleave"},{"not_picked":["Clothesline","Headbutt"],"picked":"Infernal Blade"},{"not_picked":["Armaments","Searing Blow"],"picked":"Flex"},{"not_picked":["Clothesline","Entrench"],"picked":"Bludgeon"},{"not_picked":["True Grit","Battle Trance"],"picked":"Spot Weakness"},{"not_picked":["Clash","Body Slam"],"picked":"Flex"}],"player_experience":115445,"potions_floor_usage":[16,16,16],"damage_taken":[{"damage":0,"enemies":"2 Louse","floor":1,"turns":1},{"damage":0,"enemies":"Cultist","floor":3,"turns":1},{"damage":0,"enemies":"Jaw Worm","floor":5,"turns":1},{"damage":22,"enemies":"3 Sentries","floor":7,"turns":9},{"damage":14,"enemies":"Blue Slaver","floor":8,"turns":5},{"damage":46,"enemies":"Lagavulin Event","floor":10,"turns":6},{"damage":9,"enemies":"2 Fungi Beasts","floor":12,"turns":2},{"damage":6,"enemies":"3 Louse","floor":14,"turns":3},{"damage":39,"enemies":"Hexaghost","floor":16,"turns":7}],"event_choices":[{"event_name":"Accursed Blacksmith","player_choice":"Ignore","floor":4,"damage_taken":0},{"event_name":"Dead Adventurer","player_choice":"Searched \u00272\u0027 times","floor":10,"damage_taken":0},{"event_name":"Golden Idol","player_choice":"Ignored","floor":11,"damage_taken":0},{"event_name":"Golden Wing","player_choice":"Gained Gold","floor":13,"damage_taken":0}],"boss_relics":[],"potions_floor_spawned":[1,7,12],"seed_played":"-8680372372289679528","killed_by":"Hexaghost","ascension_level":0,"is_trial":false}