{"path_per_floor":["M","?","?","T","M","R","E","R","T","M","$","M","E","M","R","B",null,"M","M","$"],"character_chosen":"THE_SILENT","items_purchased":["Noxious Fumes","Snake Skull","Bane"],"gold_per_floor":[112,112,187,187,203,203,260,260,260,278,164,174,205,216,216,314,314,325,335,154,154],"floor_reached":21,"campfire_rested":0,"playtime":697,"current_hp_per_floor":[70,70,59,59,59,59,25,25,25,25,25,25,25,25,25,25,70,22,1,1,0],"items_purged":["Writhe"],"gold":154,"score":304,"play_id":"1a226710-3be9-42b3-8185-65221fd44a09","local_time":"20180417182307","is_prod":false,"is_daily":false,"chose_seed":false,"is_ascension_mode":true,"campfire_upgraded":3,"timestamp":1524003787,"path_taken":["M","?","?","?","M","R","E","R","T","?","$","?","E","M","R","BOSS","M","M","$","M"],"build_version":"2018-04-12","seed_source_timestamp":1449259381436553,"purchased_purges":2,"victory":false,"master_deck":["Defend_G","Defend_G","Defend_G","Defend_G","Defend_G","Strike_G+1","Strike_G+1","Strike_G","Strike_G","Strike_G","Survivor","Neutralize+1","Backflip","Skewer+1","Clumsy","Dodge and Roll","Noxious Fumes","Envenom+1","Deflect","Acrobatics","Envenom","Expertise","Bane"],"max_hp_per_floor":[70,70,70,70,70,70,70,70,70,70,70,70,70,70,70,70,70,70,70,70,70],"relics":["Cursed Key","Toolbox","Tiny Chest","Whetstone","Du-Vu Doll","Philosopher\u0027s Stone","Snake Skull"],"card_choices":[{"not_picked":["Catalyst","Underhanded Strike"],"picked":"Backflip","floor":1},{"not_picked":["Quick Slash","Infinite Blades"],"picked":"Skewer","floor":7},{"not_picked":["Backflip","Bouncing Flask"],"picked":"Dodge and Roll","floor":10},{"not_picked":["Cloak And Dagger","Outmaneuver"],"picked":"Envenom","floor":12},{"not_picked":["Deadly Poison","Dagger Throw"],"picked":"Deflect","floor":13},{"not_picked":["Deflect","Dagger Throw"],"picked":"Acrobatics","floor":14},{"not_picked":["Unload","Corpse Explosion"],"picked":"Envenom","floor":16},{"not_picked":["Underhanded Strike","Deadly Poison"],"picked":"Expertise","floor":18}],"player_experience":360326,"potions_floor_usage":[7,16,21,21],"damage_taken":[{"damage":0,"enemies":"2 Louse","floor":1,"turns":3},{"damage":0,"enemies":"Small Slimes","floor":5,"turns":4},{"damage":34,"enemies":"Lagavulin","floor":7,"turns":10},{"damage":0,"enemies":"Jaw Worm","floor":10,"turns":3},{"damage":0,"enemies":"2 Fungi Beasts","floor":12,"turns":2},{"damage":0,"enemies":"Gremlin Nob","floor":13,"turns":2},{"damage":0,"enemies":"3 Louse","floor":14,"turns":3},{"damage":0,"enemies":"The Guardian","floor":16,"turns":10},{"damage":48,"enemies":"3 Byrds","floor":18,"turns":5},{"damage":21,"enemies":"Chosen","floor":19,"turns":4},{"damage":5,"enemies":"Snake Plant","floor":21,"turns":1}],"event_choices":[{"event_name":"Golden Idol","player_choice":"Ignored","floor":2,"damage_taken":0},{"event_name":"World of Goop","player_choice":"Gather Gold","floor":3,"damage_taken":0}],"boss_relics":[{"not_picked":["Snecko Eye","Lizard Tail"],"picked":"Philosopher\u0027s Stone"}],"potions_floor_spawned":[1,12,16,19],"seed_played":"3569894514755454252","killed_by":"Snake Plant","ascension_level":3,"is_trial":false}