{"gold_per_floor":[113,288,288,8,83,111,31,31,105,133,148,162,162,190,190,293,293,313,326,338,338,21,51,51,11,11,36,36,67,82,100,100,196,196,208,0,49,9,27,27,43,43,66,96,114,139,139,0,0,0],"floor_reached":51,"playtime":18270,"items_purged":["Doubt","Strike_B","Thunder Strike+1"],"score":1040,"play_id":"17509c20-1027-4188-a84b-13388edf02ca","local_time":"20190917015119","is_ascension_mode":true,"campfire_choices":[{"data":"Coolheaded","floor":8.0,"key":"SMITH"},{"data":"Zap","floor":13.0,"key":"SMITH"},{"data":"Glacier","floor":15.0,"key":"SMITH"},{"data":"Electrodynamics","floor":24.0,"key":"SMITH"},{"data":"Capacitor","floor":28.0,"key":"SMITH"},{"data":"Dualcast","floor":32.0,"key":"SMITH"},{"data":"Echo Form","floor":40,"key":"SMITH"},{"data":"Beam Cell","floor":49,"key":"SMITH"}],"neow_cost":"NONE","seed_source_timestamp":0,"circlet_count":0,"master_deck":["Defend_B+1","Defend_B+1","Defend_B+1","Zap+1","Dualcast+1","Genetic Algorithm+1","Glacier+1","Leap+1","Streamline+1","Coolheaded+1","Flash of Steel+1","Barrage+1","Capacitor+1","Darkness+1","Double Energy+1","Coolheaded+1","Cold Snap+1","Echo Form+1","Self Repair+1","Coolheaded+1","Barrage+1","Master of Strategy+1","Hologram+1","Electrodynamics+1","Glacier+1","Cold Snap+1","Machine Learning+1","Leap+1","Barrage+1","Lockon+1","Chill+1","FTL+1","Consume+1","Barrage+1","Master of Strategy+1","Beam Cell+1"],"special_seed":0,"relics":["Cracked Core","Boot","Ice Cream","Toxic Egg 2","Unceasing Top","Omamori","Nuclear Battery","Nilry\u0027s Codex","Nunchaku","Ornamental Fan","The Courier","Potion Belt","Astrolabe","Red Mask","Prayer Wheel","Regal Pillow","Gambling Chip","Pear","Mark of the Bloom"],"potions_floor_usage":[35,37,50,50,50,50],"damage_taken":[{"damage":1.0,"enemies":"Cultist","floor":1.0,"turns":4.0},{"damage":4.0,"enemies":"3 Sentries","floor":6.0,"turns":9.0},{"damage":4.0,"enemies":"Lagavulin","floor":10.0,"turns":7.0},{"damage":0.0,"enemies":"Small Slimes","floor":11.0,"turns":3.0},{"damage":0.0,"enemies":"Jaw Worm","floor":12.0,"turns":3.0},{"damage":5.0,"enemies":"Gremlin Nob","floor":14.0,"turns":4.0},{"damage":1.0,"enemies":"The Guardian","floor":16.0,"turns":9.0},{"damage":0.0,"enemies":"2 Thieves","floor":18.0,"turns":4.0},{"damage":1.0,"enemies":"3 Byrds","floor":19.0,"turns":5.0},{"damage":12.0,"enemies":"Snake Plant","floor":20.0,"turns":4.0},{"damage":18.0,"enemies":"Gremlin Leader","floor":23.0,"turns":5.0},{"damage":12.0,"enemies":"Slavers","floor":27.0,"turns":4.0},{"damage":9.0,"enemies":"Gremlin Leader","floor":29.0,"turns":6.0},{"damage":0.0,"enemies":"3 Cultists","floor":30.0,"turns":3.0},{"damage":5.0,"enemies":"Centurion and Healer","floor":31.0,"turns":6.0},{"damage":30.0,"enemies":"Champ","floor":33.0,"turns":9.0},{"damage":7,"enemies":"3 Darklings","floor":35,"turns":7},{"damage":9,"enemies":"2 Orb Walkers","floor":37,"turns":4},{"damage":0,"enemies":"3 Shapes","floor":39,"turns":2},{"damage":3,"enemies":"Transient","floor":41,"turns":5},{"damage":0,"enemies":"Reptomancer","floor":44,"turns":5},{"damage":4,"enemies":"4 Shapes","floor":45,"turns":4},{"damage":0,"enemies":"Nemesis","floor":46,"turns":5},{"damage":8,"enemies":"Awakened One","floor":50,"turns":12}],"seed_played":"-7163414554896737273","potions_obtained":[{"floor":1.0,"key":"Energy Potion"},{"floor":11.0,"key":"Explosive Potion"},{"floor":14.0,"key":"Regen Potion"},{"floor":16.0,"key":"FearPotion"},{"floor":20.0,"key":"SteroidPotion"},{"floor":25.0,"key":"GamblersBrew"},{"floor":25.0,"key":"AttackPotion"},{"floor":25.0,"key":"Swift Potion"},{"floor":30.0,"key":"SkillPotion"},{"floor":31.0,"key":"Explosive Potion"},{"floor":35,"key":"Weak Potion"},{"floor":37,"key":"Poison Potion"},{"floor":41,"key":"Poison Potion"},{"floor":44,"key":"Dexterity Potion"},{"floor":46,"key":"Energy Potion"}],"is_trial":false,"path_per_floor":["M","?","?","$","?","E","$","R","T","E","M","M","R","E","R","B",null,"M","M","M","?","$","E","R","?","T","E","R","E","M","M","R","B",null,"M","?","?","$","M","R","M","?","T","E","M","E","?","$","R","B",null],"character_chosen":"DEFECT","items_purchased":["Leap","Streamline","Coolheaded","Flash of Steel","Capacitor","Master of Strategy+1","Hologram+1","Dexterity Potion","Beam Cell"],"campfire_rested":0,"item_purchase_floors":[4,4,4,4,7,22,22,38,48],"current_hp_per_floor":[74,74,74,74,63,59,59,59,59,55,55,55,55,50,50,49,75,75,75,73,57,57,63,63,63,63,61,61,62,72,75,75,45,75,75,75,75,75,75,75,72,72,72,75,75,85,85,85,85,77],"gold":0,"neow_bonus":"RANDOM_COMMON_RELIC","is_prod":false,"is_daily":false,"chose_seed":false,"campfire_upgraded":8,"win_rate":0,"timestamp":1568674279,"path_taken":["M","?","?","$","?","E","$","R","T","E","M","M","R","E","R","BOSS","M","M","M","?","$","E","R","?","T","E","R","E","M","?","R","BOSS","M","?","?","$","M","R","M","?","T","E","?","E","?","?","R","BOSS"],"build_version":"2019-07-17","purchased_purges":3,"victory":true,"max_hp_per_floor":[75,75,75,75,75,75,75,75,75,75,75,75,75,75,75,75,75,75,75,75,75,75,75,75,75,75,75,75,75,75,75,75,75,75,75,75,75,75,75,75,75,75,75,75,75,85,85,85,85,85],"card_choices":[{"not_picked":["Hologram","Reprogram"],"picked":"Genetic Algorithm","floor":1.0},{"not_picked":["Go for the Eyes","Reprogram"],"picked":"Barrage","floor":6.0},{"not_picked":["Steam+1","Turbo+1"],"picked":"Darkness+1","floor":10.0},{"not_picked":["Auto Shields+1","Melter"],"picked":"Double Energy+1","floor":11.0},{"not_picked":["Fusion+1","Tempest+1"],"picked":"Coolheaded+1","floor":12.0},{"not_picked":["Rebound","Sweeping Beam"],"picked":"Cold Snap","floor":14.0},{"not_picked":["Rainbow+1","All For One"],"picked":"Echo Form","floor":16.0},{"not_picked":["Conserve Battery+1","Cold Snap"],"picked":"Self Repair+1","floor":18.0},{"not_picked":["Steam+1","Leap+1"],"picked":"Coolheaded+1","floor":19.0},{"not_picked":["Fusion+1","Lockon"],"picked":"Barrage","floor":20.0},{"not_picked":["Scrape","Sweeping Beam+1"],"picked":"Electrodynamics","floor":23.0},{"not_picked":["Steam Power+1","Rebound","Static Discharge"],"picked":"SKIP","floor":27.0},{"not_picked":["Rebound","Rip and Tear","Stack+1"],"picked":"SKIP","floor":29.0},{"not_picked":["Reprogram+1","Leap+1"],"picked":"Glacier+1","floor":30.0},{"not_picked":["Auto Shields+1","Coolheaded+1"],"picked":"Cold Snap+1","floor":31.0},{"not_picked":["Meteor Strike","Rainbow+1"],"picked":"Machine Learning","floor":33.0},{"not_picked":["Compile Driver","Static Discharge+1"],"picked":"Lockon+1","floor":35},{"not_picked":["Turbo+1","Hologram+1"],"picked":"Chill+1","floor":37},{"not_picked":["Stack+1","Skim+1"],"picked":"FTL","floor":39},{"not_picked":["Compile Driver","Ball Lightning+1"],"picked":"Consume+1","floor":39},{"not_picked":["Darkness+1","Skim+1"],"picked":"Barrage+1","floor":41},{"not_picked":["Streamline","Sweeping Beam+1","Rebound"],"picked":"SKIP","floor":41},{"not_picked":["Rainbow+1","Rebound+1","Gash+1"],"picked":"SKIP","floor":44},{"not_picked":["Conserve Battery+1","Redo+1","Turbo+1"],"picked":"SKIP","floor":45},{"not_picked":["Lockon","Gash+1","Multi-Cast+1"],"picked":"SKIP","floor":45},{"not_picked":["Rebound+1","Steam+1","Chaos+1"],"picked":"SKIP","floor":46}],"player_experience":262498,"relics_obtained":[{"floor":6.0,"key":"Ice Cream"},{"floor":9.0,"key":"Toxic Egg 2"},{"floor":10.0,"key":"Unceasing Top"},{"floor":14.0,"key":"Omamori"},{"floor":21.0,"key":"Nilry\u0027s Codex"},{"floor":23.0,"key":"Nunchaku"},{"floor":26.0,"key":"Ornamental Fan"},{"floor":27.0,"key":"The Courier"},{"floor":29.0,"key":"Potion Belt"},{"floor":37,"key":"Prayer Wheel"},{"floor":43,"key":"Regal Pillow"},{"floor":44,"key":"Gambling Chip"},{"floor":46,"key":"Pear"}],"event_choices":[{"damage_healed":0.0,"max_hp_gain":0.0,"max_hp_loss":0.0,"gold_gain":175.0,"event_name":"Liars Game","player_choice":"AGREE","floor":2.0,"gold_loss":0.0,"damage_taken":0.0,"cards_obtained":["Doubt"]},{"damage_healed":0.0,"max_hp_gain":0.0,"max_hp_loss":0.0,"gold_gain":0.0,"cards_transformed":["Strike_B"],"event_name":"Living Wall","player_choice":"Change","floor":3.0,"gold_loss":0.0,"damage_taken":0.0,"cards_obtained":["Glacier"]},{"damage_healed":0.0,"max_hp_gain":0.0,"max_hp_loss":0.0,"gold_gain":75.0,"event_name":"World of Goop","player_choice":"Gather Gold","floor":5.0,"gold_loss":0.0,"damage_taken":11.0},{"damage_healed":0.0,"max_hp_gain":0.0,"max_hp_loss":0.0,"gold_gain":0.0,"event_name":"Cursed Tome","player_choice":"Obtained Book","floor":21.0,"gold_loss":0.0,"damage_taken":16.0},{"damage_healed":0.0,"max_hp_gain":0.0,"max_hp_loss":0.0,"gold_gain":0.0,"event_name":"The Woman in Blue","player_choice":"Bought 3 Potions","floor":25.0,"gold_loss":0.0,"damage_taken":0.0},{"damage_healed":0,"gold_gain":0,"player_choice":"Paid","damage_taken":0,"relics_obtained":["Red Mask"],"max_hp_gain":0,"max_hp_loss":0,"event_name":"Tomb of Lord Red Mask","floor":36,"gold_loss":208},{"damage_healed":0,"gold_gain":0,"player_choice":"Fight","damage_taken":0,"max_hp_gain":0,"max_hp_loss":0,"event_name":"Mysterious Sphere","floor":37,"gold_loss":0},{"damage_healed":0,"gold_gain":0,"player_choice":"Copied","damage_taken":0,"max_hp_gain":0,"max_hp_loss":0,"event_name":"Duplicator","floor":42,"gold_loss":0,"cards_obtained":["Master of Strategy"]},{"damage_healed":0,"gold_gain":0,"player_choice":"Upgrade","damage_taken":0,"relics_obtained":["Mark of the Bloom"],"max_hp_gain":0,"max_hp_loss":0,"event_name":"MindBloom","floor":47,"gold_loss":0,"cards_upgraded":["Defend_B","Defend_B","Defend_B","Genetic Algorithm","Leap","Streamline","Flash of Steel","Barrage","Cold Snap","Barrage","Machine Learning","FTL"]}],"is_beta":false,"boss_relics":[{"not_picked":["Empty Cage","Lizard Tail"],"picked":"Nuclear Battery"},{"not_picked":["Inserter","Velvet Choker"],"picked":"Astrolabe"}],"items_purged_floors":[4,22,48],"is_endless":false,"potions_floor_spawned":[1,11,14,16,20,30,31,35,37,41,44,46],"ascension_level":4}