{"gold_per_floor":[116,129,204,220,58,58,135,135,162,175,203,203,215,250,250,250],"floor_reached":16,"playtime":863,"items_purged":["Defend_R"],"score":220,"play_id":"59996029-8691-430f-90c9-eb18daf0ea7b","local_time":"20190430063234","is_ascension_mode":true,"campfire_choices":[{"data":"Bash","floor":6.0,"key":"SMITH"},{"data":"Inflame","floor":8.0,"key":"SMITH"},{"data":"Feed","floor":12.0,"key":"SMITH"},{"floor":15.0,"key":"REST"}],"neow_cost":"TEN_PERCENT_HP_LOSS","seed_source_timestamp":0,"circlet_count":0,"master_deck":["AscendersBane","Strike_R","Strike_R","Strike_R","Strike_R","Strike_R","Defend_R","Defend_R","Defend_R","Bash+1","Shrug It Off","Clothesline","Shrug It Off","Inflame+1","Flame Barrier","Feed+1","Anger","Juggernaut"],"special_seed":0,"relics":["Burning Blood","Incense Burner","The Courier","Potion Belt","Pen Nib","Oddly Smooth Stone"],"potions_floor_usage":[],"damage_taken":[{"damage":10.0,"enemies":"Small Slimes","floor":1.0,"turns":4.0},{"damage":7.0,"enemies":"Jaw Worm","floor":2.0,"turns":4.0},{"damage":4.0,"enemies":"Cultist","floor":4.0,"turns":3.0},{"damage":7.0,"enemies":"3 Louse","floor":10.0,"turns":4.0},{"damage":11.0,"enemies":"Lagavulin","floor":11.0,"turns":6.0},{"damage":17.0,"enemies":"Large Slime","floor":13.0,"turns":10.0},{"damage":28.0,"enemies":"Gremlin Nob","floor":14.0,"turns":4.0},{"damage":0,"enemies":"The Guardian","floor":16,"turns":2}],"seed_played":"-4035540788275973584","potions_obtained":[{"floor":2.0,"key":"Ancient Potion"},{"floor":11.0,"key":"Weak Potion"},{"floor":13.0,"key":"BloodPotion"}],"is_trial":false,"path_per_floor":["M","M","?","M","$","R","T","R","T","M","E","R","M","E","R","B"],"character_chosen":"IRONCLAD","items_purchased":["Inflame"],"campfire_rested":1,"item_purchase_floors":[5],"current_hp_per_floor":[64,63,52,54,54,54,54,54,54,53,48,48,41,26,47,47],"gold":250,"neow_bonus":"ONE_RARE_RELIC","is_prod":false,"is_daily":false,"chose_seed":false,"campfire_upgraded":3,"win_rate":0,"timestamp":1556598754,"path_taken":["M","M","?","M","$","R","?","R","T","?","E","R","M","E","R","BOSS"],"build_version":"2019-01-23","purchased_purges":1,"victory":false,"max_hp_per_floor":[68,68,68,68,68,68,68,68,68,68,68,68,72,72,72,72],"card_choices":[{"not_picked":["Cleave","Hemokinesis"],"picked":"Shrug It Off","floor":1.0},{"not_picked":["Sword Boomerang","Cleave"],"picked":"Clothesline","floor":2.0},{"not_picked":["Sever Soul","Reckless Charge"],"picked":"Shrug It Off","floor":4.0},{"not_picked":["Warcry","Spot Weakness"],"picked":"Flame Barrier","floor":10.0},{"not_picked":["Feel No Pain","Shrug It Off"],"picked":"Feed","floor":11.0},{"not_picked":["Pummel","Sword Boomerang"],"picked":"Anger","floor":13.0},{"not_picked":["True Grit","Pummel"],"picked":"Juggernaut","floor":14.0}],"player_experience":616885,"relics_obtained":[{"floor":7.0,"key":"The Courier"},{"floor":9.0,"key":"Potion Belt"},{"floor":11.0,"key":"Pen Nib"},{"floor":14.0,"key":"Oddly Smooth Stone"}],"event_choices":[{"damage_healed":0.0,"max_hp_gain":0.0,"max_hp_loss":0.0,"gold_gain":75.0,"event_name":"World of Goop","player_choice":"Gather Gold","floor":3.0,"gold_loss":0.0,"damage_taken":11.0}],"is_beta":false,"boss_relics":[],"items_purged_floors":[5],"is_endless":false,"potions_floor_spawned":[2,11,13],"killed_by":"The Guardian","ascension_level":20}