{"path_per_floor":["M","$","?","M","M","R","?","M","T","R","M","M","?","M","R"],"character_chosen":"IRONCLAD","items_purchased":["Armaments"],"gold_per_floor":[115,66,141,154,167,167,167,178,178,178,196,212,212,227,227,227],"floor_reached":16,"campfire_rested":0,"playtime":475,"item_purchase_floors":[2],"current_hp_per_floor":[72,72,61,67,68,68,73,77,77,77,77,77,62,68,68,0],"items_purged":[],"gold":227,"score":94,"play_id":"e02b13af-e76a-43e0-aeba-2402e19bd551","local_time":"20180613152643","is_prod":false,"is_daily":false,"chose_seed":false,"is_ascension_mode":false,"campfire_upgraded":3,"win_rate":0,"timestamp":1528918003,"campfire_choices":[{"data":"True Grit","floor":6,"key":"SMITH"},{"data":"Armaments","floor":10,"key":"SMITH"},{"data":"Rampage","floor":15,"key":"SMITH"}],"path_taken":["M","$","?","M","M","R","?","M","T","R","M","M","?","M","R","BOSS"],"build_version":"2018-06-12","seed_source_timestamp":1191765705903699,"purchased_purges":0,"victory":false,"master_deck":["Strike_R","Strike_R","Strike_R","Strike_R","Strike_R","Defend_R","Defend_R+1","Defend_R","Defend_R+1","Bash","Shrug It Off","Armaments+1","Flame Barrier","True Grit+1","Shrug It Off","Rampage+1","Pommel Strike"],"max_hp_per_floor":[72,72,72,72,72,72,77,77,77,77,77,77,77,77,77,77],"special_seed":17695,"relics":["Burning Blood","Du-Vu Doll","Bottled Lightning"],"card_choices":[{"not_picked":["Sever Soul","Anger"],"picked":"Shrug It Off","floor":1},{"not_picked":["Evolve","Carnage"],"picked":"Flame Barrier","floor":4},{"not_picked":["Armaments","Thunderclap"],"picked":"True Grit","floor":5},{"not_picked":["Warcry","Iron Wave"],"picked":"Shrug It Off","floor":8},{"not_picked":["True Grit","Iron Wave","Clash"],"picked":"SKIP","floor":11},{"not_picked":["Warcry","Juggernaut"],"picked":"Rampage","floor":12},{"not_picked":["Second Wind","Armaments"],"picked":"Pommel Strike","floor":14}],"player_experience":540051,"potions_floor_usage":[16,16],"damage_taken":[{"damage":0,"enemies":"Small Slimes","floor":1,"turns":3},{"damage":0,"enemies":"Jaw Worm","floor":4,"turns":4},{"damage":5,"enemies":"Cultist","floor":5,"turns":5},{"damage":1,"enemies":"2 Fungi Beasts","floor":8,"turns":6},{"damage":0,"enemies":"Looter","floor":11,"turns":4},{"damage":1,"enemies":"Large Slime","floor":12,"turns":12},{"damage":0,"enemies":"Blue Slaver","floor":14,"turns":5},{"damage":74,"enemies":"Hexaghost","floor":16,"turns":14}],"relics_obtained":[{"floor":9,"key":"Bottled Lightning"}],"event_choices":[{"event_name":"World of Goop","player_choice":"Gather Gold","floor":3,"damage_taken":0},{"event_name":"Big Fish","player_choice":"Donut","floor":7,"damage_taken":0},{"event_name":"Shining Light","player_choice":"Entered Light","floor":13,"damage_taken":0}],"boss_relics":[],"items_purged_floors":[],"potions_floor_spawned":[4,5,8,12],"seed_played":"1248045641213405261","killed_by":"Hexaghost","ascension_level":0,"potions_obtained":[{"floor":4,"key":"BloodPotion"},{"floor":5,"key":"Weak Potion"},{"floor":8,"key":"SkillPotion"}],"is_trial":false}