{"path_per_floor":["M","M","M","M","M","R","M","R","T","?","M","E","R","M","R","B",null,"M","M","M","M","T","R","?","M","T","E","?","M","M","M","R"],"character_chosen":"IRONCLAD","items_purchased":[],"gold_per_floor":[109,125,139,152,162,162,178,178,256,256,271,303,303,319,319,417,417,435,455,465,484,508,508,423,434,504,529,529,541,559,569,569],"floor_reached":33,"campfire_rested":5,"playtime":2276,"current_hp_per_floor":[72,63,59,31,14,38,32,56,66,66,72,50,77,78,78,51,90,66,65,28,34,34,61,61,55,55,30,30,45,26,25,52],"items_purged":[],"gold":569,"score":277,"play_id":"94767fb7-46a3-416a-ac1b-aa78bc9a79ef","is_prod":false,"is_daily":false,"is_ascension_mode":false,"campfire_upgraded":1,"path_taken":["M","M","M","M","?","R","M","R","T","?","M","E","R","M","R","BOSS","M","M","M","M","?","R","?","M","T","E","?","M","?","?","R","BOSS"],"build_version":"2018-02-12-PROD1","purchased_purges":0,"victory":false,"master_deck":["Strike_R","Strike_R","Strike_R","Strike_R","Strike_R","Defend_R","Defend_R","Defend_R","Defend_R","Bash","Inflame+1","Twin Strike","Combust","Sword Boomerang","Flame Barrier","Whirlwind","Fire Breathing+1","Shockwave","Sword Boomerang","Reaper","Parasite","Clumsy","Parasite","Twin Strike","Battle Trance","Sword Boomerang","Metallicize","Heavy Blade","Juggernaut","Pommel Strike+1","Pommel Strike+1","Headbutt+1"],"max_hp_per_floor":[80,80,80,80,80,80,80,80,90,90,90,90,90,90,90,90,90,90,90,90,90,90,90,90,90,90,90,90,90,90,90,90],"relics":["Burning Blood","Pear","Lantern","Calling Bell","Bag of Marbles","Letter Opener","Shuriken","Ancient Tea Set","Meat on the Bone","Kunai","Mercury Hourglass"],"card_choices":[{"not_picked":["Sword Boomerang","Iron Wave"],"picked":"Inflame"},{"not_picked":["Thunderclap","Cleave"],"picked":"Twin Strike"},{"not_picked":["Cleave","Pommel Strike"],"picked":"Combust"},{"not_picked":["Hemokinesis","Limit Break"],"picked":"Sword Boomerang"},{"not_picked":["Headbutt","Clash"],"picked":"Flame Barrier"},{"not_picked":["Anger","Cleave"],"picked":"Whirlwind"},{"not_picked":["Battle Trance","Metallicize"],"picked":"Fire Breathing"},{"not_picked":["Infernal Blade","Iron Wave"],"picked":"Shockwave"},{"not_picked":["Pommel Strike","Headbutt"],"picked":"Sword Boomerang"},{"not_picked":["Limit Break","Double Tap"],"picked":"Reaper"},{"not_picked":["Dual Wield","Iron Wave"],"picked":"Twin Strike"},{"not_picked":["Seeing Red","Shockwave"],"picked":"Battle Trance"},{"not_picked":["Seeing Red","Sever Soul"],"picked":"Sword Boomerang"},{"not_picked":["Iron Wave","Body Slam"],"picked":"Metallicize"},{"not_picked":["Thunderclap","Shockwave"],"picked":"Heavy Blade"},{"not_picked":["Barricade","Brutality"],"picked":"Juggernaut"},{"not_picked":["Rampage","Perfected Strike"],"picked":"Pommel Strike"},{"not_picked":["Anger","Battle Trance"],"picked":"Pommel Strike"},{"not_picked":["Perfected Strike","Iron Wave"],"picked":"Headbutt"}],"player_experience":7736,"potions_floor_usage":[29,31,33,33],"damage_taken":[{"damage":14,"enemies":"Blue Slaver","floor":1,"turns":5},{"damage":15,"enemies":"Jaw Worm","floor":2,"turns":5},{"damage":10,"enemies":"Cultist","floor":3,"turns":4},{"damage":34,"enemies":"Large Slime","floor":4,"turns":6},{"damage":23,"enemies":"Lots of Slimes","floor":5,"turns":3},{"damage":12,"enemies":"Looter","floor":7,"turns":4},{"damage":0,"enemies":"2 Fungi Beasts","floor":11,"turns":2},{"damage":28,"enemies":"Gremlin Nob","floor":12,"turns":4},{"damage":5,"enemies":"3 Louse","floor":14,"turns":4},{"damage":33,"enemies":"Slime Boss","floor":16,"turns":8},{"damage":30,"enemies":"2 Thieves","floor":18,"turns":4},{"damage":13,"enemies":"Chosen","floor":19,"turns":5},{"damage":55,"enemies":"Centurion and Healer","floor":20,"turns":6},{"damage":24,"enemies":"Cultist and Chosen","floor":21,"turns":6},{"damage":18,"enemies":"Snecko","floor":25,"turns":5},{"damage":57,"enemies":"Slavers","floor":27,"turns":6},{"damage":12,"enemies":"3 Cultists","floor":29,"turns":4},{"damage":42,"enemies":"Snake Plant","floor":30,"turns":4},{"damage":26,"enemies":"Centurion and Healer","floor":31,"turns":5},{"damage":86,"enemies":"Champ","floor":33,"turns":7}],"event_choices":[{"event_name":"Living Wall","player_choice":"Grow","floor":10,"damage_taken":0},{"event_name":"Addict","player_choice":"Obtained Relic","floor":24,"damage_taken":0},{"event_name":"The Lab","player_choice":"Got Potions","floor":28,"damage_taken":0}],"boss_relics":[{"not_picked":["Runic Pyramid","Runic Dome"],"picked":"Calling Bell"}],"potions_floor_spawned":[2,3,4,21,25,29,30],"seed_played":"5129739325889590128","killed_by":"Champ","ascension_level":0,"is_trial":false}