{"gold_per_floor":[114,39,54,9,24,24,39,54,104,134,134,149,164,179,179,279,279,294,294,309,324,339,354,369,369,394,394,409,409,439,340,340,340],"floor_reached":33,"playtime":3895,"items_purged":[],"score":350,"play_id":"06dbbe71-bf9f-4e3e-9dd5-dd8f5db916d2","local_time":"20180705213130","daily_mods":["Specialized","Uncertain Future","Terminal"],"is_ascension_mode":false,"campfire_choices":[{"data":"Tempest","floor":6,"key":"SMITH"},{"floor":15,"key":"REST"},{"data":"Multi-Cast","floor":27,"key":"SMITH"},{"floor":29,"key":"REST"},{"floor":32,"key":"REST"}],"neow_cost":"","seed_source_timestamp":0,"circlet_count":0,"master_deck":["Strike_B+1","Strike_B","Strike_B","Defend_B","Defend_B","Defend_B","Defend_B","Zap","Dualcast","Rainbow","Rainbow","Rainbow","Rainbow","Rainbow","Go for the Eyes","Tempest+1","Coolheaded","Steam","Sweeping Beam","Beam Cell","Hologram","Multi-Cast+1","Sweeping Beam","Ball Lightning","Ball Lightning","Biased Cognition","Gash","Gash+1","Leap","Reprogram","Reinforced Body","Conserve Battery+1","Cold Snap+1","Conserve Battery","Steam"],"special_seed":17717,"relics":["Cracked Core","Omamori","Mango","Runic Pyramid","Anchor","Lantern"],"potions_floor_usage":[10,13,16,16,18,18,19,21,21,30,33],"damage_taken":[{"damage":0,"enemies":"Cultist","floor":1,"turns":3},{"damage":1,"enemies":"2 Louse","floor":3,"turns":2},{"damage":0,"enemies":"Jaw Worm","floor":5,"turns":3},{"damage":0,"enemies":"Exordium Thugs","floor":7,"turns":4},{"damage":0,"enemies":"Large Slime","floor":8,"turns":3},{"damage":0,"enemies":"3 Sentries","floor":10,"turns":5},{"damage":18,"enemies":"Gremlin Gang","floor":12,"turns":4},{"damage":2,"enemies":"3 Louse","floor":13,"turns":2},{"damage":9,"enemies":"Lots of Slimes","floor":14,"turns":3},{"damage":17,"enemies":"Hexaghost","floor":16,"turns":10},{"damage":0,"enemies":"Spheric Guardian","floor":18,"turns":3},{"damage":0,"floor":19,"turns":1},{"damage":0,"enemies":"Chosen","floor":20,"turns":3},{"damage":4,"enemies":"Slaver and Parasite","floor":21,"turns":5},{"damage":0,"enemies":"Centurion and Healer","floor":22,"turns":5},{"damage":0,"enemies":"Snecko","floor":23,"turns":5},{"damage":9,"enemies":"Sentry and Sphere","floor":24,"turns":4},{"damage":17,"enemies":"3 Cultists","floor":28,"turns":5},{"damage":34,"enemies":"Gremlin Leader","floor":30,"turns":6},{"damage":0,"enemies":"Automaton","floor":33,"turns":6}],"seed_played":"-5958423263724567793","potions_obtained":[{"floor":3,"key":"Block Potion"},{"floor":10,"key":"Ancient Potion"},{"floor":12,"key":"Fire Potion"},{"floor":13,"key":"Weak Potion"},{"floor":14,"key":"Swift Potion"},{"floor":16,"key":"EntropicBrew"},{"floor":18,"key":"SmokeBomb"},{"floor":21,"key":"Swift Potion"},{"floor":23,"key":"EssenceOfSteel"}],"is_trial":false,"path_per_floor":["M","$","M","$","M","R","M","M","T","E","?","M","M","M","R","B",null,"M","?","M","M","M","M","M","?","T","R","M","R","E","$","R"],"character_chosen":"DEFECT","items_purchased":["Tempest","Steam","Conserve Battery","Steam"],"campfire_rested":3,"item_purchase_floors":[2,4,31,31],"current_hp_per_floor":[73,72,71,70,69,68,67,66,65,78,62,44,42,33,55,38,71,70,69,68,64,64,64,55,55,55,55,38,56,22,22,39,39],"gold":340,"neow_bonus":"","is_prod":false,"is_daily":true,"chose_seed":false,"campfire_upgraded":2,"win_rate":0.0,"timestamp":1530819090,"path_taken":["M","$","M","?","M","R","M","M","T","E","?","?","M","M","R","BOSS","M","?","M","M","?","M","M","?","T","R","M","R","E","$","R","BOSS"],"build_version":"2018-06-28","purchased_purges":0,"victory":false,"max_hp_per_floor":[73,72,71,70,69,68,67,66,65,78,77,76,75,74,73,72,71,70,69,68,67,66,65,64,63,62,61,60,59,58,57,56,56],"card_choices":[{"not_picked":["Storm","Reinforced Body"],"picked":"Go for the Eyes","floor":1},{"not_picked":["Heatsinks","Streamline"],"picked":"Coolheaded","floor":3},{"not_picked":["Compile Driver","Rip and Tear"],"picked":"Sweeping Beam","floor":5},{"not_picked":["Hologram","Rebound"],"picked":"Beam Cell","floor":7},{"not_picked":["Thunder Strike","Tempest"],"picked":"Hologram","floor":8},{"not_picked":["Recycle","FTL"],"picked":"Multi-Cast","floor":10},{"not_picked":["Streamline","Barrage"],"picked":"Sweeping Beam","floor":12},{"not_picked":["Rebound","Gash"],"picked":"Ball Lightning","floor":13},{"not_picked":["Sweeping Beam","Streamline"],"picked":"Ball Lightning","floor":14},{"not_picked":["Fission","Buffer"],"picked":"Biased Cognition","floor":16},{"not_picked":["Stack","Blizzard+1"],"picked":"Gash","floor":18},{"not_picked":["White Noise","Genetic Algorithm"],"picked":"Gash+1","floor":20},{"not_picked":["Aggregate+1","Doom and Gloom+1"],"picked":"Leap","floor":21},{"not_picked":["Auto Shields+1","Steam"],"picked":"Reprogram","floor":22},{"not_picked":["Barrage","Heatsinks","Beam Cell"],"picked":"SKIP","floor":23},{"not_picked":["Leap","FTL"],"picked":"Reinforced Body","floor":24},{"not_picked":["Beam Cell","Gash"],"picked":"Conserve Battery+1","floor":28},{"not_picked":["Echo Form","Hologram"],"picked":"Cold Snap+1","floor":30}],"player_experience":36355,"relics_obtained":[{"floor":9,"key":"Omamori"},{"floor":10,"key":"Mango"},{"floor":26,"key":"Anchor"},{"floor":30,"key":"Lantern"}],"event_choices":[{"event_name":"Shining Light","player_choice":"Entered Light","floor":11,"damage_taken":0},{"event_name":"Masked Bandits","player_choice":"Fought over 294 gold","floor":19,"damage_taken":0},{"event_name":"Bonfire Elementals","player_choice":"BASIC","floor":25,"damage_taken":0}],"boss_relics":[{"not_picked":["Lizard Tail","White Beast Statue"],"picked":"Runic Pyramid"}],"items_purged_floors":[],"is_endless":false,"potions_floor_spawned":[3,10,12,13,14,16,18,19,21,23],"killed_by":"Automaton","ascension_level":0}