{"gold_per_floor":[115,126,201,126,126,161,161,161,233,233,233,260,260,280,280,378,378,391,418,418,64,64,64,80,4,30,30,30,40,54,54,54,152,152,167,22,40,56,67,67,83,183,183,195,214,227,227,83,83,83,83,83,48,81,81],"floor_reached":55,"playtime":1674,"items_purged":["Strike_B"],"score":680,"play_id":"d9a08ac7-6a8a-4910-9d62-6c2f7286a583","local_time":"20181106015822","is_ascension_mode":false,"campfire_choices":[{"data":"Defragment","floor":7,"key":"SMITH"},{"data":"Sunder","floor":8,"key":"SMITH"},{"data":"Dualcast","floor":11,"key":"SMITH"},{"floor":13,"key":"REST"},{"floor":15,"key":"RECALL"},{"floor":23,"key":"REST"},{"data":"Defragment","floor":27,"key":"SMITH"},{"data":"Rainbow","floor":32,"key":"SMITH"},{"data":"Cold Snap","floor":40,"key":"SMITH"},{"data":"Barrage","floor":47,"key":"SMITH"},{"floor":49,"key":"REST"},{"data":"Steam","floor":52,"key":"SMITH"}],"neow_cost":"NONE","seed_source_timestamp":558457941364367,"circlet_count":0,"master_deck":["Strike_B","Strike_B","Defend_B","Defend_B","Defend_B","Defend_B","Zap+1","Dualcast+1","Defragment+1","Skim","Sunder+1","Cold Snap+1","Rainbow+1","Steam+1","Cold Snap","Cold Snap","Defragment+1","Coolheaded+1","Cold Snap+1","Sweeping Beam+1","Barrage+1","Loop","Machine Learning"],"relics":["FrozenCore","Bottled Lightning","Symbiotic Virus","Inserter","Red Mask","StoneCalendar","Oddly Smooth Stone","Omamori","Nloth\u0027s Gift","Bronze Scales","Incense Burner","Pantograph","DataDisk","Molten Egg 2"],"potions_floor_usage":[6,12,33,50,50,55,55],"damage_taken":[{"damage":2,"enemies":"Jaw Worm","floor":1,"turns":3},{"damage":0,"enemies":"Small Slimes","floor":2,"turns":2},{"damage":25,"enemies":"Lagavulin","floor":6,"turns":6},{"damage":26,"enemies":"3 Sentries","floor":12,"turns":7},{"damage":0,"enemies":"Cultist","floor":14,"turns":2},{"damage":9,"enemies":"Hexaghost","floor":16,"turns":6},{"damage":32,"enemies":"2 Thieves","floor":18,"turns":3},{"damage":17,"enemies":"Masked Bandits","floor":19,"turns":4},{"damage":20,"enemies":"Colosseum Slavers","floor":20,"turns":5},{"damage":0,"enemies":"Shell Parasite","floor":24,"turns":6},{"damage":0,"enemies":"Cultist and Chosen","floor":29,"turns":7},{"damage":3,"enemies":"Chosen and Byrds","floor":30,"turns":7},{"damage":15,"enemies":"Automaton","floor":33,"turns":12},{"damage":4,"enemies":"3 Shapes","floor":35,"turns":3},{"damage":1,"enemies":"3 Darklings","floor":37,"turns":6},{"damage":7,"enemies":"4 Shapes","floor":38,"turns":4},{"damage":5,"enemies":"Sphere and 2 Shapes","floor":39,"turns":6},{"damage":14,"enemies":"Transient","floor":41,"turns":5},{"damage":9,"enemies":"Mind Bloom Boss Battle","floor":42,"turns":7},{"damage":5,"enemies":"Maw","floor":44,"turns":9},{"damage":5,"enemies":"3 Darklings","floor":45,"turns":7},{"damage":2,"enemies":"Writhing Mass","floor":46,"turns":7},{"damage":10,"enemies":"Time Eater","floor":50,"turns":13},{"damage":50,"enemies":"Shield and Spear","floor":54,"turns":9},{"damage":52,"enemies":"The Heart","floor":55,"turns":6}],"seed_played":"-5647170790582939751","potions_obtained":[{"floor":2,"key":"SkillPotion"},{"floor":6,"key":"Energy Potion"},{"floor":24,"key":"SpeedPotion"},{"floor":29,"key":"SteroidPotion"},{"floor":30,"key":"Energy Potion"},{"floor":37,"key":"SmokeBomb"},{"floor":39,"key":"Dexterity Potion"},{"floor":54,"key":"Weak Potion"}],"is_trial":false,"path_per_floor":["M","M","?","$","?","E","R","R","T","T","R","E","R","M","R","B",null,"M","?","?","$","T","R","M","$","T","R","$","M","M","?","R","B",null,"M","$","M","M","M","R","M","?","T","M","M","M","R","$","R","B",null,"R","$","E","B"],"character_chosen":"DEFECT","items_purchased":["StoneCalendar","Cold Snap","Defragment","Bronze Scales","DataDisk","Loop"],"campfire_rested":3,"item_purchase_floors":[21,21,25,36,48,53],"current_hp_per_floor":[73,73,62,62,62,37,37,37,37,37,37,11,33,33,33,24,75,43,26,6,6,6,28,28,28,28,28,28,28,25,25,25,10,75,71,71,70,63,58,58,44,35,35,30,25,23,23,23,45,60,75,75,75,25,0],"gold":81,"neow_bonus":"UPGRADE_CARD","is_prod":false,"is_daily":false,"chose_seed":false,"campfire_upgraded":8,"win_rate":0,"timestamp":1541487502,"path_taken":["M","M","?","$","?","E","R","R","T","?","R","E","R","M","R","BOSS","M","?","?","$","?","R","M","$","T","R","?","?","M","?","R","BOSS","M","$","?","M","M","R","M","?","T","M","M","M","R","$","R","BOSS","R","$","E","BOSS"],"build_version":"2018-11-02","purchased_purges":1,"victory":false,"max_hp_per_floor":[75,75,75,75,75,75,75,75,75,75,75,75,75,75,75,75,75,75,75,75,75,75,75,75,75,75,75,75,75,75,75,75,75,75,75,75,75,75,75,75,75,75,75,75,75,75,75,75,75,75,75,75,75,75,75],"card_choices":[{"not_picked":["Hologram","FTL"],"picked":"Defragment","floor":1},{"not_picked":["Steam","Steam Power"],"picked":"Skim","floor":2},{"not_picked":["Blizzard","Rebound","Aggregate"],"picked":"SKIP","floor":6},{"not_picked":["Loop","Gash"],"picked":"Cold Snap","floor":12},{"not_picked":["Beam Cell","Go for the Eyes","Undo"],"picked":"SKIP","floor":14},{"not_picked":["Hyperbeam","Biased Cognition"],"picked":"Rainbow","floor":16},{"not_picked":["Genetic Algorithm+1","Rebound","Conserve Battery+1"],"picked":"SKIP","floor":18},{"not_picked":["Stack+1","Compile Driver"],"picked":"Steam","floor":19},{"not_picked":["Beam Cell","Go for the Eyes"],"picked":"Cold Snap","floor":24},{"not_picked":["Gash","Doom and Gloom+1"],"picked":"Coolheaded+1","floor":29},{"not_picked":["Compile Driver","Steam","Leap+1"],"picked":"SKIP","floor":30},{"not_picked":["Go for the Eyes","Capacitor+1"],"picked":"Cold Snap+1","floor":35},{"not_picked":["Redo","Rebound"],"picked":"Sweeping Beam+1","floor":37},{"not_picked":["Genetic Algorithm+1","Streamline","Heatsinks+1"],"picked":"SKIP","floor":38},{"not_picked":["Beam Cell","Turbo","Streamline"],"picked":"SKIP","floor":39},{"not_picked":["Stack","Compile Driver+1"],"picked":"Barrage","floor":41},{"not_picked":["Compile Driver","Conserve Battery","Steam Power+1"],"picked":"SKIP","floor":44},{"not_picked":["Heatsinks","Rip and Tear+1","Barrage"],"picked":"SKIP","floor":45},{"not_picked":["Stack","Undo","Static Discharge"],"picked":"SKIP","floor":46},{"not_picked":["Rip and Tear+1","Streamline"],"picked":"Machine Learning","floor":54}],"player_experience":963103,"relics_obtained":[{"floor":6,"key":"WingedGreaves"},{"floor":10,"key":"Bottled Lightning"},{"floor":12,"key":"Symbiotic Virus"},{"floor":19,"key":"Red Mask"},{"floor":22,"key":"Oddly Smooth Stone"},{"floor":26,"key":"Omamori"},{"floor":42,"key":"Incense Burner"},{"floor":43,"key":"Pantograph"},{"floor":54,"key":"Molten Egg 2"}],"event_choices":[{"damage_healed":0,"gold_gain":75,"player_choice":"Gather Gold","damage_taken":11,"max_hp_gain":0,"max_hp_loss":0,"event_name":"World of Goop","floor":3,"gold_loss":0},{"damage_healed":0,"gold_gain":0,"cards_transformed":["Strike_B"],"player_choice":"Change","damage_taken":0,"max_hp_gain":0,"max_hp_loss":0,"event_name":"Living Wall","floor":5,"gold_loss":0,"cards_obtained":["Sunder"]},{"damage_healed":0,"gold_gain":0,"player_choice":"Fought Bandits","damage_taken":0,"max_hp_gain":0,"max_hp_loss":0,"event_name":"Masked Bandits","floor":19,"gold_loss":0},{"damage_healed":0,"gold_gain":0,"player_choice":"Fight","damage_taken":0,"max_hp_gain":0,"max_hp_loss":0,"event_name":"Colosseum","floor":20,"gold_loss":0},{"damage_healed":0,"gold_gain":0,"player_choice":"Fled From Nobs","damage_taken":0,"max_hp_gain":0,"max_hp_loss":0,"event_name":"Colosseum","floor":20,"gold_loss":0},{"damage_healed":0,"gold_gain":0,"player_choice":"Traded Relic","damage_taken":0,"relics_obtained":["Nloth\u0027s Gift"],"max_hp_gain":0,"max_hp_loss":0,"event_name":"N\u0027loth","floor":31,"relics_lost":["WingedGreaves"],"gold_loss":0},{"damage_healed":0,"gold_gain":0,"player_choice":"Fight","damage_taken":0,"max_hp_gain":0,"max_hp_loss":0,"event_name":"MindBloom","floor":42,"gold_loss":0}],"is_beta":true,"boss_relics":[{"not_picked":["Calling Bell","Runic Dome"],"picked":"Inserter"},{"not_picked":["Eternal Feather","Pandora\u0027s Box"],"picked":"FrozenCore"}],"items_purged_floors":[4],"is_endless":false,"potions_floor_spawned":[2,6,20,24,29,30,37,38,39,54],"killed_by":"The Heart","ascension_level":0}