{"gold_per_floor":[111,123,123,138,138,138,166,166,189,215,226,226,241,241,241,339,339,355,355,369,469,44,44,44,44,44,62,97,112,112],"floor_reached":30,"playtime":1735,"items_purged":["Writhe"],"score":361,"play_id":"1be0bb23-3879-4b6a-9962-8238f82c221e","local_time":"20190228105751","is_ascension_mode":true,"campfire_choices":[{"data":"Armaments","floor":6,"key":"SMITH"},{"data":"Inflame","floor":8,"key":"SMITH"},{"data":"Berserk","floor":12,"key":"SMITH"},{"data":"Disarm","floor":15,"key":"SMITH"},{"data":"Double Tap","floor":23,"key":"SMITH"},{"data":"Uppercut","floor":25,"key":"SMITH"}],"neow_cost":"NONE","seed_source_timestamp":3308771510564,"circlet_count":0,"master_deck":["Strike_R","Strike_R","Strike_R","Strike_R","Defend_R","Defend_R","Defend_R","Defend_R","Bash","Heavy Blade","Headbutt","Armaments+1","Inflame+1","Berserk+1","Pommel Strike","Disarm+1","Demon Form","Uppercut+1","Havoc+1","Double Tap+1","Fire Breathing+1","Battle Trance"],"relics":["Burning Blood","NeowsBlessing","Boot","Orichalcum","Bag of Preparation","Sozu","Mango","OrangePellets","Bottled Flame","Singing Bowl"],"potions_floor_usage":[7,7,10],"damage_taken":[{"damage":0,"enemies":"Cultist","floor":1,"turns":1},{"damage":0,"enemies":"Small Slimes","floor":2,"turns":1},{"damage":0,"enemies":"2 Louse","floor":4,"turns":1},{"damage":15,"enemies":"3 Sentries","floor":7,"turns":6},{"damage":21,"enemies":"Lagavulin","floor":10,"turns":7},{"damage":7,"enemies":"Looter","floor":11,"turns":4},{"damage":3,"enemies":"2 Fungi Beasts","floor":13,"turns":2},{"damage":6,"enemies":"Slime Boss","floor":16,"turns":6},{"damage":6,"enemies":"3 Byrds","floor":18,"turns":6},{"damage":3,"enemies":"Chosen","floor":20,"turns":4},{"damage":12,"enemies":"Snake Plant","floor":27,"turns":2},{"damage":51,"enemies":"Book of Stabbing","floor":28,"turns":5},{"damage":18,"enemies":"Cultist and Chosen","floor":29,"turns":5},{"damage":40,"enemies":"Shelled Parasite and Fungi","floor":30,"turns":2}],"seed_played":"9196575882310915695","potions_obtained":[{"floor":1,"key":"PowerPotion"},{"floor":2,"key":"AttackPotion"},{"floor":7,"key":"EssenceOfSteel"}],"is_trial":false,"path_per_floor":["M","M","?","M","?","R","E","R","T","E","M","R","M","?","R","B",null,"M","?","M","?","$","R","$","R","T","M","E","M","M"],"character_chosen":"IRONCLAD","items_purchased":["Double Tap","OrangePellets"],"campfire_rested":0,"item_purchase_floors":[22,22],"current_hp_per_floor":[78,80,73,79,79,79,70,70,70,55,54,54,57,57,57,57,74,74,88,91,91,91,91,91,91,91,85,40,28,0],"gold":112,"neow_bonus":"THREE_ENEMY_KILL","is_prod":false,"is_daily":false,"chose_seed":false,"campfire_upgraded":6,"win_rate":0,"timestamp":1551347871,"path_taken":["M","?","?","M","?","R","E","R","T","E","M","R","M","?","R","BOSS","M","?","M","?","$","R","$","R","T","?","E","M","M"],"build_version":"2019-01-23","purchased_purges":1,"victory":false,"max_hp_per_floor":[80,80,80,80,80,80,80,80,80,80,80,80,80,80,80,80,80,80,94,94,94,94,94,94,94,94,94,94,94,94],"card_choices":[{"not_picked":["Carnage","Bloodletting"],"picked":"Heavy Blade","floor":1},{"not_picked":["Anger","Heavy Blade"],"picked":"Headbutt","floor":2},{"not_picked":["Heavy Blade","Twin Strike"],"picked":"Armaments","floor":4},{"not_picked":["True Grit","Entrench"],"picked":"Inflame","floor":7},{"not_picked":["Perfected Strike","Pommel Strike"],"picked":"Berserk","floor":10},{"not_picked":["Entrench","Armaments"],"picked":"Pommel Strike","floor":11},{"not_picked":["Thunderclap","Carnage"],"picked":"Disarm","floor":13},{"not_picked":["Fiend Fire","Brutality"],"picked":"Demon Form","floor":16},{"not_picked":["Combust","Thunderclap"],"picked":"Uppercut","floor":18},{"not_picked":["Power Through","Uppercut"],"picked":"Havoc+1","floor":20},{"not_picked":["Inflame","Twin Strike+1","Carnage+1"],"picked":"SKIP","floor":27},{"not_picked":["Wild Strike+1","Clash+1"],"picked":"Fire Breathing+1","floor":28},{"not_picked":["Combust","Bludgeon"],"picked":"Battle Trance","floor":29}],"player_experience":290965,"relics_obtained":[{"floor":7,"key":"Boot"},{"floor":9,"key":"Orichalcum"},{"floor":10,"key":"Bag of Preparation"},{"floor":26,"key":"Bottled Flame"},{"floor":28,"key":"Singing Bowl"}],"event_choices":[{"cards_removed":["Strike_R"],"damage_healed":0,"gold_gain":0,"player_choice":"Card Removal","damage_taken":7,"max_hp_gain":0,"max_hp_loss":0,"event_name":"Golden Wing","floor":3,"gold_loss":0},{"damage_healed":0,"gold_gain":0,"player_choice":"Ignored","damage_taken":0,"max_hp_gain":0,"max_hp_loss":0,"event_name":"Golden Idol","floor":5,"gold_loss":0},{"damage_healed":0,"gold_gain":0,"player_choice":"Searched \u00270\u0027 times","damage_taken":0,"max_hp_gain":0,"max_hp_loss":0,"event_name":"Dead Adventurer","floor":14,"gold_loss":0},{"damage_healed":0,"gold_gain":0,"player_choice":"Opened","damage_taken":0,"relics_obtained":["Mango"],"max_hp_gain":0,"max_hp_loss":0,"event_name":"The Mausoleum","floor":19,"gold_loss":0,"cards_obtained":["Writhe"]},{"damage_healed":0,"gold_gain":100,"player_choice":"Pray","damage_taken":0,"max_hp_gain":0,"max_hp_loss":0,"event_name":"Golden Shrine","floor":21,"gold_loss":0}],"is_beta":false,"boss_relics":[{"not_picked":["Eternal Feather","Orrery"],"picked":"Sozu"}],"items_purged_floors":[22],"is_endless":false,"potions_floor_spawned":[1,2,7,27,28,29],"killed_by":"Shelled Parasite and Fungi","ascension_level":8}