{"path_per_floor":["M","?","$","?","?","E","M","E","T","$","R","M","E","$","R","B",null,"M","M","T","?","M","R","M","E","T","R","M","R","E","M","R"],"character_chosen":"DEFECT","items_purchased":["Toxic Egg 2","Sunder","White Noise","Turbo"],"gold_per_floor":[112,112,37,187,262,303,318,351,351,31,31,51,82,1,1,94,94,115,138,220,253,268,268,286,319,373,373,398,398,439,458,458,458],"floor_reached":33,"campfire_rested":2,"playtime":3603,"current_hp_per_floor":[64,64,64,64,53,53,53,31,31,31,31,31,31,31,31,31,56,63,63,63,40,4,23,30,12,12,12,12,31,31,38,38,0],"items_purged":["Strike_B"],"gold":458,"score":749,"play_id":"fa0500eb-7986-4a69-b8ad-146cd1589e0c","local_time":"20180512110926","is_prod":false,"is_daily":false,"chose_seed":false,"is_ascension_mode":true,"campfire_upgraded":4,"timestamp":1526148566,"path_taken":["M","?","$","?","?","E","?","E","T","?","R","M","E","$","R","BOSS","M","M","?","?","M","R","?","E","T","R","M","R","E","M","R","BOSS"],"build_version":"2018-05-11","seed_source_timestamp":0,"purchased_purges":1,"victory":false,"master_deck":["Strike_B","Strike_B","Strike_B","Defend_B","Defend_B","Defend_B","Defend_B","Zap+1","Dualcast","AscendersBane","Defragment+1","Doubt","Defragment","Sweeping Beam","Buffer+1","Sunder+1","Conserve Battery+1","Leap+1","White Noise+1","Turbo+1","Seek+1","Conserve Battery+1","Hologram+1","Double Energy+1","Reboot+1","Leap+1","Chill+1","Fission+1"],"max_hp_per_floor":[71,64,64,64,64,64,64,64,64,64,64,64,64,64,64,64,64,64,64,64,64,64,64,64,64,64,64,64,64,64,64,64,64],"relics":["Cracked Core","NeowsBlessing","Golden Idol","Mummified Hand","Orichalcum","Question Card","Toxic Egg 2","Darkstone Periapt","Sozu","Bottled Tornado","Red Mask","Art of War","DataDisk","Ginger"],"card_choices":[{"not_picked":["Rebound","Beam Cell"],"picked":"Defragment","floor":1.0},{"not_picked":["Tempest","Loop"],"picked":"Defragment","floor":6.0},{"not_picked":["Turbo","Steam Power"],"picked":"Sweeping Beam","floor":7.0},{"not_picked":["Force Field","Ball Lightning"],"picked":"Buffer","floor":8.0},{"not_picked":["Scrape","Undo","Rebound"],"picked":"Conserve Battery","floor":12.0},{"not_picked":["Consume","Skim","Go for the Eyes"],"picked":"Leap","floor":13.0},{"not_picked":["All For One","Nova","Thunder Strike"],"picked":"Seek","floor":16.0},{"not_picked":["Static Discharge","Capacitor","Rebound"],"picked":"Conserve Battery","floor":18.0},{"not_picked":["Double Energy","Coolheaded","Stack"],"picked":"Hologram","floor":19.0},{"not_picked":["Go for the Eyes","Capacitor","Beam Cell"],"picked":"Double Energy","floor":21.0},{"not_picked":["Ball Lightning","Barrage","Turbo"],"picked":"Reboot","floor":22.0},{"not_picked":["Turbo+1","Axe Kick","Rebound","Static Discharge+1"],"picked":"SKIP","floor":24.0},{"not_picked":["Streamline","Sweeping Beam+1","Axe Kick+1"],"picked":"Leap+1","floor":25.0},{"not_picked":["Rebound","Conserve Battery+1","Heatsinks"],"picked":"Chill+1","floor":28},{"not_picked":["Doom and Gloom","Sweeping Beam","Force Field+1","Auto Shields+1"],"picked":"SKIP","floor":30},{"not_picked":["Force Field+1","Stack+1","Go for the Eyes"],"picked":"Fission+1","floor":31}],"player_experience":651621,"potions_floor_usage":[],"damage_taken":[{"damage":0.0,"enemies":"Jaw Worm","floor":1.0,"turns":1.0},{"damage":0.0,"enemies":"Gremlin Nob","floor":6.0,"turns":1.0},{"damage":0.0,"enemies":"2 Louse","floor":7.0,"turns":1.0},{"damage":34.0,"enemies":"3 Sentries","floor":8.0,"turns":10.0},{"damage":0.0,"enemies":"Small Slimes","floor":12.0,"turns":3.0},{"damage":0.0,"enemies":"Lagavulin","floor":13.0,"turns":7.0},{"damage":0.0,"enemies":"Slime Boss","floor":16.0,"turns":6.0},{"damage":0.0,"enemies":"Chosen","floor":18.0,"turns":6.0},{"damage":0.0,"enemies":"Spheric Guardian","floor":19.0,"turns":4.0},{"damage":23.0,"enemies":"Masked Bandits","floor":21.0,"turns":5.0},{"damage":36.0,"enemies":"Slaver and Parasite","floor":22.0,"turns":10.0},{"damage":0.0,"enemies":"Snake Plant","floor":24.0,"turns":4.0},{"damage":18.0,"enemies":"Gremlin Leader","floor":25.0,"turns":9.0},{"damage":0,"enemies":"Snecko","floor":28,"turns":7},{"damage":0,"enemies":"Slavers","floor":30,"turns":9},{"damage":0,"enemies":"Centurion and Healer","floor":31,"turns":6},{"damage":54,"enemies":"Automaton","floor":33,"turns":12}],"event_choices":[{"event_name":"Golden Idol","player_choice":"Lose Max HP","floor":2.0,"damage_taken":0.0},{"event_name":"Liars Game","player_choice":"agreed","floor":4.0,"damage_taken":0.0},{"event_name":"World of Goop","player_choice":"Gather Gold","floor":5.0,"damage_taken":0.0},{"event_name":"Masked Bandits","player_choice":"Fought over 220 gold","floor":21.0,"damage_taken":0.0}],"boss_relics":[],"potions_floor_spawned":[7,8,13,21,22,24,30],"seed_played":"3249056960289077895","killed_by":"Automaton","ascension_level":15,"is_trial":false}