{"gold_per_floor":[113,130,142,213,213,213,238,257,284,284,302,321,331,2,2,107,107,118,129,147,147,23,23,39,75,98,98,116,131,151,171,171,171],"floor_reached":33,"playtime":2424,"items_purged":[],"score":257,"play_id":"9cd50b2b-310d-4a22-9174-90050832422b","local_time":"20190629005248","is_ascension_mode":false,"campfire_choices":[{"data":"Thunderclap","floor":6,"key":"SMITH"},{"floor":15,"key":"REST"},{"floor":23,"key":"REST"},{"floor":32,"key":"REST"}],"neow_cost":"NONE","seed_source_timestamp":1395647294453395,"circlet_count":0,"master_deck":["Strike_R","Strike_R","Strike_R","Strike_R","Strike_R","Defend_R","Defend_R","Defend_R","Defend_R","Bash","Sever Soul","Perfected Strike","Thunderclap+1","Forethought","Shrug It Off","Anger","Burning Pact","Seeing Red","Combust","Bandage Up","Immolate","Infernal Blade","Pummel+1","Wild Strike","Madness","HandOfGreed","Flex","Infernal Blade","Battle Trance","Spot Weakness","Shrug It Off","Disarm+1"],"relics":["Busted Crown","Matryoshka","Thread and Needle","Juzu Bracelet","Potion Belt","PreservedInsect","Membership Card","Bag of Preparation","Velvet Choker","FaceOfCleric","Lantern","Dream Catcher"],"potions_floor_usage":[16,16,16,16,28,29,31,33,33,33,33,33],"damage_taken":[{"damage":6,"enemies":"Cultist","floor":1,"turns":3},{"damage":0,"enemies":"2 Louse","floor":2,"turns":2},{"damage":1,"enemies":"Jaw Worm","floor":3,"turns":2},{"damage":14,"enemies":"Gremlin Nob","floor":7,"turns":3},{"damage":0,"enemies":"2 Fungi Beasts","floor":8,"turns":2},{"damage":0,"enemies":"3 Louse","floor":11,"turns":2},{"damage":4,"enemies":"Red Slaver","floor":12,"turns":4},{"damage":0,"enemies":"2 Fungi Beasts","floor":13,"turns":3},{"damage":22,"enemies":"The Guardian","floor":16,"turns":8},{"damage":6,"enemies":"Spheric Guardian","floor":18,"turns":3},{"damage":7,"enemies":"Chosen","floor":19,"turns":3},{"damage":30,"enemies":"Sentry and Sphere","floor":20,"turns":6},{"damage":11,"enemies":"Snecko","floor":24,"turns":4},{"damage":3,"enemies":"Cultist and Chosen","floor":25,"turns":5},{"damage":14,"enemies":"Snake Plant","floor":28,"turns":4},{"damage":0,"enemies":"Snecko","floor":29,"turns":3},{"damage":28,"enemies":"Centurion and Healer","floor":30,"turns":4},{"damage":18,"enemies":"Shelled Parasite and Fungi","floor":31,"turns":4},{"damage":97,"enemies":"Automaton","floor":33,"turns":6}],"seed_played":"2384738552840831509","potions_obtained":[{"floor":1,"key":"PowerPotion"},{"floor":2,"key":"EntropicBrew"},{"floor":3,"key":"Poison Potion"},{"floor":12,"key":"SkillPotion"},{"floor":13,"key":"BloodPotion"},{"floor":18,"key":"SpeedPotion"},{"floor":24,"key":"Energy Potion"},{"floor":25,"key":"Poison Potion"},{"floor":27,"key":"Block Potion"},{"floor":27,"key":"Explosive Potion"},{"floor":27,"key":"FairyPotion"},{"floor":30,"key":"SteroidPotion"},{"floor":31,"key":"SpeedPotion"}],"is_trial":false,"path_per_floor":["M","M","M","T","?","R","E","M","T","?","M","M","M","$","R","B",null,"M","M","M","?","$","R","M","M","T","?","M","M","M","M","R","B"],"character_chosen":"IRONCLAD","items_purchased":["Membership Card","Bandage Up","Bag of Preparation","Madness","HandOfGreed"],"campfire_rested":3,"item_purchase_floors":[14,14,14,22,22],"current_hp_per_floor":[74,74,73,73,73,73,59,59,59,52,52,48,48,48,72,62,80,74,71,45,45,45,69,59,61,61,61,52,57,34,21,46,0],"gold":171,"neow_bonus":"BOSS_RELIC","is_prod":false,"is_daily":false,"chose_seed":false,"campfire_upgraded":1,"win_rate":0.0,"timestamp":1561783968,"path_taken":["M","M","M","?","?","R","E","?","T","?","M","M","M","$","R","BOSS","M","M","M","?","?","R","M","M","T","?","M","M","M","M","R","BOSS"],"build_version":"2019-01-23","purchased_purges":0,"victory":false,"max_hp_per_floor":[80,80,80,80,80,80,80,80,80,80,80,80,80,80,80,80,80,80,80,80,80,80,80,81,82,82,82,83,84,85,86,86,86],"card_choices":[{"not_picked":[],"picked":"Sever Soul","floor":1},{"not_picked":[],"picked":"Perfected Strike","floor":2},{"not_picked":[],"picked":"Thunderclap","floor":3},{"not_picked":[],"picked":"Shrug It Off","floor":7},{"not_picked":[],"picked":"Anger","floor":8},{"not_picked":[],"picked":"Burning Pact","floor":11},{"not_picked":[],"picked":"Seeing Red","floor":12},{"not_picked":[],"picked":"Combust","floor":13},{"not_picked":[],"picked":"Immolate","floor":16},{"not_picked":[],"picked":"Infernal Blade","floor":18},{"not_picked":[],"picked":"Pummel+1","floor":19},{"not_picked":[],"picked":"Wild Strike","floor":20},{"not_picked":[],"picked":"Flex","floor":24},{"not_picked":[],"picked":"Infernal Blade","floor":25},{"not_picked":[],"picked":"Battle Trance","floor":28},{"not_picked":["Hemokinesis"],"picked":"SKIP","floor":29},{"not_picked":[],"picked":"Spot Weakness","floor":30},{"not_picked":[],"picked":"Shrug It Off","floor":31},{"not_picked":[],"picked":"Disarm+1","floor":32}],"player_experience":30893,"relics_obtained":[{"floor":4,"key":"Matryoshka"},{"floor":7,"key":"Thread and Needle"},{"floor":9,"key":"Juzu Bracelet"},{"floor":9,"key":"Potion Belt"},{"floor":26,"key":"Lantern"},{"floor":26,"key":"Dream Catcher"}],"event_choices":[{"damage_healed":0,"gold_gain":0,"player_choice":"1 cards matched","damage_taken":0,"max_hp_gain":0,"max_hp_loss":0,"event_name":"Match and Keep!","floor":5,"gold_loss":0,"cards_obtained":["Forethought"]},{"damage_healed":0,"gold_gain":0,"player_choice":"Success","damage_taken":7,"relics_obtained":["PreservedInsect"],"max_hp_gain":0,"max_hp_loss":0,"event_name":"Scrap Ooze","floor":10,"gold_loss":0},{"damage_healed":0,"gold_gain":0,"player_choice":"Trade","damage_taken":0,"relics_obtained":["FaceOfCleric"],"max_hp_gain":0,"max_hp_loss":0,"event_name":"FaceTrader","floor":21,"gold_loss":0},{"damage_healed":0,"gold_gain":0,"player_choice":"Got Potions","damage_taken":0,"max_hp_gain":0,"max_hp_loss":0,"event_name":"Lab","floor":27,"gold_loss":0}],"is_beta":false,"boss_relics":[{"not_picked":["Empty Cage","White Beast Statue"],"picked":"Velvet Choker"}],"items_purged_floors":[],"is_endless":false,"potions_floor_spawned":[1,2,3,12,13,18,24,25,30,31],"killed_by":"Automaton","ascension_level":0}