{"path_per_floor":["M","?","?","M","M","E","R","M","T","M","?","?","$","T","R","B",null,"M","M","$","?","M","R","E"],"character_chosen":"THE_SILENT","items_purchased":["Letter Opener","Envenom"],"gold_per_floor":[114,289,289,301,319,346,346,366,366,382,382,382,127,180,180,285,315,325,335,125,125,142,142,171,171],"floor_reached":25,"campfire_rested":3,"playtime":946,"current_hp_per_floor":[69,69,69,65,58,20,41,35,35,22,22,22,22,22,43,35,88,60,45,45,51,18,46,7,0],"items_purged":["Pain"],"gold":171,"score":246,"play_id":"8d5d271d-bd2c-49ce-a13c-be4753f83fbf","local_time":"20180323194812","is_prod":false,"is_daily":false,"is_ascension_mode":false,"campfire_upgraded":0,"timestamp":1521848892,"path_taken":["M","?","?","M","M","E","R","M","T","M","?","?","$","?","R","BOSS","M","M","$","?","?","R","E","M"],"build_version":"2018-03-22v2","purchased_purges":1,"victory":false,"master_deck":["Defend_G","Defend_G","Defend_G","Defend_G","Defend_G","Strike_G","Strike_G","Strike_G+1","Strike_G+1","Survivor","Neutralize","Cloak And Dagger","Blade Dance","Leg Sweep","Accuracy","Cloak And Dagger","PiercingWail","Storm of Steel","Decay","Regret","Envenom","Decay","Bane+1"],"max_hp_per_floor":[70,70,70,70,70,70,70,70,70,70,70,70,70,70,70,70,88,88,88,88,94,94,94,96,96],"relics":["Ring of the Snake","Darkstone Periapt","Whetstone","Dream Catcher","Letter Opener","Vajra","Calling Bell","Ornamental Fan","Centennial Puzzle","Tiny Chest","Singing Bowl"],"card_choices":[{"not_picked":["Deadly Poison","Acrobatics"],"picked":"Cloak And Dagger","floor":1},{"not_picked":["Caltrops","Slice"],"picked":"Blade Dance","floor":4},{"not_picked":["Noxious Fumes","Outmaneuver"],"picked":"Leg Sweep","floor":5},{"not_picked":["Poisoned Stab","Infinite Blades"],"picked":"Accuracy","floor":6},{"not_picked":["Bullet Time","Flying Knee"],"picked":"Cloak And Dagger","floor":10},{"not_picked":["Deflect","Leg Sweep"],"picked":"PiercingWail","floor":15},{"not_picked":["Night Terror","Glass Knife"],"picked":"Storm of Steel","floor":16},{"not_picked":["Slice","Eviscerate"],"picked":"Bane","floor":22}],"player_experience":257951,"potions_floor_usage":[16,24,24],"damage_taken":[{"damage":1,"enemies":"2 Louse","floor":1,"turns":4},{"damage":4,"enemies":"Small Slimes","floor":4,"turns":4},{"damage":7,"enemies":"Cultist","floor":5,"turns":4},{"damage":38,"enemies":"Gremlin Nob","floor":6,"turns":7},{"damage":6,"enemies":"Looter","floor":8,"turns":5},{"damage":13,"enemies":"Exordium Thugs","floor":10,"turns":5},{"damage":8,"enemies":"The Guardian","floor":16,"turns":19},{"damage":28,"enemies":"Chosen","floor":18,"turns":5},{"damage":15,"enemies":"Spheric Guardian","floor":19,"turns":4},{"damage":33,"enemies":"Snake Plant","floor":22,"turns":8},{"damage":56,"enemies":"Slavers","floor":24,"turns":9},{"damage":12,"enemies":"Centurion and Healer","floor":25,"turns":1}],"event_choices":[{"event_name":"Liars Game","player_choice":"agreed","floor":2,"damage_taken":0},{"event_name":"Fountain of Cleansing","player_choice":"Removed Curse","floor":3,"damage_taken":0},{"event_name":"Purifier","player_choice":"One Purge","floor":11,"damage_taken":0},{"event_name":"Wheel of Change","player_choice":"Relic","floor":12,"damage_taken":0},{"event_name":"Forgotten Altar","player_choice":"Smashed Altar","floor":21,"damage_taken":0}],"boss_relics":[{"not_picked":["Tiny House","Lizard Tail"],"picked":"Calling Bell"}],"potions_floor_spawned":[5,10,18,24],"seed_played":"7552934329539343915","killed_by":"Centurion and Healer","ascension_level":0,"is_trial":false}