{"gold_per_floor":[116,41,41,41,58,58,58,58,111,145,156,156,56,74,74,169,169,189,64,91,103,103,103,114,127,198,215,233,233,83,83],"floor_reached":31,"playtime":1182,"items_purged":["Strike_R","Strike_R","Strike_R","Strike_R"],"score":260,"play_id":"9808fd44-70d9-4832-8d72-823c28aec189","local_time":"20190914045033","is_ascension_mode":false,"campfire_choices":[{"data":"Rampage","floor":6,"key":"SMITH"},{"data":"Bash","floor":8,"key":"SMITH"},{"data":"Body Slam","floor":15,"key":"SMITH"},{"data":"Entrench","floor":23,"key":"SMITH"}],"neow_cost":"NONE","seed_source_timestamp":2420601919451400,"circlet_count":0,"master_deck":["Defend_R","Defend_R","Defend_R","Defend_R","Bash+1","Rampage+1","Flex","Body Slam+1","Feed","Entrench+1","Seeing Red"],"relics":["Coffee Dripper"],"potions_floor_usage":[18,24,25,28],"damage_taken":[{"damage":1,"enemies":"Jaw Worm","floor":1,"turns":3},{"damage":0,"enemies":"2 Louse","floor":5,"turns":2},{"damage":26,"enemies":"3 Sentries","floor":10,"turns":9},{"damage":0,"enemies":"Cultist","floor":11,"turns":2},{"damage":0,"enemies":"Large Slime","floor":14,"turns":4},{"damage":38,"enemies":"Slime Boss","floor":16,"turns":9},{"damage":17,"enemies":"Spheric Guardian","floor":18,"turns":4},{"damage":7,"enemies":"Shell Parasite","floor":21,"turns":7},{"damage":15,"enemies":"Chosen and Byrds","floor":24,"turns":8},{"damage":27,"enemies":"Cultist and Chosen","floor":25,"turns":6},{"damage":1,"enemies":"Snake Plant","floor":27,"turns":3},{"damage":24,"enemies":"3 Cultists","floor":28,"turns":7},{"damage":15,"enemies":"Centurion and Healer","floor":31,"turns":1}],"seed_played":"1287203306998302532","potions_obtained":[{"floor":11,"key":"FearPotion"},{"floor":16,"key":"SteroidPotion"},{"floor":24,"key":"SkillPotion"},{"floor":27,"key":"Fruit Juice"}],"is_trial":false,"path_per_floor":["M","$","?","?","M","R","?","R","T","E","M","?","$","M","R","B",null,"M","$","T","M","?","R","M","M","T","M","M","?","$","M"],"character_chosen":"IRONCLAD","items_purchased":[],"campfire_rested":0,"item_purchase_floors":[],"current_hp_per_floor":[79,79,79,79,79,79,79,79,79,53,53,53,53,53,53,15,80,66,66,66,62,62,62,50,26,26,28,12,12,12,0],"gold":83,"neow_bonus":"BOSS_RELIC","is_prod":false,"is_daily":false,"chose_seed":false,"campfire_upgraded":4,"win_rate":0,"timestamp":1568451033,"path_taken":["M","$","?","?","?","R","?","R","T","E","M","?","$","?","R","BOSS","M","$","?","M","?","R","M","?","T","M","M","?","?","M"],"build_version":"2019-07-17","purchased_purges":4,"victory":false,"max_hp_per_floor":[80,80,80,80,80,80,80,80,80,80,80,80,80,80,80,80,80,83,83,83,86,86,86,89,92,92,95,103,103,103,103],"card_choices":[{"not_picked":["Sword Boomerang","Shrug It Off","Battle Trance"],"picked":"SKIP","floor":1},{"not_picked":["Thunderclap","Intimidate"],"picked":"Rampage","floor":5},{"not_picked":["Headbutt","Twin Strike"],"picked":"Flex","floor":10},{"not_picked":["Fire Breathing","Evolve","Iron Wave"],"picked":"SKIP","floor":11},{"not_picked":["Rampage","Evolve"],"picked":"Body Slam","floor":14},{"not_picked":["Berserk","Dark Embrace"],"picked":"Feed","floor":16},{"not_picked":["Perfected Strike","Clash"],"picked":"Entrench","floor":18},{"not_picked":["Disarm","Shrug It Off","Armaments+1"],"picked":"SKIP","floor":21},{"not_picked":["Armaments","Twin Strike","Thunderclap"],"picked":"SKIP","floor":24},{"not_picked":["Havoc","Rupture","Clothesline"],"picked":"SKIP","floor":25},{"not_picked":["Havoc","Sword Boomerang","Iron Wave"],"picked":"SKIP","floor":27},{"not_picked":["Evolve+1","Demon Form"],"picked":"Seeing Red","floor":28}],"player_experience":439575,"relics_obtained":[],"event_choices":[{"damage_healed":0,"gold_gain":0,"player_choice":"Ignored","damage_taken":0,"max_hp_gain":0,"max_hp_loss":0,"event_name":"Shining Light","floor":3,"gold_loss":0},{"cards_removed":["Strike_R"],"damage_healed":0,"gold_gain":0,"player_choice":"Purged","damage_taken":0,"max_hp_gain":0,"max_hp_loss":0,"event_name":"Purifier","floor":4,"gold_loss":0},{"damage_healed":0,"gold_gain":0,"player_choice":"Ignored","damage_taken":0,"max_hp_gain":0,"max_hp_loss":0,"event_name":"Golden Idol","floor":7,"gold_loss":0},{"damage_healed":0,"gold_gain":0,"player_choice":"Ignored","damage_taken":0,"max_hp_gain":0,"max_hp_loss":0,"event_name":"Liars Game","floor":12,"gold_loss":0},{"damage_healed":0,"gold_gain":0,"player_choice":"Ignored","damage_taken":0,"max_hp_gain":0,"max_hp_loss":0,"event_name":"WeMeetAgain","floor":22,"gold_loss":0},{"damage_healed":0,"gold_gain":0,"player_choice":"Ignored","damage_taken":0,"max_hp_gain":0,"max_hp_loss":0,"event_name":"Vampires","floor":29,"gold_loss":0}],"is_beta":false,"boss_relics":[{"not_picked":["Snecko Eye","Runic Cube","Orrery"]}],"items_purged_floors":[2,13,19,30],"is_endless":false,"potions_floor_spawned":[11,16,24,27],"killed_by":"Centurion and Healer","ascension_level":0}