{"gold_per_floor":[116,134,187,112,112,141,141,156,156,175,18,28,42,42,42,142,142,161,161,261,276,191,191,216,216,216,226,226,242,242,242,242,342,342,353,353,353,353,371,371,371,383,383,383,435,435,235,235,235,235],"floor_reached":50,"playtime":1057,"items_purged":["Defend_R","Madness"],"score":531,"play_id":"448e7c62-82bf-46a3-b90d-9944950659b5","local_time":"20181018233801","is_ascension_mode":false,"campfire_choices":[{"data":"Whirlwind","floor":7,"key":"SMITH"},{"data":"Limit Break","floor":15,"key":"SMITH"},{"data":"Perfected Strike","floor":23,"key":"SMITH"},{"floor":25,"key":"REST"},{"floor":28,"key":"REST"},{"data":"Sword Boomerang","floor":32,"key":"SMITH"},{"data":"Madness","floor":40,"key":"SMITH"},{"data":"Perfected Strike","floor":44,"key":"SMITH"},{"data":"Bash","floor":46,"key":"SMITH"},{"floor":49,"key":"REST"}],"neow_cost":"NONE","seed_source_timestamp":979808301519003,"circlet_count":0,"master_deck":["Strike_R+1","Strike_R+1","Strike_R+1","Strike_R+1","Strike_R+1","Defend_R+1","Bash+1","Perfected Strike+1","Anger","Whirlwind+1","Demon Form+1","Limit Break+1","Body Slam+1","Sword Boomerang+1","Perfected Strike+1","Madness+1","Thunderclap+1","Heavy Blade"],"relics":["Burning Blood","NeowsBlessing","Bag of Marbles","Vajra","Kunai","Velvet Choker","Turnip","Letter Opener","Art of War","Gremlin Horn","Pear","Busted Crown","Meat on the Bone","WingedGreaves","Bird Faced Urn","Magic Flower"],"potions_floor_usage":[21,45,48,50,50],"damage_taken":[{"damage":0,"enemies":"Cultist","floor":1,"turns":1},{"damage":0,"enemies":"Jaw Worm","floor":2,"turns":1},{"damage":0,"enemies":"Lagavulin","floor":6,"turns":1},{"damage":0,"enemies":"2 Louse","floor":8,"turns":1},{"damage":18,"enemies":"Exordium Wildlife","floor":10,"turns":3},{"damage":2,"enemies":"3 Louse","floor":12,"turns":2},{"damage":13,"enemies":"Red Slaver","floor":13,"turns":2},{"damage":21,"enemies":"The Guardian","floor":16,"turns":8},{"damage":5,"enemies":"3 Byrds","floor":18,"turns":4},{"damage":12,"enemies":"Colosseum Slavers","floor":20,"turns":2},{"damage":20,"enemies":"Colosseum Nobs","floor":20,"turns":4},{"damage":12,"enemies":"Spheric Guardian","floor":21,"turns":4},{"damage":41,"enemies":"Book of Stabbing","floor":24,"turns":4},{"damage":24,"enemies":"Snake Plant","floor":27,"turns":4},{"damage":6,"enemies":"Centurion and Healer","floor":29,"turns":4},{"damage":55,"enemies":"Collector","floor":33,"turns":8},{"damage":2,"enemies":"Orb Walker","floor":35,"turns":2},{"damage":24,"enemies":"3 Shapes","floor":39,"turns":3},{"damage":26,"enemies":"Spire Growth","floor":42,"turns":3},{"damage":25,"enemies":"2 Orb Walkers","floor":45,"turns":2},{"damage":30,"enemies":"Mind Bloom Boss Battle","floor":48,"turns":4},{"damage":81,"enemies":"Time Eater","floor":50,"turns":7}],"seed_played":"6975597243666065660","potions_obtained":[{"floor":13,"key":"EssenceOfSteel"},{"floor":16,"key":"FearPotion"},{"floor":21,"key":"GamblersBrew"},{"floor":29,"key":"Swift Potion"},{"floor":33,"key":"AttackPotion"},{"floor":45,"key":"SpeedPotion"}],"is_trial":false,"path_per_floor":["M","M","T","$","$","E","R","M","T","M","$","M","M","?","R","B",null,"M","$","?","M","?","R","E","R","T","M","R","M","?","?","R","B",null,"M","?","?","?","M","R","T","M","T","R","?","R","$","?","R"],"character_chosen":"IRONCLAD","items_purchased":["Limit Break","Heavy Blade","AttackPotion"],"campfire_rested":3,"item_purchase_floors":[11,47,47],"current_hp_per_floor":[80,80,80,80,80,80,80,80,80,68,68,72,65,65,65,50,80,80,80,60,54,54,54,19,43,53,35,62,62,62,62,62,13,90,90,90,79,79,61,61,61,53,53,53,46,46,46,36,63,0],"gold":235,"neow_bonus":"THREE_ENEMY_KILL","is_prod":false,"is_daily":false,"chose_seed":false,"campfire_upgraded":7,"win_rate":0,"timestamp":1539920281,"path_taken":["M","M","?","?","$","E","R","M","T","M","$","M","M","?","R","BOSS","M","$","?","M","?","R","E","R","T","M","R","?","?","?","R","BOSS","M","?","?","?","M","R","?","M","T","R","?","R","?","?","R","BOSS"],"build_version":"2018-10-18","purchased_purges":2,"victory":false,"max_hp_per_floor":[80,80,80,80,80,80,80,80,80,80,80,80,80,80,80,80,80,80,80,80,80,80,80,80,80,90,90,90,90,90,90,90,90,90,90,90,90,90,90,90,90,90,90,90,90,90,90,90,90,90],"card_choices":[{"not_picked":["Warcry","Cleave"],"picked":"Perfected Strike","floor":1},{"not_picked":["Anger","Seeing Red","Flex"],"picked":"SKIP","floor":2},{"not_picked":["Seeing Red","Flex"],"picked":"Anger","floor":2},{"not_picked":["Clothesline","Heavy Blade"],"picked":"Whirlwind","floor":6},{"not_picked":["Second Wind","Armaments","Thunderclap"],"picked":"SKIP","floor":8},{"not_picked":["Entrench","Searing Blow"],"picked":"Demon Form","floor":10},{"not_picked":["Iron Wave","Pommel Strike","Clash"],"picked":"SKIP","floor":12},{"not_picked":["Reckless Charge","Perfected Strike","Hemokinesis"],"picked":"SKIP","floor":13},{"not_picked":["Rupture","Spot Weakness","Reckless Charge"],"picked":"SKIP","floor":18},{"not_picked":["Headbutt","Second Wind+1","Shockwave"],"picked":"SKIP","floor":21},{"not_picked":["Shockwave","Perfected Strike+1","Cleave"],"picked":"SKIP","floor":24},{"not_picked":["Headbutt","Body Slam+1","Whirlwind+1"],"picked":"SKIP","floor":27},{"not_picked":["Headbutt","Whirlwind+1"],"picked":"Body Slam+1","floor":27},{"not_picked":["Bludgeon","Headbutt"],"picked":"Sword Boomerang","floor":29},{"not_picked":["Warcry"],"picked":"SKIP","floor":35},{"not_picked":["True Grit"],"picked":"SKIP","floor":39},{"not_picked":["Body Slam"],"picked":"SKIP","floor":42},{"not_picked":[],"picked":"Thunderclap+1","floor":45}],"player_experience":938154,"relics_obtained":[{"floor":3,"key":"Bag of Marbles"},{"floor":6,"key":"Vajra"},{"floor":9,"key":"Kunai"},{"floor":20,"key":"Turnip"},{"floor":20,"key":"Letter Opener"},{"floor":24,"key":"Gremlin Horn"},{"floor":26,"key":"Pear"},{"floor":41,"key":"Meat on the Bone"},{"floor":43,"key":"WingedGreaves"},{"floor":45,"key":"Bird Faced Urn"},{"floor":48,"key":"Magic Flower"}],"event_choices":[{"damage_healed":0,"gold_gain":0,"player_choice":"Leave","damage_taken":0,"max_hp_gain":0,"max_hp_loss":0,"event_name":"The Cleric","floor":14,"gold_loss":0},{"damage_healed":0,"gold_gain":0,"player_choice":"Fight","damage_taken":0,"max_hp_gain":0,"max_hp_loss":0,"event_name":"Colosseum","floor":20,"gold_loss":0},{"damage_healed":0,"gold_gain":0,"player_choice":"Fought Nobs","damage_taken":0,"max_hp_gain":0,"max_hp_loss":0,"event_name":"Colosseum","floor":20,"gold_loss":0},{"damage_healed":0,"gold_gain":0,"player_choice":"Obtained Relic","damage_taken":0,"relics_obtained":["Art of War"],"max_hp_gain":0,"max_hp_loss":0,"event_name":"Addict","floor":22,"gold_loss":85},{"damage_healed":0,"gold_gain":0,"player_choice":"Upgraded","damage_taken":0,"max_hp_gain":0,"max_hp_loss":0,"event_name":"Upgrade Shrine","floor":30,"gold_loss":0,"cards_upgraded":["Demon Form"]},{"damage_healed":0,"gold_gain":0,"player_choice":"Simplicity","damage_taken":0,"max_hp_gain":0,"max_hp_loss":0,"event_name":"Back to Basics","floor":31,"gold_loss":0,"cards_upgraded":["Strike_R","Strike_R","Strike_R","Strike_R","Strike_R","Defend_R","Defend_R","Defend_R"]},{"damage_healed":0,"gold_gain":0,"cards_transformed":["Defend_R"],"player_choice":"Transformed","damage_taken":0,"max_hp_gain":0,"max_hp_loss":0,"event_name":"Transmorgrifier","floor":36,"gold_loss":0,"cards_obtained":["Perfected Strike"]},{"damage_healed":0,"gold_gain":0,"player_choice":"Embrace Madness","damage_taken":11,"max_hp_gain":0,"max_hp_loss":0,"event_name":"Winding Halls","floor":37,"gold_loss":0,"cards_obtained":["Madness","Madness"]},{"cards_removed":["Defend_R"],"damage_healed":0,"gold_gain":0,"player_choice":"Removed Skill","damage_taken":0,"max_hp_gain":0,"max_hp_loss":0,"event_name":"Falling","floor":38,"gold_loss":0},{"damage_healed":0,"gold_gain":0,"player_choice":"Fight","damage_taken":0,"max_hp_gain":0,"max_hp_loss":0,"event_name":"Mysterious Sphere","floor":45,"gold_loss":0},{"damage_healed":0,"gold_gain":0,"player_choice":"Fight","damage_taken":0,"max_hp_gain":0,"max_hp_loss":0,"event_name":"MindBloom","floor":48,"gold_loss":0}],"is_beta":true,"boss_relics":[{"not_picked":["Eternal Feather","White Beast Statue"],"picked":"Velvet Choker"},{"not_picked":["Calling Bell","Sozu"],"picked":"Busted Crown"}],"items_purged_floors":[4,47],"is_endless":false,"potions_floor_spawned":[13,16,20,21,29,33,39,45],"killed_by":"Time Eater","ascension_level":0}