{"gold_per_floor":[117,27,37,37,37,37,37,50,74,74,74,103,118,136,136,238,238,254,47,47,58,78,78,106,106,132,147,147,72,87,87,87,192,192,208,226,226,240,240,240,259,278,304,304,355,390,390,410,671,671],"floor_reached":51,"playtime":1572,"items_purged":["Defend_G"],"score":872,"play_id":"c74bdcff-f1aa-4645-ae3a-ebdf0efb6d74","local_time":"20190320010204","is_ascension_mode":false,"campfire_choices":[{"data":"Cloak And Dagger","floor":6,"key":"SMITH"},{"data":"Blind","floor":10,"key":"SMITH"},{"data":"Blade Dance","floor":15,"key":"SMITH"},{"data":"Catalyst","floor":23,"key":"SMITH"},{"data":"Infinite Blades","floor":25,"key":"SMITH"},{"data":"Skewer","floor":28,"key":"SMITH"},{"data":"Survivor","floor":32,"key":"SMITH"},{"data":"Storm of Steel","floor":40,"key":"SMITH"},{"floor":44,"key":"REST"},{"data":"Strike_G","floor":49,"key":"PURGE"}],"neow_cost":"NONE","seed_source_timestamp":2452258920957656,"circlet_count":0,"master_deck":["Defend_G+1","Defend_G+1","Defend_G+1","Strike_G","Strike_G","Survivor+1","Neutralize+1","Skewer+1","Blind+1","Cloak And Dagger+1","Blade Dance+1","Infinite Blades+1","After Image+1","Backstab+1","Catalyst+1","Storm of Steel+1","strawberrySpire:Insectonator+1","Slice+1","After Image+1"],"relics":["Replay:Drink Me","Garlic","aspiration:HangmansNoose","RetroEgg","hubris:RunicObelisk","ToxicTincture","War Paint","aspiration:Lifesprig","conspire:RunicOctahedron","Anchor","Peace Pipe","Bag of Preparation","Dodecahedron"],"potions_floor_usage":[],"damage_taken":[{"damage":0,"enemies":"Jaw Worm","floor":1,"turns":5},{"damage":0,"enemies":"Small Slimes","floor":3,"turns":3},{"damage":0,"enemies":"2 Louse","floor":8,"turns":2},{"damage":2,"enemies":"Lagavulin","floor":12,"turns":7},{"damage":0,"enemies":"Red Slaver","floor":13,"turns":3},{"damage":0,"enemies":"Looter","floor":14,"turns":4},{"damage":47,"enemies":"Fading Forest","floor":16,"turns":11},{"damage":0,"enemies":"Spheric Guardian","floor":18,"turns":4},{"damage":0,"enemies":"Chosen","floor":21,"turns":3},{"damage":0,"enemies":"Centurion and Healer","floor":22,"turns":6},{"damage":0,"enemies":"Book of Stabbing","floor":24,"turns":4},{"damage":0,"enemies":"Snake Plant","floor":27,"turns":3},{"damage":2,"enemies":"Shelled Parasite and Fungi","floor":30,"turns":4},{"damage":0,"enemies":"conspire:MysteriousRune","floor":33,"turns":6},{"damage":15,"enemies":"3 Darklings","floor":35,"turns":4},{"damage":1,"enemies":"Orb Walker","floor":36,"turns":2},{"damage":7,"enemies":"Jaw Worm Horde","floor":38,"turns":3},{"damage":3,"enemies":"4 Shapes","floor":41,"turns":5},{"damage":1,"enemies":"Spire Growth","floor":42,"turns":3},{"damage":0,"enemies":"2 Orb Walkers","floor":45,"turns":3},{"damage":0,"enemies":"Giant Head","floor":46,"turns":7},{"damage":0,"enemies":"Jaw Worm Horde","floor":48,"turns":4},{"damage":0,"enemies":"Donu and Deca","floor":50,"turns":7}],"seed_played":"5524346368588642423","potions_obtained":[{"floor":13,"key":"Toxic Potion"},{"floor":14,"key":"Energy Potion"},{"floor":16,"key":"SkillPotion"},{"floor":33,"key":"GhostInAJar"},{"floor":38,"key":"Strength Potion"}],"is_trial":false,"path_per_floor":["M","$","M","?","?","R","?","M","T","R","?","E","M","M","R","B",null,"M","$","?","M","M","R","E","R","T","M","R","$","M","?","R","B",null,"M","M","?","M","?","R","M","M","T","R","?","E","?","M","R","B",null],"character_chosen":"THE_SILENT","items_purchased":["Blind","ToxicTincture"],"campfire_rested":1,"item_purchase_floors":[2,19],"current_hp_per_floor":[53,53,53,46,46,46,46,46,46,46,46,44,44,44,44,18,53,53,53,53,53,53,53,53,53,53,53,53,53,53,45,45,51,58,48,49,49,44,44,44,44,46,46,58,58,58,51,55,55,58],"gold":671,"neow_bonus":"BOSS_RELIC","is_prod":false,"is_daily":false,"chose_seed":false,"campfire_upgraded":8,"win_rate":0,"timestamp":1553058124,"path_taken":["M","$","M","?","?","R","?","?","T","R","?","E","M","M","R","BOSS","M","$","?","M","?","R","E","R","T","M","R","$","M","?","R","BOSS","M","M","?","M","?","R","M","M","T","R","?","E","?","?","R","BOSS"],"build_version":"2019-01-23","purchased_purges":1,"victory":true,"max_hp_per_floor":[53,53,53,53,53,53,53,53,53,53,53,53,53,53,53,53,53,53,53,53,53,53,53,53,53,53,53,53,53,53,58,58,58,58,58,58,58,58,58,58,58,58,58,58,58,58,58,58,58,58],"card_choices":[{"not_picked":["Crippling Poison","strawberrySpire:Rummage"],"picked":"Skewer","floor":1},{"not_picked":["strawberrySpire:Slide","Reflex"],"picked":"Cloak And Dagger","floor":3},{"not_picked":["Choke","hubris:SlightOfHand","Flechettes"],"picked":"SKIP","floor":8},{"not_picked":["Caltrops","Doppelganger"],"picked":"Blade Dance","floor":12},{"not_picked":["Cloak And Dagger","Finisher"],"picked":"Infinite Blades","floor":13},{"not_picked":["Dagger Throw","Poisoned Stab","Tactician"],"picked":"SKIP","floor":14},{"not_picked":["Night Terror","Poison Darts"],"picked":"After Image","floor":16},{"not_picked":["Sucker Punch","Flechettes"],"picked":"Backstab","floor":18},{"not_picked":["conspire:DoublingDagger","strawberrySpire:DeltaFlow","Finisher"],"picked":"SKIP","floor":21},{"not_picked":["Eviscerate","Crippling Poison"],"picked":"Catalyst","floor":22},{"not_picked":["Poisoned Stab","Riddle With Holes+1","strawberrySpire:HopSkipAndJump"],"picked":"SKIP","floor":24},{"not_picked":["Backflip","Bouncing Flask","hubris:SlightOfHand"],"picked":"SKIP","floor":27},{"not_picked":["Eviscerate","Acrobatics+1","infinitespire:Neurotoxin"],"picked":"SKIP","floor":30},{"not_picked":["Die Die Die","Tools of the Trade"],"picked":"Storm of Steel","floor":33},{"not_picked":["Leg Sweep+1","Backstab+1"],"picked":"strawberrySpire:Insectonator+1","floor":35},{"not_picked":["Setup","Underhanded Strike+1","strawberrySpire:Rummage"],"picked":"SKIP","floor":36},{"not_picked":["strawberrySpire:Slide","Bane","Eviscerate"],"picked":"SKIP","floor":38},{"not_picked":["Noxious Fumes","Flechettes+1","strawberrySpire:Slide"],"picked":"SKIP","floor":41},{"not_picked":["strawberrySpire:SideSwipe","Acrobatics","hubris:SlightOfHand"],"picked":"SKIP","floor":42},{"not_picked":["hubris:SlightOfHand+1","Deadly Poison+1"],"picked":"Slice","floor":45},{"not_picked":["Blade Dance","ReplayTheSpireMod:Necrosis","Cloak And Dagger"],"picked":"SKIP","floor":46},{"not_picked":["Dodge and Roll","strawberrySpire:Pant+1","Dash+1"],"picked":"SKIP","floor":48}],"player_experience":736561,"relics_obtained":[{"floor":9,"key":"aspiration:HangmansNoose"},{"floor":12,"key":"RetroEgg"},{"floor":24,"key":"War Paint"},{"floor":26,"key":"aspiration:Lifesprig"},{"floor":43,"key":"Anchor"},{"floor":45,"key":"Peace Pipe"},{"floor":46,"key":"Bag of Preparation"}],"event_choices":[{"damage_healed":0,"gold_gain":0,"player_choice":"Success","damage_taken":7,"relics_obtained":["Garlic"],"max_hp_gain":0,"max_hp_loss":0,"event_name":"Scrap Ooze","floor":4,"gold_loss":0},{"damage_healed":0,"gold_gain":0,"player_choice":"Upgraded","damage_taken":0,"max_hp_gain":0,"max_hp_loss":0,"event_name":"Upgrade Shrine","floor":7,"gold_loss":0,"cards_upgraded":["Neutralize"]},{"damage_healed":0,"gold_gain":0,"player_choice":"Upgraded","damage_taken":0,"max_hp_gain":0,"max_hp_loss":0,"event_name":"Upgrade Shrine","floor":20,"gold_loss":0,"cards_upgraded":["After Image"]},{"damage_healed":0,"gold_gain":0,"player_choice":"Shed Blood","damage_taken":13,"max_hp_gain":5,"max_hp_loss":0,"event_name":"Forgotten Altar","floor":31,"gold_loss":0},{"damage_healed":0,"gold_gain":0,"player_choice":"Ignored","damage_taken":0,"max_hp_gain":0,"max_hp_loss":0,"event_name":"Tomb of Lord Red Mask","floor":39,"gold_loss":0},{"damage_healed":0,"gold_gain":0,"player_choice":"Fight","damage_taken":0,"max_hp_gain":0,"max_hp_loss":0,"event_name":"Mysterious Sphere","floor":45,"gold_loss":0}],"is_beta":false,"boss_relics":[{"not_picked":["Astrolabe","Pandora\u0027s Box"],"picked":"hubris:RunicObelisk"},{"not_picked":["hubris:TerracottaHorce","Snecko Eye"],"picked":"conspire:RunicOctahedron"}],"items_purged_floors":[29],"is_endless":false,"potions_floor_spawned":[13,14,16,24,27,30,33,35,38,46,48],"ascension_level":0}