{"path_per_floor":["M","$","M","M","M","R","$","R","T","R","?","M","R","M","R","B",null,"M","M","$"],"character_chosen":"IRONCLAD","items_purchased":["Oddly Smooth Stone"],"gold_per_floor":[118,43,58,76,96,96,96,96,96,96,96,110,110,123,123,225,225,237,256,7,7],"floor_reached":21,"campfire_rested":1,"playtime":444,"current_hp_per_floor":[75,75,69,70,68,68,68,68,68,68,61,55,55,49,73,25,66,20,10,10,0],"items_purged":["Strike_R","Strike_R"],"gold":7,"score":214,"play_id":"41af7fcd-ab13-4fdd-87a1-0179014c010d","local_time":"20180323213050","is_prod":false,"is_daily":false,"is_ascension_mode":true,"campfire_upgraded":4,"timestamp":1521855050,"path_taken":["M","$","M","M","M","R","$","R","T","R","?","M","R","M","R","BOSS","M","M","$","M"],"build_version":"2018-03-22v2","purchased_purges":2,"victory":false,"master_deck":["Strike_R","Strike_R","Strike_R","Defend_R","Defend_R","Defend_R","Defend_R","Bash+1","Carnage+1","Warcry+1","Metallicize+1","Limit Break","Sword Boomerang","Metallicize","Reaper","Heavy Blade"],"max_hp_per_floor":[80,80,80,80,80,80,80,80,80,80,80,80,80,80,80,80,80,80,80,80,80],"relics":["Burning Blood","Blood Vial","Unceasing Top","Black Star","Oddly Smooth Stone"],"card_choices":[{"not_picked":["Combust","Clash"],"picked":"Carnage","floor":1},{"not_picked":["Carnage","Twin Strike"],"picked":"Warcry","floor":3},{"not_picked":["Ghostly Armor","Sword Boomerang"],"picked":"Metallicize","floor":4},{"not_picked":["Rage","Sever Soul"],"picked":"Limit Break","floor":5},{"not_picked":["Dropkick","Burning Pact"],"picked":"Sword Boomerang","floor":12},{"not_picked":["Twin Strike","Second Wind"],"picked":"Metallicize","floor":14},{"not_picked":["Fiend Fire","Bludgeon"],"picked":"Reaper","floor":16},{"not_picked":["Entrench","True Grit"],"picked":"Heavy Blade","floor":18}],"player_experience":260713,"potions_floor_usage":[19,19],"damage_taken":[{"damage":11,"enemies":"Cultist","floor":1,"turns":4},{"damage":12,"enemies":"Jaw Worm","floor":3,"turns":3},{"damage":5,"enemies":"Small Slimes","floor":4,"turns":3},{"damage":8,"enemies":"2 Fungi Beasts","floor":5,"turns":4},{"damage":14,"enemies":"Looter","floor":12,"turns":3},{"damage":14,"enemies":"Red Slaver","floor":14,"turns":2},{"damage":56,"enemies":"Hexaghost","floor":16,"turns":9},{"damage":62,"enemies":"2 Thieves","floor":18,"turns":5},{"damage":22,"enemies":"Chosen","floor":19,"turns":5},{"damage":26,"enemies":"Centurion and Healer","floor":21,"turns":2}],"event_choices":[{"event_name":"Scrap Ooze","player_choice":"success","floor":11,"damage_taken":7}],"boss_relics":[{"not_picked":["Runic Cube","Runic Dome"],"picked":"Black Star"}],"potions_floor_spawned":[1,5,19],"seed_played":"-917802707278588803","killed_by":"Centurion and Healer","ascension_level":5,"is_trial":false}