{"gold_per_floor":[114,124,42,53,53,88,88,88,114,99,99,117,142,161,161,266,316,328,17,17,17,32,32,48,48,48,48,64,64,92,107,107,209,209,226,246,98,98,113,145,145,91,91,91],"floor_reached":44,"playtime":4365,"items_purged":["Strike_B"],"score":483,"play_id":"9b91b993-ed5b-458a-93e5-6e4d54900a58","local_time":"20190909005806","is_ascension_mode":false,"campfire_choices":[{"data":"Chaos","floor":7,"key":"SMITH"},{"data":"Darkness","floor":11,"key":"SMITH"},{"floor":15,"key":"REST"},{"data":"Redo","floor":23,"key":"SMITH"},{"floor":25,"key":"REST"},{"data":"Dualcast","floor":27,"key":"SMITH"},{"data":"Self Repair","floor":29,"key":"SMITH"},{"floor":32,"key":"REST"},{"floor":41,"key":"REST"}],"neow_cost":"NONE","seed_source_timestamp":10150275736700,"circlet_count":0,"master_deck":["Strike_B","Strike_B","Strike_B","Defend_B","Defend_B","Defend_B+1","Zap","Dualcast+1","Sweeping Beam","Darkness+1","Conserve Battery","Hello World","Redo+1","Chaos+1","Defend_G","Blizzard","Leap","Streamline","Electrodynamics","Self Repair+1","Panache","Dark Shackles","Cold Snap","Conserve Battery+1","Conserve Battery+1","Gash+1","Thunder Strike","Gash+1","All For One","Loop","Capacitor+1","Self Repair","Gash+1","Chill+1","Go for the Eyes"],"relics":["Cracked Core","Regal Pillow","Centennial Puzzle","Bronze Scales","Tiny House","Bottled Flame","Boot","Nuclear Battery","Bottled Lightning","Letter Opener"],"potions_floor_usage":[40,40,40],"damage_taken":[{"damage":1,"enemies":"Cultist","floor":1,"turns":3},{"damage":0,"enemies":"2 Louse","floor":2,"turns":2},{"damage":3,"enemies":"Small Slimes","floor":4,"turns":4},{"damage":13,"enemies":"Gremlin Nob","floor":6,"turns":3},{"damage":17,"enemies":"Exordium Thugs","floor":10,"turns":4},{"damage":9,"enemies":"Blue Slaver","floor":12,"turns":3},{"damage":0,"enemies":"Large Slime","floor":14,"turns":3},{"damage":29,"enemies":"Slime Boss","floor":16,"turns":7},{"damage":23,"enemies":"Spheric Guardian","floor":18,"turns":4},{"damage":19,"enemies":"Shell Parasite","floor":22,"turns":3},{"damage":33,"enemies":"3 Cultists","floor":24,"turns":5},{"damage":19,"enemies":"Centurion and Healer","floor":28,"turns":8},{"damage":16,"enemies":"Gremlin Leader","floor":30,"turns":8},{"damage":13,"enemies":"Snake Plant","floor":31,"turns":5},{"damage":73,"enemies":"Collector","floor":33,"turns":11},{"damage":9,"enemies":"3 Shapes","floor":35,"turns":5},{"damage":10,"enemies":"Orb Walker","floor":36,"turns":3},{"damage":41,"enemies":"Maw","floor":39,"turns":7},{"damage":58,"enemies":"Nemesis","floor":40,"turns":7},{"damage":68,"enemies":"2 Orb Walkers","floor":44,"turns":4}],"seed_played":"5542679308942114454","potions_obtained":[{"floor":4,"key":"Ancient Potion"},{"floor":6,"key":"PowerPotion"},{"floor":12,"key":"Weak Potion"},{"floor":18,"key":"Swift Potion"},{"floor":31,"key":"Regen Potion"}],"is_trial":false,"path_per_floor":["M","M","$","M","?","E","R","?","T","M","R","M","T","M","R","B",null,"M","$","?","$","M","R","M","R","T","R","M","R","E","M","R","B",null,"M","M","$","?","M","E","R","$","T","?"],"character_chosen":"DEFECT","items_purchased":["Conserve Battery","Hello World","Panache","Dark Shackles","Cold Snap","Self Repair","Go for the Eyes"],"campfire_rested":4,"item_purchase_floors":[3,3,19,19,19,37,42],"current_hp_per_floor":[81,81,81,78,78,65,65,65,65,48,48,39,39,39,78,49,87,64,64,64,64,52,52,26,67,67,67,55,55,49,46,87,24,87,78,78,78,78,54,22,63,63,63,0],"gold":91,"neow_bonus":"TEN_PERCENT_HP_BONUS","is_prod":false,"is_daily":false,"chose_seed":false,"campfire_upgraded":5,"win_rate":0.0,"timestamp":1567983486,"path_taken":["M","M","$","?","?","E","R","?","T","M","R","?","?","M","R","BOSS","M","$","?","$","M","R","M","R","T","R","M","R","E","M","R","BOSS","M","M","$","?","M","E","R","$","T","?"],"build_version":"2019-07-17","purchased_purges":1,"victory":false,"max_hp_per_floor":[82,82,82,82,82,82,82,82,82,82,82,82,82,82,82,82,87,87,87,87,87,87,87,87,87,87,87,87,87,87,87,87,87,87,87,87,87,87,87,87,87,87,87,87],"card_choices":[{"not_picked":["Cold Snap","Gash"],"picked":"Sweeping Beam","floor":1},{"not_picked":["Steam","Scrape"],"picked":"Darkness","floor":2},{"not_picked":["Reprogram","Sweeping Beam"],"picked":"Redo","floor":4},{"not_picked":["Hologram","Barrage"],"picked":"Chaos","floor":6},{"not_picked":["Auto Shields","Steam"],"picked":"Blizzard","floor":10},{"not_picked":["Hello World","Stack"],"picked":"Leap","floor":12},{"not_picked":["Stack","Coolheaded"],"picked":"Streamline","floor":14},{"not_picked":["Buffer","Creative AI"],"picked":"Electrodynamics","floor":16},{"not_picked":["Go for the Eyes","Coolheaded"],"picked":"Ball Lightning","floor":17},{"not_picked":["Fusion","Coolheaded"],"picked":"Self Repair","floor":18},{"not_picked":["Beam Cell","Fusion"],"picked":"Conserve Battery+1","floor":22},{"not_picked":["Stack","Consume"],"picked":"Conserve Battery+1","floor":24},{"not_picked":["Steam","Skim"],"picked":"Gash+1","floor":28},{"not_picked":["Streamline+1","Gash"],"picked":"Thunder Strike","floor":30},{"not_picked":["Ball Lightning","Scrape"],"picked":"Gash+1","floor":31},{"not_picked":["Seek","Amplify"],"picked":"All For One","floor":33},{"not_picked":["Ball Lightning","Barrage"],"picked":"Loop","floor":35},{"not_picked":["Hologram+1","Beam Cell+1"],"picked":"Capacitor+1","floor":36},{"not_picked":["Leap","Conserve Battery+1"],"picked":"Gash+1","floor":39},{"not_picked":["Barrage","Beam Cell+1"],"picked":"Chill+1","floor":40}],"player_experience":14950,"relics_obtained":[{"floor":6,"key":"Regal Pillow"},{"floor":9,"key":"Centennial Puzzle"},{"floor":13,"key":"Bronze Scales"},{"floor":26,"key":"Bottled Flame"},{"floor":30,"key":"Boot"},{"floor":40,"key":"Bottled Lightning"},{"floor":43,"key":"Letter Opener"}],"event_choices":[{"damage_healed":0,"gold_gain":0,"player_choice":"Ignored","damage_taken":0,"max_hp_gain":0,"max_hp_loss":0,"event_name":"Liars Game","floor":5,"gold_loss":0},{"cards_removed":["Defend_B"],"damage_healed":0,"gold_gain":0,"player_choice":"Took Card","damage_taken":0,"max_hp_gain":0,"max_hp_loss":0,"event_name":"NoteForYourself","floor":8,"gold_loss":0,"cards_obtained":["Defend_G"]},{"damage_healed":0,"gold_gain":0,"player_choice":"Ignored","damage_taken":0,"max_hp_gain":0,"max_hp_loss":0,"event_name":"Ghosts","floor":20,"gold_loss":0},{"cards_removed":["Ball Lightning"],"damage_healed":0,"gold_gain":0,"player_choice":"Removed Attack","damage_taken":0,"max_hp_gain":0,"max_hp_loss":0,"event_name":"Falling","floor":38,"gold_loss":0},{"damage_healed":0,"gold_gain":0,"player_choice":"Fight","damage_taken":0,"max_hp_gain":0,"max_hp_loss":0,"event_name":"Mysterious Sphere","floor":44,"gold_loss":0}],"is_beta":false,"boss_relics":[{"not_picked":["Runic Dome","FrozenCore"],"picked":"Tiny House"},{"not_picked":["Calling Bell","Snecko Eye"],"picked":"Nuclear Battery"}],"items_purged_floors":[37],"is_endless":false,"potions_floor_spawned":[4,6,12,14,18,22,30,31],"killed_by":"2 Orb Walkers","ascension_level":0}