{"path_per_floor":["M","M","M","?","M","R","M","M","T","?","M","M","$","M","R"],"character_chosen":"DEFECT","items_purchased":[],"gold_per_floor":[113,131,143,143,157,157,176,193,493,493,504,516,441,453,453,453],"floor_reached":16,"campfire_rested":1,"playtime":418,"current_hp_per_floor":[75,74,74,74,58,58,47,47,47,47,41,41,41,16,38,0],"items_purged":["Strike_B"],"gold":453,"score":98,"play_id":"45dc8deb-05be-4b5e-b06a-d8a383102825","local_time":"20180506221655","is_prod":false,"is_daily":false,"chose_seed":false,"is_ascension_mode":false,"campfire_upgraded":1,"timestamp":1525659415,"path_taken":["M","M","M","?","?","R","M","M","T","?","M","M","$","M","R","BOSS"],"build_version":"2018-05-03","seed_source_timestamp":435519731256031,"purchased_purges":1,"victory":false,"master_deck":["Strike_B","Strike_B","Defend_B","Defend_B","Defend_B","Defend_B","Zap+1","Dualcast+1","Go for the Eyes","All For One","Scrape","FTL","Go for the Eyes","Axe Kick","Defragment","Axe Kick","Turbo"],"max_hp_per_floor":[75,75,75,75,75,75,75,75,75,75,75,75,75,75,75,75],"relics":["Cracked Core","Old Coin"],"card_choices":[{"not_picked":["Rebound","Barrage"],"picked":"Go for the Eyes","floor":1},{"not_picked":["Barrage","Beam Cell"],"picked":"All For One","floor":2},{"not_picked":["White Noise","Impulse"],"picked":"Scrape","floor":3},{"not_picked":["Loop","Sweeping Beam"],"picked":"FTL","floor":5},{"not_picked":["Stack","Blizzard"],"picked":"Go for the Eyes","floor":7},{"not_picked":["Leap","Recycle"],"picked":"Axe Kick","floor":8},{"not_picked":["Glacier","Sweeping Beam"],"picked":"Defragment","floor":11},{"not_picked":["Sweeping Beam","Darkness"],"picked":"Axe Kick","floor":12},{"not_picked":["Buffer","Conserve Battery"],"picked":"Turbo","floor":14}],"player_experience":427378,"potions_floor_usage":[16],"damage_taken":[{"damage":0,"enemies":"Small Slimes","floor":1,"turns":2},{"damage":1,"enemies":"Jaw Worm","floor":2,"turns":2},{"damage":0,"enemies":"Cultist","floor":3,"turns":2},{"damage":16,"enemies":"Gremlin Gang","floor":5,"turns":4},{"damage":11,"enemies":"Blue Slaver","floor":7,"turns":3},{"damage":0,"enemies":"Large Slime","floor":8,"turns":3},{"damage":6,"enemies":"Exordium Wildlife","floor":11,"turns":2},{"damage":0,"enemies":"2 Fungi Beasts","floor":12,"turns":2},{"damage":25,"enemies":"Gremlin Gang","floor":14,"turns":4},{"damage":39,"enemies":"Hexaghost","floor":16,"turns":9}],"event_choices":[{"event_name":"Liars Game","player_choice":"disagreed","floor":4,"damage_taken":0},{"event_name":"Living Wall","player_choice":"Forget","floor":10,"damage_taken":0}],"boss_relics":[],"potions_floor_spawned":[2,12,14],"seed_played":"-3660151023309202518","killed_by":"Hexaghost","ascension_level":0,"is_trial":false}