{"path_per_floor":["M","M","$","?","$","R","M","R","T","M","R","M","E","M","R","B",null,"M","$","?","?","M","E","?","M","T","M","R","?","R","M","R","B",null,"M","M","M","?","?","E","?","T","T","M","?","M","M","$","R"],"character_chosen":"DEFECT","items_purchased":["Beam Cell","Pear","Good Instincts"],"gold_per_floor":[116,130,8,8,8,8,24,24,70,83,83,102,128,147,147,248,248,263,163,163,86,100,134,134,144,144,155,155,155,155,171,171,276,276,289,309,324,324,324,349,397,397,447,465,465,478,497,31,31,31],"floor_reached":50,"campfire_rested":0,"playtime":1737,"item_purchase_floors":[3,48,48],"current_hp_per_floor":[71,71,71,64,64,64,64,64,64,64,64,64,52,44,44,28,75,75,75,61,61,58,55,55,47,47,44,44,70,70,67,67,46,80,77,74,71,71,61,49,46,46,46,50,50,53,49,59,69,0],"items_purged":["Sweeping Beam","Turbo","Madness"],"gold":31,"score":644,"play_id":"308012ef-9622-4e22-9cee-6722ca47149c","local_time":"20180626133812","daily_mods":["Draft"],"is_prod":false,"is_daily":false,"chose_seed":true,"is_ascension_mode":false,"campfire_upgraded":8,"win_rate":0,"timestamp":1530034692,"campfire_choices":[{"data":"Redo","floor":6,"key":"SMITH"},{"data":"Redo","floor":8,"key":"SMITH"},{"data":"Scrape","floor":11,"key":"SMITH"},{"data":"Scrape","floor":15,"key":"SMITH"},{"data":"Reboot","floor":28,"key":"SMITH"},{"data":"Heatsinks","floor":30,"key":"SMITH"},{"data":"Loop","floor":32,"key":"SMITH"},{"data":"Reboot","floor":49,"key":"SMITH"}],"path_taken":["M","M","$","?","$","R","M","R","T","M","R","?","E","?","R","BOSS","M","$","?","?","M","E","?","M","T","?","R","?","R","M","R","BOSS","M","M","M","?","?","E","?","?","T","M","?","?","?","$","R","BOSS"],"build_version":"2018-06-21","seed_source_timestamp":2307181431051940,"purchased_purges":3,"circlet_count":0,"victory":false,"master_deck":["Redo+1","Heatsinks+1","Go for the Eyes","Defragment","Beam Cell","Go for the Eyes","Beam Cell","Go for the Eyes+1","Loop+1","Scrape+1","Redo+1","BootSequence","Gash","Beam Cell","FTL+1","Scrape+1","Reboot+1","J.A.X.","Gash+1","Go for the Eyes+1","Reboot+1","Beam Cell","Reboot","Madness","Self Repair","Secret Weapon","Good Instincts"],"max_hp_per_floor":[75,75,75,75,75,75,75,75,75,75,75,75,75,75,75,75,75,75,75,80,80,80,80,80,80,80,80,80,80,80,80,80,80,80,80,80,80,80,80,80,80,80,80,80,80,80,80,90,90,90],"special_seed":20635678,"relics":["Cracked Core","Lantern","Gremlin Horn","Black Star","Bag of Preparation","Whetstone","Kunai","Eternal Feather","Bronze Scales","Art of War","Gambling Chip","Darkstone Periapt","Potion Belt","Pear"],"card_choices":[{"not_picked":["Glacier","Chill"],"picked":"Redo","floor":0},{"not_picked":["Leap","Hologram"],"picked":"Heatsinks","floor":0},{"not_picked":["Glacier","Scrape"],"picked":"Go for the Eyes","floor":0},{"not_picked":["Glacier","Go for the Eyes"],"picked":"BootSequence","floor":0},{"not_picked":["Chaos","Streamline"],"picked":"Defragment","floor":0},{"not_picked":["Hologram","Coolheaded"],"picked":"Beam Cell","floor":0},{"not_picked":["Chaos","Compile Driver"],"picked":"Sweeping Beam","floor":0},{"not_picked":["Rebound","Steam Power"],"picked":"Go for the Eyes","floor":0},{"not_picked":["FTL","Redo"],"picked":"Beam Cell","floor":0},{"not_picked":["Sweeping Beam","Lockon"],"picked":"Go for the Eyes","floor":0},{"not_picked":["Sweeping Beam","Double Energy"],"picked":"Loop","floor":0},{"not_picked":["Conserve Battery","Streamline"],"picked":"Scrape","floor":0},{"not_picked":["Stack","Cold Snap"],"picked":"Turbo","floor":0},{"not_picked":["Reinforced Body","Darkness"],"picked":"Redo","floor":0},{"not_picked":["Conserve Battery","Glacier"],"picked":"BootSequence","floor":0},{"not_picked":["Leap","Redo"],"picked":"Gash","floor":1},{"not_picked":["Sweeping Beam","Coolheaded","Compile Driver"],"picked":"SKIP","floor":2},{"not_picked":["Darkness","Leap"],"picked":"FTL","floor":7},{"not_picked":["Static Discharge","Rebound","Steam"],"picked":"SKIP","floor":10},{"not_picked":["Coolheaded","Hologram","Conserve Battery"],"picked":"SKIP","floor":12},{"not_picked":["Streamline","Go for the Eyes","Genetic Algorithm"],"picked":"SKIP","floor":13},{"not_picked":["Turbo","Cold Snap"],"picked":"Scrape","floor":14},{"not_picked":["Buffer","Rainbow"],"picked":"Reboot","floor":16},{"not_picked":["Redo","Compile Driver","Reinforced Body+1"],"picked":"SKIP","floor":18},{"not_picked":["Redo","Undo","Turbo"],"picked":"SKIP","floor":22},{"not_picked":["Leap","Redo","Streamline"],"picked":"SKIP","floor":23},{"not_picked":["FTL","BootSequence"],"picked":"Gash+1","floor":25},{"not_picked":["Chill","Melter","Sweeping Beam"],"picked":"SKIP","floor":27},{"not_picked":["Buffer","Sweeping Beam"],"picked":"Go for the Eyes+1","floor":31},{"not_picked":["Echo Form","Amplify"],"picked":"Reboot","floor":33},{"not_picked":["Storm","Leap+1"],"picked":"Beam Cell","floor":35},{"not_picked":["Conserve Battery","Sweeping Beam","Chill"],"picked":"SKIP","floor":36},{"not_picked":["Hologram+1","Leap+1"],"picked":"Reboot","floor":37},{"not_picked":["Streamline+1","Cold Snap+1","Compile Driver"],"picked":"SKIP","floor":40},{"not_picked":["Barrage+1","Scrape+1"],"picked":"Self Repair","floor":41},{"not_picked":["Turbo","Compile Driver","Leap"],"picked":"SKIP","floor":44},{"not_picked":["Jack Of All Trades","Transmutation"],"picked":"Secret Weapon","floor":45},{"not_picked":["Sunder","Chill","Ball Lightning"],"picked":"SKIP","floor":46},{"not_picked":["Streamline","Auto Shields","Lockon"],"picked":"SKIP","floor":47}],"player_experience":572544,"potions_floor_usage":[50,50],"damage_taken":[{"damage":4,"enemies":"Cultist","floor":1,"turns":3},{"damage":0,"enemies":"2 Louse","floor":2,"turns":2},{"damage":0,"enemies":"Small Slimes","floor":7,"turns":2},{"damage":0,"enemies":"Blue Slaver","floor":10,"turns":2},{"damage":0,"enemies":"Exordium Thugs","floor":12,"turns":3},{"damage":12,"enemies":"Gremlin Nob","floor":13,"turns":3},{"damage":8,"enemies":"Lots of Slimes","floor":14,"turns":3},{"damage":16,"enemies":"Slime Boss","floor":16,"turns":6},{"damage":0,"enemies":"Chosen","floor":18,"turns":2},{"damage":3,"enemies":"Shell Parasite","floor":22,"turns":2},{"damage":3,"enemies":"Gremlin Leader","floor":23,"turns":3},{"damage":8,"enemies":"Snake Plant","floor":25,"turns":2},{"damage":3,"enemies":"Centurion and Healer","floor":27,"turns":2},{"damage":3,"enemies":"Snecko","floor":31,"turns":2},{"damage":21,"enemies":"Automaton","floor":33,"turns":5},{"damage":3,"enemies":"3 Darklings","floor":35,"turns":2},{"damage":3,"enemies":"Orb Walker","floor":36,"turns":1},{"damage":3,"enemies":"Sphere and 2 Shapes","floor":37,"turns":3},{"damage":12,"enemies":"Giant Head","floor":40,"turns":3},{"damage":3,"floor":41,"turns":1},{"damage":3,"enemies":"Spire Growth","floor":44,"turns":1},{"damage":4,"enemies":"Transient","floor":46,"turns":5},{"damage":11,"enemies":"Flame Bruiser 2 Orb","floor":47,"turns":2},{"damage":70,"enemies":"Time Eater","floor":50,"turns":5}],"relics_obtained":[{"floor":9,"key":"Lantern"},{"floor":13,"key":"Gremlin Horn"},{"floor":23,"key":"Bag of Preparation"},{"floor":23,"key":"Whetstone"},{"floor":26,"key":"Kunai"},{"floor":40,"key":"Bronze Scales"},{"floor":40,"key":"Art of War"},{"floor":41,"key":"Gambling Chip"},{"floor":42,"key":"Darkstone Periapt"},{"floor":43,"key":"Potion Belt"}],"event_choices":[{"event_name":"Golden Wing","player_choice":"Card Removal","floor":4,"damage_taken":0},{"event_name":"Forgotten Altar","player_choice":"Shed Blood","floor":20,"damage_taken":0},{"event_name":"Drug Dealer","player_choice":"Got JAXXED","floor":21,"damage_taken":0},{"event_name":"Vampires","player_choice":"Ignored","floor":24,"damage_taken":0},{"event_name":"The Library","player_choice":"Heal","floor":29,"damage_taken":0},{"event_name":"The Lab","player_choice":"Got Potions","floor":38,"damage_taken":0},{"event_name":"Winding Halls","player_choice":"Embrace Madness","floor":39,"damage_taken":0},{"event_name":"Mysterious Sphere","player_choice":"Fight","floor":41,"damage_taken":0},{"event_name":"SensoryStone","player_choice":"Memory 1","floor":45,"damage_taken":0}],"boss_relics":[{"not_picked":["Runic Pyramid","Calling Bell"],"picked":"Black Star"},{"not_picked":["Tiny House","Coffee Dripper"],"picked":"Eternal Feather"}],"items_purged_floors":[3,19,48],"is_endless":false,"potions_floor_spawned":[1,2,7,16,27,33,37,40,44],"seed_played":"-6125199772934504513","killed_by":"Time Eater","ascension_level":0,"potions_obtained":[{"floor":1,"key":"EssenceOfSteel"},{"floor":2,"key":"SpeedPotion"},{"floor":7,"key":"SpeedPotion"},{"floor":44,"key":"SteroidPotion"}],"is_trial":true}