{"gold_per_floor":[109,23,34,54,54,83,13,45,45,56,66,66,80,93,93,190,190,200,200,200,211,223,223,233,233,279,279,306,317,317,337,337,434,434,451,464,464,176,0,0,17,17,40,40,162,174,185,204,204,204],"floor_reached":50,"playtime":1205,"items_purged":[],"score":669,"play_id":"a0d0e9c6-e32a-4cb2-981f-ab7ba4a61e0a","local_time":"20190423151722","is_ascension_mode":true,"campfire_choices":[{"data":"Inflame","floor":12,"key":"SMITH"},{"floor":15,"key":"REST"},{"data":"Demon Form","floor":23,"key":"SMITH"},{"data":"Whirlwind","floor":25,"key":"SMITH"},{"data":"Limit Break","floor":27,"key":"SMITH"},{"data":"Limit Break","floor":30,"key":"SMITH"},{"data":"Anger","floor":32,"key":"SMITH"},{"data":"strawberrySpire:CrashLanding","floor":40,"key":"SMITH"},{"floor":42,"key":"REST"}],"neow_cost":"NONE","seed_source_timestamp":77700885677521,"circlet_count":0,"master_deck":["Strike_R+1","Strike_R+1","Strike_R+1","Strike_R+1","Defend_R","Defend_R","Defend_R","Bash+1","Twin Strike+1","Clash+1","infinitespire:OneForAll+1","Inflame+1","Demon Form+1","Sword Boomerang+1","Limit Break+1","Whirlwind+1","Limit Break+1","Anger+1","strawberrySpire:CrashLanding+1","Parasite"],"relics":["Black Blood","NeowsBlessing","Replay:Rubber Ducky","hubris:MysteriousPyramids","strawberrySpire:CharschorBlot","CosmicIsotope","ReplayTheSpireMod:Lightbulb","conspire:DecoderRing","hubris:IronBody","Red Mask","Bronze Scales","Regal Pillow"],"potions_floor_usage":[24,28,41,48,48],"damage_taken":[{"damage":0,"enemies":"2 Louse","floor":1,"turns":1},{"damage":0,"enemies":"Cultist","floor":3,"turns":1},{"damage":0,"enemies":"Jaw Worm","floor":4,"turns":1},{"damage":20,"enemies":"Gremlin Nob","floor":6,"turns":4},{"damage":27,"enemies":"Lagavulin","floor":8,"turns":4},{"damage":30,"enemies":"Lots of Slimes","floor":10,"turns":4},{"damage":3,"enemies":"Exordium Thugs","floor":11,"turns":3},{"damage":0,"enemies":"2 Fungi Beasts","floor":13,"turns":2},{"damage":13,"enemies":"Large Slime","floor":14,"turns":3},{"damage":8,"enemies":"Fading Forest","floor":16,"turns":11},{"damage":20,"enemies":"2 Thieves","floor":18,"turns":3},{"damage":3,"enemies":"3 Byrds","floor":21,"turns":3},{"damage":30,"enemies":"Snake Plant","floor":22,"turns":4},{"damage":0,"enemies":"Chosen and Byrds","floor":24,"turns":3},{"damage":29,"enemies":"Slavers","floor":28,"turns":3},{"damage":4,"enemies":"Snecko","floor":29,"turns":3},{"damage":0,"enemies":"Cultist and Chosen","floor":31,"turns":3},{"damage":23,"enemies":"Automaton","floor":33,"turns":5},{"damage":11,"enemies":"Orb Walker","floor":35,"turns":3},{"damage":35,"enemies":"3 Darklings","floor":36,"turns":3},{"damage":20,"enemies":"Writhing Mass","floor":41,"turns":4},{"damage":47,"enemies":"Spire Growth","floor":46,"turns":4},{"damage":0,"enemies":"Maw","floor":47,"turns":4},{"damage":0,"enemies":"Transient","floor":48,"turns":5},{"damage":48,"enemies":"conspire:OrnateMirror","floor":50,"turns":1}],"seed_played":"1694465134344801105","potions_obtained":[{"floor":3,"key":"LifebloodPotion"},{"floor":11,"key":"Explosive Potion"},{"floor":13,"key":"Block Potion"},{"floor":28,"key":"Energy Potion"},{"floor":31,"key":"Poison Potion"},{"floor":47,"key":"conspire:EchoDraught"},{"floor":49,"key":"infinitespire:BlackPotion"},{"floor":49,"key":"conspire:EchoDraught"}],"is_trial":false,"path_per_floor":["M","?","M","M","?","E","$","E","T","M","M","R","M","M","R","B",null,"M","?","?","M","M","R","M","R","T","R","E","M","R","M","R","B",null,"M","M","?","$","?","R","M","R","T","?","T","M","M","M","R","B"],"character_chosen":"IRONCLAD","items_purchased":["Inflame","hubris:IronBody","strawberrySpire:CrashLanding"],"campfire_rested":2,"item_purchase_floors":[7,38,38],"current_hp_per_floor":[78,78,80,80,80,66,66,45,45,21,24,24,30,23,47,53,73,59,59,80,80,56,56,62,62,62,62,39,41,41,47,47,30,68,67,42,42,42,42,42,32,56,56,56,56,19,29,39,39,0],"gold":204,"neow_bonus":"THREE_ENEMY_KILL","is_prod":false,"is_daily":false,"chose_seed":false,"campfire_upgraded":7,"win_rate":0,"timestamp":1556047042,"path_taken":["M","?","M","?","?","E","$","E","T","M","M","R","M","M","R","BOSS","M","?","?","?","M","R","M","R","T","R","E","M","R","M","R","BOSS","M","M","?","$","?","R","M","R","T","?","?","M","M","M","R","BOSS"],"build_version":"2019-01-23","purchased_purges":0,"victory":false,"max_hp_per_floor":[80,80,80,80,80,80,80,80,80,80,80,80,80,80,80,80,80,80,80,80,80,80,80,80,80,80,80,80,80,80,80,80,80,80,80,80,80,80,80,80,80,80,80,80,80,80,80,80,80,80],"card_choices":[{"not_picked":["Perfected Strike","Life Link"],"picked":"Twin Strike","floor":1},{"not_picked":["hubris:CleavingFinish","Replay:Undeath\u0027s Touch"],"picked":"Clash","floor":3},{"not_picked":["conspire:ExplosiveBarrier","Thunderclap"],"picked":"infinitespire:OneForAll","floor":4},{"not_picked":["Havoc","Bloodletting","Power Through"],"picked":"SKIP","floor":6},{"not_picked":["Demon Form","Headbutt","Thunderclap"],"picked":"SKIP","floor":8},{"not_picked":["Headbutt","Thunderclap"],"picked":"Demon Form","floor":8},{"not_picked":["ReplayTheSpireMod:Corrosion Curse","strawberrySpire:FireDrill","Body Slam"],"picked":"SKIP","floor":10},{"not_picked":["True Grit","Thunderclap","Sword Boomerang"],"picked":"SKIP","floor":11},{"not_picked":["strawberrySpire:Overwork","Intimidate","Shockwave"],"picked":"SKIP","floor":13},{"not_picked":["ReplayTheSpireMod:Strike From Hell","Armaments","Barricade"],"picked":"SKIP","floor":14},{"not_picked":["strawberrySpire:Hellbender","Demon Form"],"picked":"Limit Break","floor":16},{"not_picked":["Run Through","Iron Wave","Thunderclap"],"picked":"SKIP","floor":18},{"not_picked":["strawberrySpire:ZonePlayer","Warcry+1"],"picked":"Whirlwind","floor":21},{"not_picked":["Eclipse","Battle Trance+1","Anger+1"],"picked":"SKIP","floor":22},{"not_picked":["Corruption","Battle Trance","strawberrySpire:Endurance"],"picked":"SKIP","floor":24},{"not_picked":["ReplayTheSpireMod:Strike From Hell","Hemogenesis"],"picked":"Limit Break","floor":28},{"not_picked":["Cleave","ReplayTheSpireMod:Strike From Hell+1"],"picked":"Anger","floor":29},{"not_picked":["Power Through","hubris:ReadiedAction","strawberrySpire:FireDrill"],"picked":"SKIP","floor":31},{"not_picked":["Iron Wave","strawberrySpire:FireDrill","Clothesline+1"],"picked":"SKIP","floor":35},{"not_picked":["Perfected Strike+1","Havoc+1","Immolate"],"picked":"SKIP","floor":36},{"not_picked":["Havoc+1","Dropkick+1","strawberrySpire:Endurance"],"picked":"SKIP","floor":41},{"not_picked":["Clash+1","strawberrySpire:ZonePlayer+1","strawberrySpire:FireDrill"],"picked":"SKIP","floor":46},{"not_picked":["Wild Strike+1","conspire:ExplosiveBarrier","strawberrySpire:Aggression+1"],"picked":"SKIP","floor":47},{"not_picked":["Rampage+1","strawberrySpire:GettingOverIt+1","Run Through"],"picked":"SKIP","floor":48}],"player_experience":747627,"relics_obtained":[{"floor":6,"key":"Replay:Rubber Ducky"},{"floor":8,"key":"hubris:MysteriousPyramids"},{"floor":9,"key":"strawberrySpire:CharschorBlot"},{"floor":26,"key":"ReplayTheSpireMod:Lightbulb"},{"floor":28,"key":"conspire:DecoderRing"},{"floor":43,"key":"Bronze Scales"},{"floor":45,"key":"Regal Pillow"}],"event_choices":[{"damage_healed":0,"gold_gain":0,"player_choice":"Paid Gold","damage_taken":0,"relics_obtained":["MiniBlackHole"],"max_hp_gain":0,"max_hp_loss":0,"event_name":"WeMeetAgain","floor":2,"gold_loss":86},{"damage_healed":21,"gold_gain":0,"player_choice":"Full Heal","damage_taken":0,"max_hp_gain":0,"max_hp_loss":0,"event_name":"Wheel of Change","floor":20,"gold_loss":0},{"cards_removed":["Strike_R"],"damage_healed":0,"gold_gain":0,"player_choice":"Removed Attack","damage_taken":0,"max_hp_gain":0,"max_hp_loss":0,"event_name":"Falling","floor":37,"gold_loss":0},{"damage_healed":0,"gold_gain":0,"player_choice":"Paid","damage_taken":0,"relics_obtained":["Red Mask"],"max_hp_gain":0,"max_hp_loss":0,"event_name":"Tomb of Lord Red Mask","floor":39,"gold_loss":176}],"is_beta":false,"boss_relics":[{"not_picked":["conspire:RunicOctahedron","hubris:ScarierMask"],"picked":"CosmicIsotope"},{"not_picked":["conspire:RoyalGoblet","Kintsugi"],"picked":"Black Blood"}],"items_purged_floors":[],"is_endless":false,"potions_floor_spawned":[3,11,13,14,16,18,28,31,35,47],"killed_by":"conspire:OrnateMirror","ascension_level":8}