{"gold_per_floor":[113,113,38,48,9,43,55,55,55,80,92,121,121,140,140,245,245,257,276,21,40,40],"floor_reached":22,"playtime":1703,"items_purged":["Defend_G"],"score":269,"play_id":"71175dd8-dbed-4d20-bfb4-c5dd9d1c8204","local_time":"20190915184159","is_ascension_mode":true,"campfire_choices":[{"data":"Concentrate","floor":8,"key":"SMITH"},{"data":"Blade Dance","floor":13,"key":"SMITH"},{"data":"Prepared","floor":15,"key":"SMITH"}],"neow_cost":"NONE","seed_source_timestamp":2556366147767800,"circlet_count":0,"master_deck":["Strike_G","Strike_G","Strike_G","Strike_G","Strike_G","Defend_G","Defend_G","Defend_G","Defend_G","Survivor+1","Neutralize+1","Backflip","Heel Hook","Concentrate+1","Cloak And Dagger","Cloak And Dagger","Blade Dance+1","Well Laid Plans","Prepared+1","Tools of the Trade","Outmaneuver","Backflip","Infinite Blades","Madness","Escape Plan"],"relics":["Ring of the Snake","NeowsBlessing","PreservedInsect","Ninja Scroll","Bottled Flame","Bronze Scales","Cursed Key","Membership Card"],"potions_floor_usage":[10,10,12,16,16],"damage_taken":[{"damage":0,"enemies":"Small Slimes","floor":1,"turns":1},{"damage":0,"enemies":"Jaw Worm","floor":4,"turns":1},{"damage":0,"enemies":"Lagavulin","floor":6,"turns":1},{"damage":0,"enemies":"Cultist","floor":7,"turns":4},{"damage":7,"enemies":"3 Sentries","floor":10,"turns":8},{"damage":0,"enemies":"3 Louse","floor":11,"turns":3},{"damage":0,"enemies":"Gremlin Nob","floor":12,"turns":3},{"damage":0,"enemies":"Blue Slaver","floor":14,"turns":2},{"damage":46,"enemies":"The Guardian","floor":16,"turns":15},{"damage":22,"enemies":"Spheric Guardian","floor":18,"turns":6},{"damage":27,"enemies":"Chosen","floor":19,"turns":7},{"damage":9,"enemies":"Snake Plant","floor":21,"turns":7}],"seed_played":"-8315892470548786225","potions_obtained":[{"floor":1,"key":"PowerPotion"},{"floor":7,"key":"Regen Potion"},{"floor":10,"key":"Explosive Potion"},{"floor":11,"key":"GamblersBrew"},{"floor":14,"key":"SteroidPotion"}],"is_trial":false,"path_per_floor":["M","?","$","M","$","E","M","R","T","E","M","E","R","M","R","B",null,"M","M","$","M","?"],"character_chosen":"THE_SILENT","items_purchased":["Concentrate","Membership Card","Infinite Blades","Madness"],"campfire_rested":0,"item_purchase_floors":[5,20,20,20],"current_hp_per_floor":[70,56,56,56,56,56,56,56,56,64,64,64,64,64,64,18,70,48,21,21,12,0],"gold":40,"neow_bonus":"THREE_ENEMY_KILL","is_prod":false,"is_daily":false,"chose_seed":false,"campfire_upgraded":3,"win_rate":0,"timestamp":1568587319,"path_taken":["M","?","$","M","$","E","M","R","T","E","M","E","R","M","R","BOSS","M","M","$","M","?"],"build_version":"2019-07-17","purchased_purges":1,"victory":false,"max_hp_per_floor":[70,70,70,70,70,70,70,70,70,70,70,70,70,70,70,70,70,70,70,70,70,70],"card_choices":[{"not_picked":["Crippling Poison","Dodge and Roll"],"picked":"Backflip","floor":1},{"not_picked":["Catalyst","Blade Dance"],"picked":"Heel Hook","floor":4},{"not_picked":["Eviscerate","Predator"],"picked":"Cloak And Dagger","floor":6},{"not_picked":["Slice","Leg Sweep"],"picked":"Cloak And Dagger","floor":7},{"not_picked":["Dagger Spray","Predator"],"picked":"Blade Dance","floor":10},{"not_picked":["Footwork","Riddle With Holes"],"picked":"Well Laid Plans","floor":11},{"not_picked":["Grand Finale","Dodge and Roll","Slice"],"picked":"SKIP","floor":12},{"not_picked":["Crippling Poison","Expertise"],"picked":"Prepared","floor":14},{"not_picked":["Unload","Glass Knife"],"picked":"Tools of the Trade","floor":16},{"not_picked":["Flying Knee+1","Sucker Punch"],"picked":"Outmaneuver","floor":18},{"not_picked":["Deadly Poison+1","Bane"],"picked":"Backflip","floor":19},{"not_picked":["Outmaneuver","Deflect"],"picked":"Escape Plan","floor":21}],"player_experience":489782,"relics_obtained":[{"floor":6,"key":"PreservedInsect"},{"floor":9,"key":"Ninja Scroll"},{"floor":10,"key":"Bottled Flame"},{"floor":12,"key":"Bronze Scales"}],"event_choices":[{"damage_healed":0,"gold_gain":0,"player_choice":"Entered Light","damage_taken":14,"max_hp_gain":0,"max_hp_loss":0,"event_name":"Shining Light","floor":2,"gold_loss":0,"cards_upgraded":["Neutralize","Survivor"]}],"is_beta":false,"boss_relics":[{"not_picked":["HoveringKite","Velvet Choker"],"picked":"Cursed Key"}],"items_purged_floors":[3],"is_endless":false,"potions_floor_spawned":[1,7,10,11,14],"ascension_level":1}