{"gold_per_floor":[118,118,118,21,96,125,47,57,57,57,92,103,120,136,136,232,232,247,267,267],"floor_reached":20,"playtime":1874,"items_purged":[],"score":184,"play_id":"9db46aec-6cb1-4bf2-a6cb-94f266edf592","local_time":"20190912224901","is_ascension_mode":false,"campfire_choices":[{"floor":10,"key":"REST"},{"floor":15,"key":"REST"}],"neow_cost":"NONE","seed_source_timestamp":38531674845900,"circlet_count":0,"master_deck":["Strike_G","Strike_G","Strike_G","Strike_G","Strike_G","Defend_G","Defend_G","Defend_G","Defend_G","Defend_G","Survivor","Neutralize+1","Slice","Infinite Blades","Slice","Bouncing Flask","Terror","Outmaneuver","Crippling Poison","Infinite Blades","Tools of the Trade","Underhanded Strike+1","Venomology","Riddle With Holes+1","Dagger Throw+1"],"relics":["Ring of the Serpent","Snake Skull","The Specimen","Molten Egg 2","Bag of Preparation"],"potions_floor_usage":[11,16,16,20,20],"damage_taken":[{"damage":3,"enemies":"Jaw Worm","floor":1,"turns":7},{"damage":33,"enemies":"Lagavulin","floor":6,"turns":9},{"damage":2,"enemies":"Small Slimes","floor":8,"turns":3},{"damage":22,"enemies":"3 Sentries","floor":11,"turns":6},{"damage":0,"enemies":"2 Louse","floor":12,"turns":1},{"damage":4,"enemies":"2 Fungi Beasts","floor":13,"turns":4},{"damage":2,"enemies":"Red Slaver","floor":14,"turns":3},{"damage":28,"enemies":"The Guardian","floor":16,"turns":7},{"damage":14,"enemies":"Spheric Guardian","floor":18,"turns":5},{"damage":20,"enemies":"Shell Parasite","floor":19,"turns":5},{"damage":42,"enemies":"Masked Bandits","floor":20,"turns":3}],"seed_played":"270109399266977808","potions_obtained":[{"floor":8,"key":"FearPotion"},{"floor":13,"key":"Strength Potion"},{"floor":14,"key":"GhostInAJar"}],"is_trial":false,"path_per_floor":["M","?","?","$","?","E","$","M","T","R","E","M","M","M","R","B",null,"M","M","?"],"character_chosen":"THE_SILENT","items_purchased":["Infinite Blades","Slice","Terror"],"campfire_rested":2,"item_purchase_floors":[4,4,7],"current_hp_per_floor":[67,67,67,67,56,23,23,21,21,42,20,20,16,14,35,7,70,56,36,0],"gold":267,"neow_bonus":"RANDOM_COMMON_RELIC","is_prod":false,"is_daily":false,"chose_seed":false,"campfire_upgraded":0,"win_rate":0.0,"timestamp":1568321341,"path_taken":["M","?","?","$","?","E","?","M","T","R","E","?","M","M","R","BOSS","M","M","?"],"build_version":"2019-07-17","purchased_purges":0,"victory":false,"max_hp_per_floor":[70,70,70,70,70,70,70,70,70,70,70,70,70,70,70,70,70,70,70,70],"card_choices":[{"not_picked":["PiercingWail","Blade Dance"],"picked":"Slice","floor":1},{"not_picked":["Blade Dance","Dagger Throw"],"picked":"Bouncing Flask","floor":6},{"not_picked":["Blade Dance","Tactician"],"picked":"Outmaneuver","floor":8},{"not_picked":["Bouncing Flask","Poisoned Stab+1"],"picked":"Crippling Poison","floor":11},{"not_picked":["PiercingWail","Riddle With Holes+1"],"picked":"Infinite Blades","floor":12},{"not_picked":["Well Laid Plans","Poisoned Stab+1"],"picked":"Tools of the Trade","floor":13},{"not_picked":["Calculated Gamble","Dash+1"],"picked":"Underhanded Strike+1","floor":14},{"not_picked":["Wraith Form v2","Unload+1"],"picked":"Venomology","floor":16},{"not_picked":["Eviscerate+1","Deflect"],"picked":"Riddle With Holes+1","floor":18},{"not_picked":["PiercingWail","Riddle With Holes+1"],"picked":"Dagger Throw+1","floor":19}],"player_experience":63394,"relics_obtained":[{"floor":6,"key":"The Specimen"},{"floor":9,"key":"Molten Egg 2"},{"floor":11,"key":"Bag of Preparation"}],"event_choices":[{"damage_healed":0,"gold_gain":0,"player_choice":"Ignored","damage_taken":0,"max_hp_gain":0,"max_hp_loss":0,"event_name":"Golden Wing","floor":2,"gold_loss":0},{"damage_healed":0,"gold_gain":0,"player_choice":"Grow","damage_taken":0,"max_hp_gain":0,"max_hp_loss":0,"event_name":"Living Wall","floor":3,"gold_loss":0,"cards_upgraded":["Neutralize"]},{"damage_healed":0,"gold_gain":75,"player_choice":"Gather Gold","damage_taken":11,"max_hp_gain":0,"max_hp_loss":0,"event_name":"World of Goop","floor":5,"gold_loss":0},{"damage_healed":0,"gold_gain":0,"player_choice":"Fought Bandits","damage_taken":0,"max_hp_gain":0,"max_hp_loss":0,"event_name":"Masked Bandits","floor":20,"gold_loss":0}],"is_beta":false,"boss_relics":[{"not_picked":["HoveringKite","Orrery"],"picked":"Ring of the Serpent"}],"items_purged_floors":[],"is_endless":false,"potions_floor_spawned":[8,13,14],"killed_by":"Masked Bandits","ascension_level":0}