{"gold_per_floor":[111,131,143,68,80,80,92,104,104,120,137,137,148,161,161,264,264,279,279,279,297,396,431,445,471,496,506,205,205,205,225,225,321,321,336,347,0,0,16,16,44,44,120,120,130,5,21,21,21,21],"floor_reached":50,"playtime":1329,"items_purged":["Defend_R","Clothesline","Headbutt"],"score":510,"play_id":"95a26472-f736-49ef-a7ba-9f3bffbba564","local_time":"20190912135204","is_ascension_mode":false,"campfire_choices":[{"data":"Whirlwind","floor":6,"key":"SMITH"},{"data":"Flex","floor":12,"key":"SMITH"},{"floor":15,"key":"REST"},{"floor":30,"key":"REST"},{"floor":32,"key":"REST"},{"floor":40,"key":"REST"},{"floor":42,"key":"REST"},{"floor":49,"key":"REST"}],"neow_cost":"NONE","seed_source_timestamp":2280145971317600,"circlet_count":0,"master_deck":["Thunderclap","Whirlwind+1","Flex","Flex+1","Impervious","Warcry","Immolate","Seeing Red","Shrug It Off","Anger","Flex","Whirlwind","Double Tap","Whirlwind+1","Immolate"],"relics":["Burning Blood","NeowsBlessing","Turnip","Pandora\u0027s Box","Nilry\u0027s Codex","Bottled Flame","Dead Branch","Orichalcum","Brimstone","Fusion Hammer","Red Mask","Toxic Egg 2","Blue Candle"],"potions_floor_usage":[16,16,23,25,33,33,36,47,50],"damage_taken":[{"damage":0,"enemies":"Cultist","floor":1,"turns":1},{"damage":0,"enemies":"2 Louse","floor":2,"turns":1},{"damage":0,"enemies":"Jaw Worm","floor":3,"turns":1},{"damage":9,"enemies":"3 Louse","floor":5,"turns":2},{"damage":22,"enemies":"Exordium Wildlife","floor":7,"turns":4},{"damage":11,"enemies":"Red Slaver","floor":8,"turns":3},{"damage":7,"enemies":"3 Louse","floor":10,"turns":2},{"damage":14,"enemies":"Blue Slaver","floor":11,"turns":3},{"damage":10,"enemies":"Looter","floor":13,"turns":2},{"damage":16,"enemies":"Gremlin Gang","floor":14,"turns":2},{"damage":42,"enemies":"Slime Boss","floor":16,"turns":9},{"damage":10,"enemies":"Chosen","floor":18,"turns":3},{"damage":30,"enemies":"3 Byrds","floor":21,"turns":3},{"damage":22,"enemies":"Slavers","floor":23,"turns":3},{"damage":8,"enemies":"Snecko","floor":24,"turns":3},{"damage":30,"enemies":"Gremlin Leader","floor":25,"turns":5},{"damage":4,"enemies":"Chosen and Byrds","floor":27,"turns":3},{"damage":18,"enemies":"Snake Plant","floor":31,"turns":3},{"damage":15,"enemies":"Champ","floor":33,"turns":8},{"damage":33,"enemies":"3 Shapes","floor":35,"turns":1},{"damage":10,"enemies":"Orb Walker","floor":36,"turns":2},{"damage":16,"enemies":"4 Shapes","floor":39,"turns":2},{"damage":14,"enemies":"Nemesis","floor":41,"turns":3},{"damage":0,"enemies":"Jaw Worm Horde","floor":45,"turns":1},{"damage":27,"enemies":"Maw","floor":47,"turns":6},{"damage":87,"enemies":"Awakened One","floor":50,"turns":7}],"seed_played":"6218753521398665119","potions_obtained":[{"floor":2,"key":"Dexterity Potion"},{"floor":5,"key":"Ancient Potion"},{"floor":7,"key":"Poison Potion"},{"floor":11,"key":"PowerPotion"},{"floor":14,"key":"BloodPotion"},{"floor":16,"key":"BloodPotion"},{"floor":18,"key":"GamblersBrew"},{"floor":24,"key":"Explosive Potion"},{"floor":31,"key":"Weak Potion"},{"floor":35,"key":"SkillPotion"},{"floor":47,"key":"Dexterity Potion"}],"is_trial":false,"path_per_floor":["M","M","M","$","M","R","M","M","T","M","M","R","M","M","R","B",null,"M","?","?","M","?","E","M","E","T","M","$","?","R","M","R","B",null,"M","M","?","?","M","R","E","R","T","?","M","$","M","?","R","B"],"character_chosen":"IRONCLAD","items_purchased":["Brimstone"],"campfire_rested":6,"item_purchase_floors":[28],"current_hp_per_floor":[80,80,80,80,77,77,61,56,56,55,47,47,43,33,57,41,80,76,76,60,36,36,40,38,14,14,16,16,16,40,28,52,43,80,53,49,49,49,39,63,55,79,79,79,80,80,59,59,80,0],"gold":21,"neow_bonus":"THREE_ENEMY_KILL","is_prod":false,"is_daily":false,"chose_seed":false,"campfire_upgraded":2,"win_rate":0,"timestamp":1568310724,"path_taken":["M","M","?","$","M","R","M","M","T","M","M","R","M","M","R","BOSS","M","?","?","M","?","E","M","E","T","?","?","?","R","M","R","BOSS","M","M","?","?","M","R","E","R","T","?","?","$","M","?","R","BOSS"],"build_version":"2019-07-17","purchased_purges":3,"victory":false,"max_hp_per_floor":[80,80,80,80,80,80,80,80,80,80,80,80,80,80,80,80,80,80,80,80,80,80,80,80,80,80,80,80,80,80,80,80,80,80,80,80,80,80,80,80,80,80,80,80,80,80,80,80,80,80],"card_choices":[{"not_picked":["Cleave","Wild Strike"],"picked":"Thunderclap","floor":1},{"not_picked":["Headbutt","Bloodletting"],"picked":"Whirlwind","floor":2},{"not_picked":["Combust","Inflame"],"picked":"Flex","floor":3},{"not_picked":["Pommel Strike","Combust","Shrug It Off"],"picked":"SKIP","floor":5},{"not_picked":["Thunderclap","Clothesline","Rage"],"picked":"SKIP","floor":7},{"not_picked":["Wild Strike","Metallicize"],"picked":"Flex","floor":8},{"not_picked":["Evolve","Iron Wave","Cleave"],"picked":"SKIP","floor":10},{"not_picked":["Intimidate","Anger","Warcry"],"picked":"SKIP","floor":11},{"not_picked":["Disarm","Clothesline","Hemokinesis"],"picked":"SKIP","floor":13},{"not_picked":["Clothesline","Iron Wave"],"picked":"Impervious","floor":14},{"not_picked":["Reaper","Impervious"],"picked":"Immolate","floor":16},{"not_picked":["Thunderclap+1","Shrug It Off"],"picked":"Flex","floor":18},{"not_picked":["True Grit+1","Dropkick","Shockwave"],"picked":"SKIP","floor":21},{"not_picked":["True Grit","Sword Boomerang","Second Wind"],"picked":"SKIP","floor":23},{"not_picked":["Headbutt","Clash","Dual Wield"],"picked":"SKIP","floor":24},{"not_picked":["Combust","Heavy Blade+1","Cleave"],"picked":"SKIP","floor":25},{"not_picked":["Havoc+1","Sever Soul","Warcry"],"picked":"SKIP","floor":27},{"not_picked":["True Grit","Clash"],"picked":"Whirlwind","floor":31},{"not_picked":["Dark Embrace","Bludgeon"],"picked":"Double Tap","floor":33},{"not_picked":["True Grit","Second Wind","Sever Soul+1"],"picked":"SKIP","floor":35},{"not_picked":["Intimidate","Perfected Strike"],"picked":"Whirlwind+1","floor":36},{"not_picked":["Dropkick+1","Warcry+1","Armaments"],"picked":"SKIP","floor":39},{"not_picked":["Cleave+1","Combust+1","Dark Embrace"],"picked":"SKIP","floor":41},{"not_picked":["Thunderclap+1","Second Wind+1","Shrug It Off+1"],"picked":"SKIP","floor":45},{"not_picked":["Dropkick","Shockwave+1","Sword Boomerang+1"],"picked":"SKIP","floor":47}],"player_experience":387041,"relics_obtained":[{"floor":9,"key":"Turnip"},{"floor":20,"key":"Nilry\u0027s Codex"},{"floor":23,"key":"Bottled Flame"},{"floor":25,"key":"Dead Branch"},{"floor":26,"key":"Orichalcum"},{"floor":41,"key":"Toxic Egg 2"},{"floor":43,"key":"Blue Candle"}],"event_choices":[{"cards_removed":["Bash"],"damage_healed":0,"gold_gain":0,"player_choice":"Elegance","damage_taken":0,"max_hp_gain":0,"max_hp_loss":0,"event_name":"Back to Basics","floor":19,"gold_loss":0},{"damage_healed":0,"gold_gain":0,"player_choice":"Obtained Book","damage_taken":16,"max_hp_gain":0,"max_hp_loss":0,"event_name":"Cursed Tome","floor":20,"gold_loss":0},{"damage_healed":0,"gold_gain":99,"player_choice":"Stole From Cult","damage_taken":0,"max_hp_gain":0,"max_hp_loss":0,"event_name":"Nest","floor":22,"gold_loss":0},{"damage_healed":0,"gold_gain":0,"player_choice":"Ignored","damage_taken":0,"max_hp_gain":0,"max_hp_loss":0,"event_name":"Ghosts","floor":29,"gold_loss":0},{"damage_healed":0,"gold_gain":0,"player_choice":"Paid","damage_taken":0,"relics_obtained":["Red Mask"],"max_hp_gain":0,"max_hp_loss":0,"event_name":"Tomb of Lord Red Mask","floor":37,"gold_loss":347},{"damage_healed":0,"gold_gain":0,"player_choice":"Ignored","damage_taken":0,"max_hp_gain":0,"max_hp_loss":0,"event_name":"Mysterious Sphere","floor":38,"gold_loss":0},{"damage_healed":0,"gold_gain":0,"cards_transformed":["Metallicize"],"player_choice":"Transformed","damage_taken":0,"max_hp_gain":0,"max_hp_loss":0,"event_name":"Transmorgrifier","floor":44,"gold_loss":0,"cards_obtained":["Immolate"]},{"cards_removed":["Immolate"],"damage_healed":0,"gold_gain":0,"player_choice":"Removed Attack","damage_taken":0,"max_hp_gain":0,"max_hp_loss":0,"event_name":"Falling","floor":48,"gold_loss":0}],"is_beta":false,"boss_relics":[{"not_picked":["Black Star","Orrery"],"picked":"Pandora\u0027s Box"},{"not_picked":["Busted Crown","Runic Pyramid"],"picked":"Fusion Hammer"}],"items_purged_floors":[4,28,46],"is_endless":false,"potions_floor_spawned":[2,5,7,11,14,16,18,24,31,35,47],"killed_by":"Awakened One","ascension_level":0}