{"gold_per_floor":[112,112,187,201,212,212,237,237,261,29,29,60,71,43,43,121,121,135,5,5,16,16,16],"floor_reached":23,"playtime":2037,"items_purged":["Defend_P"],"score":444,"play_id":"51be6c82-293c-401f-a32c-23561f12f045","local_time":"20190914210648","is_ascension_mode":true,"campfire_choices":[{"data":"Eruption","floor":6,"key":"SMITH"},{"data":"SpiritShield","floor":8,"key":"SMITH"},{"data":"BattleHymn","floor":11,"key":"SMITH"},{"data":"FlyingSleeves","floor":15,"key":"SMITH"}],"neow_cost":"NONE","seed_source_timestamp":321058104678989,"circlet_count":0,"master_deck":["AscendersBane","Strike_P+1","Strike_P+1","Strike_P+1","Strike_P+1","Defend_P+1","Defend_P+1","Eruption+1","Vigilance","SpiritShield+1","FearNoEvil","BattleHymn+1","Vengeance","EmptyMind","FlyingSleeves+1","BattleHymn","BowlingBash+1","FlurryOfBlows","MentalFortress","Necronomicurse"],"special_seed":0,"relics":["PureWater","Whetstone","InkBottle","Medical Kit","Bronze Scales","Snecko Eye","Necronomicon"],"potions_floor_usage":[7,12],"damage_taken":[{"damage":0,"enemies":"Jaw Worm","floor":1,"turns":3},{"damage":0,"enemies":"Small Slimes","floor":4,"turns":2},{"damage":0,"enemies":"2 Louse","floor":5,"turns":5},{"damage":12,"enemies":"3 Sentries","floor":7,"turns":8},{"damage":0,"enemies":"Lagavulin","floor":12,"turns":3},{"damage":6,"enemies":"Exordium Thugs","floor":13,"turns":3},{"damage":19,"enemies":"The Guardian","floor":16,"turns":11},{"damage":7,"enemies":"2 Thieves","floor":18,"turns":3},{"damage":0,"enemies":"3 Byrds","floor":21,"turns":3},{"damage":31,"enemies":"Gremlin Leader","floor":23,"turns":4}],"seed_played":"8736796488366289054","potions_obtained":[{"floor":1,"key":"Strength Potion"},{"floor":4,"key":"Block Potion"},{"floor":7,"key":"AttackPotion"},{"floor":16,"key":"Energy Potion"}],"is_trial":false,"path_per_floor":["M","?","?","M","M","R","E","R","T","$","R","E","M","$","R","B",null,"M","$","?","M","?","E"],"character_chosen":"WATCHER","items_purchased":["Medical Kit","FlyingSleeves","FlurryOfBlows","MentalFortress"],"campfire_rested":0,"item_purchase_floors":[10,14,19,19],"current_hp_per_floor":[55,60,49,49,49,49,37,37,37,37,37,37,31,31,31,12,53,46,46,46,46,25,0],"gold":16,"neow_bonus":"REMOVE_CARD","is_prod":false,"is_daily":false,"chose_seed":false,"campfire_upgraded":4,"win_rate":0,"timestamp":1568520408,"path_taken":["M","?","?","M","M","R","E","R","T","$","R","E","?","$","R","BOSS","M","$","?","M","?","E"],"build_version":"2019-09-12","purchased_purges":1,"victory":false,"max_hp_per_floor":[61,66,66,66,66,66,66,66,66,66,66,66,66,66,66,66,66,66,66,66,66,66,66],"card_choices":[{"not_picked":["EmptyFist","EmptyBody"],"picked":"SpiritShield","floor":1},{"not_picked":["CarveReality","StepAndStrike","Prostrate"],"picked":"SKIP","floor":4},{"not_picked":["Prostrate","CrushJoints"],"picked":"FearNoEvil","floor":5},{"not_picked":["CrushJoints","Establishment"],"picked":"BattleHymn","floor":7},{"not_picked":["WindmillStrike","Prostrate"],"picked":"Vengeance","floor":12},{"not_picked":["FollowUp","CutThroughFate"],"picked":"EmptyMind","floor":13},{"not_picked":["DeusExMachina","ReachHeaven"],"picked":"BattleHymn","floor":16},{"not_picked":["EmptyMind+1","Wireheading+1"],"picked":"BowlingBash+1","floor":18},{"not_picked":["ThirdEye","Clarity","ForeignInfluence"],"picked":"SKIP","floor":21}],"player_experience":1073555,"relics_obtained":[{"floor":7,"key":"Whetstone"},{"floor":9,"key":"InkBottle"},{"floor":12,"key":"Bronze Scales"},{"floor":22,"key":"Necronomicon"}],"event_choices":[{"damage_healed":0,"gold_gain":0,"player_choice":"Donut","damage_taken":0,"max_hp_gain":5,"max_hp_loss":0,"event_name":"Big Fish","floor":2,"gold_loss":0},{"damage_healed":0,"gold_gain":75,"player_choice":"Gather Gold","damage_taken":11,"max_hp_gain":0,"max_hp_loss":0,"event_name":"World of Goop","floor":3,"gold_loss":0},{"damage_healed":0,"gold_gain":0,"player_choice":"Simplicity","damage_taken":0,"max_hp_gain":0,"max_hp_loss":0,"event_name":"Back to Basics","floor":20,"gold_loss":0,"cards_upgraded":["Strike_P","Strike_P","Defend_P","Defend_P"]},{"damage_healed":0,"gold_gain":0,"player_choice":"Obtained Book","damage_taken":21,"max_hp_gain":0,"max_hp_loss":0,"event_name":"Cursed Tome","floor":22,"gold_loss":0}],"is_beta":true,"boss_relics":[{"not_picked":["Tiny House","Ectoplasm"],"picked":"Snecko Eye"}],"items_purged_floors":[10],"is_endless":false,"potions_floor_spawned":[1,4,7,16,18],"killed_by":"Gremlin Leader","ascension_level":20}