{"path_per_floor":["M","M","$","M","?","E","?","R","T","R","M","M","M","M","R","B",null,"M","?","$","M","M","R","M","M","T","M","E","M","?","M","R"],"character_chosen":"IRONCLAD","items_purchased":["Inflame","Inflame"],"gold_per_floor":[119,133,20,38,38,69,69,69,119,119,140,165,188,204,204,334,334,334,334,200,220,241,241,259,272,272,291,330,351,351,370,370,370],"floor_reached":33,"campfire_rested":0,"playtime":1179,"current_hp_per_floor":[80,80,80,80,60,43,26,26,26,26,27,33,39,45,45,16,85,77,61,61,65,64,64,60,72,72,55,47,43,43,36,36,0],"items_purged":["Strike_R","Defend_R"],"gold":370,"score":275,"play_id":"8b5b5cd2-9953-4ef9-b850-1e2ab7f223df","local_time":"20180516133153","is_prod":false,"is_daily":false,"chose_seed":false,"is_ascension_mode":false,"campfire_upgraded":5,"timestamp":1526491913,"path_taken":["M","?","$","M","?","E","?","R","T","R","M","M","M","M","R","BOSS","M","?","$","M","M","R","M","M","T","M","E","M","?","M","R","BOSS"],"build_version":"2018-05-15","seed_source_timestamp":1267251826701644,"purchased_purges":2,"victory":false,"master_deck":["Strike_R","Strike_R","Strike_R","Strike_R","Defend_R","Defend_R+1","Bash+1","Shrug It Off+1","Ghostly Armor","Inflame+1","Clash","Armaments+1","Shrug It Off","Metallicize+1","Reaper","Limit Break+1","Necronomicurse","Inflame","Flex+1","Thunderclap"],"max_hp_per_floor":[80,80,80,80,80,85,85,85,85,85,85,85,85,85,85,85,85,85,85,85,85,85,85,85,85,85,85,85,85,85,85,85,85],"relics":["Burning Blood","NeowsBlessing","Golden Idol","Bag of Preparation","Bag of Marbles","Black Star","Necronomicon","Charon\u0027s Ashes","Ancient Tea Set","Bronze Scales"],"card_choices":[{"not_picked":["Sentinel","Power Through"],"picked":"Shrug It Off","floor":1},{"not_picked":["Heavy Blade","Rage"],"picked":"Ghostly Armor","floor":2},{"not_picked":["Heavy Blade","Feel No Pain"],"picked":"Clash","floor":4},{"not_picked":["Ghostly Armor","Cleave"],"picked":"Armaments","floor":6},{"not_picked":["Carnage","Heavy Blade"],"picked":"Shrug It Off","floor":11},{"not_picked":["Second Wind","Rupture","Dual Wield"],"picked":"SKIP","floor":12},{"not_picked":["Clothesline","Pommel Strike"],"picked":"Metallicize","floor":13},{"not_picked":["Warcry","Perfected Strike"],"picked":"Reaper","floor":14},{"not_picked":["Reaper","Juggernaut"],"picked":"Limit Break","floor":16},{"not_picked":["Body Slam","Second Wind","Twin Strike"],"picked":"SKIP","floor":21},{"not_picked":["Fire Breathing","Havoc"],"picked":"Flex+1","floor":22},{"not_picked":["Body Slam","Warcry","Inflame+1"],"picked":"SKIP","floor":24},{"not_picked":["Warcry+1","Rampage","Clothesline"],"picked":"SKIP","floor":25},{"not_picked":["Clash+1","Power Through"],"picked":"Thunderclap","floor":27},{"not_picked":["Carnage","Twin Strike","Armaments+1"],"picked":"SKIP","floor":28},{"not_picked":["Power Through","Dual Wield","Shrug It Off+1"],"picked":"SKIP","floor":29},{"not_picked":["Flame Barrier","Heavy Blade","Fire Breathing+1"],"picked":"SKIP","floor":31}],"player_experience":468870,"potions_floor_usage":[6,18,24,25,27,33,33],"damage_taken":[{"damage":0,"enemies":"Cultist","floor":1,"turns":1},{"damage":0,"enemies":"2 Louse","floor":2,"turns":1},{"damage":0,"enemies":"Small Slimes","floor":4,"turns":1},{"damage":28,"enemies":"Lagavulin","floor":6,"turns":8},{"damage":5,"enemies":"3 Louse","floor":11,"turns":3},{"damage":0,"enemies":"Large Slime","floor":12,"turns":5},{"damage":0,"enemies":"Looter","floor":13,"turns":3},{"damage":0,"enemies":"Blue Slaver","floor":14,"turns":4},{"damage":35,"enemies":"Hexaghost","floor":16,"turns":14},{"damage":14,"enemies":"3 Byrds","floor":18,"turns":4},{"damage":2,"enemies":"Chosen","floor":21,"turns":3},{"damage":22,"enemies":"Snake Plant","floor":22,"turns":5},{"damage":31,"enemies":"Snecko","floor":24,"turns":7},{"damage":51,"enemies":"Slaver and Parasite","floor":25,"turns":8},{"damage":53,"enemies":"Cultist and Chosen","floor":27,"turns":5},{"damage":58,"enemies":"Slavers","floor":28,"turns":7},{"damage":10,"enemies":"Snecko","floor":29,"turns":4},{"damage":13,"enemies":"Snake Plant","floor":31,"turns":3},{"damage":93,"enemies":"Collector","floor":33,"turns":9}],"relics_obtained":[{"floor":6,"key":"Bag of Preparation"},{"floor":9,"key":"Bag of Marbles"},{"floor":19,"key":"Necronomicon"},{"floor":26,"key":"Charon\u0027s Ashes"},{"floor":28,"key":"Ancient Tea Set"},{"floor":28,"key":"Bronze Scales"}],"event_choices":[{"event_name":"Golden Idol","player_choice":"Take Damage","floor":5,"damage_taken":0},{"event_name":"Shining Light","player_choice":"Entered Light","floor":7,"damage_taken":0},{"event_name":"Cursed Tome","player_choice":"Obtained Book","floor":19,"damage_taken":0},{"event_name":"Back to Basics","player_choice":"Elegance","floor":30,"damage_taken":0}],"boss_relics":[{"not_picked":["Lizard Tail","Ectoplasm"],"picked":"Black Star"}],"potions_floor_spawned":[1,4,13,16,18,21,28,29],"seed_played":"-8897674964627154909","killed_by":"Collector","ascension_level":0,"potions_obtained":[{"floor":1,"key":"GamblersBrew"},{"floor":4,"key":"Fruit Juice"},{"floor":13,"key":"SmokeBomb"},{"floor":16,"key":"Block Potion"},{"floor":21,"key":"EssenceOfSteel"},{"floor":28,"key":"Fire Potion"},{"floor":29,"key":"PowerPotion"}],"is_trial":false}