{"path_per_floor":["M","M","?","$","M","R","$","R","T","T","M","R","E","M","R","B",null,"M","?","?","?","$","E","?","M","T","R","M","M","R","E","R","B",null,"M","?","?","?","?","E","R","E","T","R","M","M","$","?","R","B"],"character_chosen":"DEFECT","items_purchased":["Capacitor","Reinforced Body","Apotheosis","Gambling Chip"],"gold_per_floor":[111,122,122,23,36,36,2,2,2,50,68,68,100,115,115,219,219,239,239,239,239,25,56,56,68,68,68,87,102,102,136,136,236,236,253,253,253,307,307,340,340,369,395,395,414,427,25,25,25,25],"floor_reached":51,"campfire_rested":3,"playtime":5051,"current_hp_per_floor":[68,68,61,61,60,60,60,60,60,67,66,66,58,45,45,33,70,75,41,25,25,25,19,19,10,20,20,16,16,16,11,26,25,45,45,39,39,33,33,29,44,44,44,44,44,44,44,44,51,45],"items_purged":["Strike_B","Defend_B"],"gold":25,"score":1084,"play_id":"53639359-3bbf-47d8-8a6a-e77440c17284","local_time":"20180506143141","is_prod":false,"is_daily":false,"chose_seed":false,"is_ascension_mode":true,"campfire_upgraded":7,"timestamp":1525642301,"path_taken":["M","?","?","$","M","R","$","R","T","?","?","R","E","M","R","BOSS","M","?","?","?","?","E","?","M","T","R","M","M","R","E","R","BOSS","M","?","?","?","?","E","R","E","T","R","M","M","$","?","R","BOSS"],"build_version":"2018-05-03","seed_source_timestamp":95720137697751,"purchased_purges":2,"victory":true,"master_deck":["Defend_B","Defend_B","Zap+1","Dualcast+1","AscendersBane","Darkness+1","Steam Power","Capacitor","Tempest","Reinforced Body+1","Turbo","Undo","Sunder+1","Creative AI","Nova+1","Impulse+1","Axe Kick+1","BootSequence","Ghostly","Ghostly","Ghostly","Ghostly","Ghostly","Lockon","Apotheosis+1","Hologram+1","Turbo+1","All For One","Leap","Recycle","Reboot+1","Hologram+1","Madness","Madness","Steam Power","Storm+1","Defragment+1","Force Field+1","Tempest+1"],"max_hp_per_floor":[75,75,75,75,75,75,75,75,75,82,82,82,82,82,82,82,82,82,41,41,41,41,41,41,41,51,51,51,51,51,51,51,51,51,51,51,51,51,51,51,51,51,51,51,51,51,51,51,51,51],"relics":["Cracked Core","Dodecahedron","Strawberry","Bottled Lightning","Astrolabe","Enchiridion","Juzu Bracelet","Pear","Cables","Philosopher\u0027s Stone","Unceasing Top","Ancient Tea Set","Bag of Preparation","Orichalcum","Gambling Chip"],"card_choices":[{"not_picked":["Turbo","Stack"],"picked":"Darkness","floor":1},{"not_picked":["Tempest","Sweeping Beam"],"picked":"Steam Power","floor":2},{"not_picked":["Capacitor","Turbo"],"picked":"Tempest","floor":5},{"not_picked":["Rip and Tear","Cold Snap"],"picked":"Turbo","floor":11},{"not_picked":["Aggregate","Rebound"],"picked":"Undo","floor":13},{"not_picked":["Leap","Barrage"],"picked":"Sunder","floor":14},{"not_picked":["Biased Cognition","Amplify"],"picked":"Creative AI","floor":16},{"not_picked":["Go for the Eyes","Hologram"],"picked":"BootSequence","floor":18},{"not_picked":["Barrage","Beam Cell"],"picked":"Hologram","floor":23},{"not_picked":["Force Field","Rebound"],"picked":"Turbo","floor":25},{"not_picked":["Leap","Turbo"],"picked":"All For One","floor":28},{"not_picked":["Stack","Darkness"],"picked":"Leap","floor":29},{"not_picked":["Defragment","Conserve Battery"],"picked":"Recycle","floor":31},{"not_picked":["Creative AI","Hyperbeam"],"picked":"Reboot","floor":33},{"not_picked":["Reinforced Body","Leap"],"picked":"Hologram","floor":35},{"not_picked":["Panache","Mind Blast"],"picked":"Blind","floor":37},{"not_picked":["Leap","Reinforced Body"],"picked":"Steam Power","floor":38},{"not_picked":["Streamline","Double Energy"],"picked":"Storm","floor":40},{"not_picked":["Turbo","Sweeping Beam"],"picked":"Defragment","floor":42},{"not_picked":["White Noise","Rip and Tear"],"picked":"Force Field","floor":45},{"not_picked":["Streamline","Sweeping Beam"],"picked":"Tempest","floor":46}],"player_experience":561101,"potions_floor_usage":[13,13,18,31,42],"damage_taken":[{"damage":0,"enemies":"Cultist","floor":1,"turns":4},{"damage":0,"enemies":"Small Slimes","floor":2,"turns":3},{"damage":1,"enemies":"2 Louse","floor":5,"turns":3},{"damage":1,"enemies":"Looter","floor":11,"turns":4},{"damage":8,"enemies":"Gremlin Nob","floor":13,"turns":4},{"damage":13,"enemies":"Exordium Wildlife","floor":14,"turns":3},{"damage":21,"enemies":"The Guardian","floor":16,"turns":10},{"damage":1,"enemies":"3 Byrds","floor":18,"turns":3},{"damage":12,"enemies":"Gremlin Leader","floor":23,"turns":7},{"damage":9,"enemies":"Shell Parasite","floor":25,"turns":6},{"damage":4,"enemies":"Snake Plant","floor":28,"turns":5},{"damage":0,"enemies":"Slaver and Parasite","floor":29,"turns":5},{"damage":12,"enemies":"Slavers","floor":31,"turns":7},{"damage":1,"enemies":"Automaton","floor":33,"turns":10},{"damage":28,"enemies":"3 Darklings","floor":35,"turns":5},{"damage":33,"enemies":"Mysterious Sphere","floor":38,"turns":6},{"damage":5,"enemies":"2 Orb Walkers","floor":40,"turns":7},{"damage":3,"enemies":"Nemesis","floor":42,"turns":5},{"damage":0,"enemies":"3 Shapes","floor":45,"turns":3},{"damage":0,"enemies":"3 Darklings","floor":46,"turns":5},{"damage":6,"enemies":"Time Eater","floor":50,"turns":10}],"event_choices":[{"event_name":"Golden Wing","player_choice":"Card Removal","floor":3,"damage_taken":0},{"event_name":"Ghosts","player_choice":"Became a Ghost","floor":19,"damage_taken":0},{"event_name":"Cursed Tome","player_choice":"Obtained Book","floor":20,"damage_taken":0},{"event_name":"Match and Keep!","player_choice":"1 cards matched","floor":21,"damage_taken":0},{"event_name":"Addict","player_choice":"Ignored","floor":24,"damage_taken":0},{"event_name":"Winding Halls","player_choice":"Embrace Madness","floor":36,"damage_taken":0},{"event_name":"SensoryStone","player_choice":"Memory 1","floor":37,"damage_taken":0},{"event_name":"Mysterious Sphere","player_choice":"Fight","floor":38,"damage_taken":0},{"event_name":"Tomb of Lord Red Mask","player_choice":"Ignored","floor":39,"damage_taken":0}],"boss_relics":[{"not_picked":["Calling Bell","Lizard Tail"],"picked":"Astrolabe"},{"not_picked":["Orrery","Eternal Feather"],"picked":"Philosopher\u0027s Stone"}],"potions_floor_spawned":[1,5,14,23,28,33,35,38,40],"seed_played":"-3799170104346540462","ascension_level":10,"is_trial":false}