{"path_per_floor":["M","?","?","M","$","R","$","E","T","?","R","$","R","M","R","B",null,"M","M","M","$","?","$","R","?","T","M","R"],"character_chosen":"THE_SILENT","items_purchased":["Bottled Tornado"],"gold_per_floor":[116,116,116,136,136,136,136,163,163,163,163,113,113,130,130,227,227,244,260,275,29,29,29,29,29,29,46,46,46],"floor_reached":29,"campfire_rested":1,"playtime":810,"current_hp_per_floor":[69,62,59,61,61,61,61,48,48,70,70,70,70,67,67,1,70,59,39,29,29,16,16,38,38,38,25,25,0],"items_purged":["Strike_G"],"gold":46,"score":277,"play_id":"3036258b-6b40-4724-89ee-fee62e351634","local_time":"20180417184812","is_prod":false,"is_daily":false,"chose_seed":false,"is_ascension_mode":true,"campfire_upgraded":5,"timestamp":1524005292,"path_taken":["M","?","?","?","$","R","?","E","T","?","R","?","R","M","R","BOSS","M","M","M","$","?","$","R","?","T","M","R","M"],"build_version":"2018-04-12","seed_source_timestamp":1450650741416810,"purchased_purges":1,"victory":false,"master_deck":["Defend_G","Defend_G","Defend_G","Defend_G","Defend_G","Survivor","Neutralize+1","Deadly Poison+1","Deflect","Envenom+1","Slice+1","Adrenaline+1","Choke+1","Eviscerate+1","Tools of the Trade+1","Underhanded Strike+1","Dagger Spray+1","Flying Knee+1","Bite+1","Bite","Bite","Bite","Bite","Expertise+1"],"max_hp_per_floor":[70,70,70,70,70,70,70,70,70,70,70,70,70,70,70,70,70,70,70,70,70,75,75,75,75,75,75,75,75],"relics":["Ring of the Snake","Smiling Mask","Toxic Egg 2","Astrolabe","Bottled Tornado","Vajra"],"card_choices":[{"not_picked":["Flying Knee","PiercingWail"],"picked":"Deadly Poison","floor":1},{"not_picked":["Tools of the Trade","Bane"],"picked":"Deflect","floor":4},{"not_picked":["Noxious Fumes","All Out Attack"],"picked":"Envenom","floor":8},{"not_picked":["Underhanded Strike","Acrobatics"],"picked":"Slice","floor":14},{"not_picked":["Night Terror","A Thousand Cuts"],"picked":"Adrenaline","floor":16},{"not_picked":["Deflect","Flying Knee"],"picked":"Underhanded Strike","floor":18},{"not_picked":["Poisoned Stab","Well Laid Plans"],"picked":"Dagger Spray","floor":19},{"not_picked":["Sucker Punch","Acrobatics"],"picked":"Flying Knee","floor":20},{"not_picked":["Dagger Throw","Poisoned Stab"],"picked":"Expertise","floor":27}],"player_experience":361668,"potions_floor_usage":[16,29],"damage_taken":[{"damage":1,"enemies":"Jaw Worm","floor":1,"turns":5},{"damage":0,"enemies":"Small Slimes","floor":4,"turns":3},{"damage":15,"enemies":"3 Sentries","floor":8,"turns":14},{"damage":3,"enemies":"2 Louse","floor":14,"turns":3},{"damage":68,"enemies":"Slime Boss","floor":16,"turns":13},{"damage":11,"enemies":"Chosen","floor":18,"turns":5},{"damage":22,"enemies":"Spheric Guardian","floor":19,"turns":5},{"damage":12,"enemies":"3 Cultists","floor":20,"turns":4},{"damage":19,"enemies":"Snake Plant","floor":27,"turns":3},{"damage":35,"enemies":"Slaver and Parasite","floor":29,"turns":3}],"event_choices":[{"event_name":"Golden Wing","player_choice":"Card Removal","floor":2,"damage_taken":0},{"event_name":"Scrap Ooze","player_choice":"success","floor":3,"damage_taken":3},{"event_name":"Big Fish","player_choice":"Banana","floor":10,"damage_taken":0},{"event_name":"Forgotten Altar","player_choice":"Shed Blood","floor":22,"damage_taken":0},{"event_name":"Vampires","player_choice":"Became a vampire (Vial)","floor":25,"damage_taken":0}],"boss_relics":[{"not_picked":["Sozu","White Beast Statue"],"picked":"Astrolabe"}],"potions_floor_spawned":[8,20,27],"seed_played":"-1837158261830987238","killed_by":"Slaver and Parasite","ascension_level":3,"is_trial":false}