{"gold_per_floor":[369,389,258,258,104,104,115,115,171,189,199,172,172,192,192,289,289,257,257,100,100,111,111,43,43,95,105,115,115,131,185,185,286,286,302,322,337,337,351,351,364,364,364,58,76,76,96,150,150,150],"floor_reached":50,"playtime":1733,"items_purged":["Pain","Strike_G"],"score":461,"play_id":"267055b4-2b02-42ab-8a32-46b7455e6d22","local_time":"20190721005331","is_ascension_mode":false,"campfire_choices":[{"data":"Accuracy","floor":6,"key":"SMITH"},{"data":"Bandage Up","floor":8,"key":"SMITH"},{"data":"Cloak And Dagger","floor":15,"key":"SMITH"},{"data":"Crippling Poison","floor":23,"key":"SMITH"},{"data":"Caltrops","floor":25,"key":"SMITH"},{"data":"Footwork","floor":29,"key":"SMITH"},{"data":"Caltrops","floor":32,"key":"SMITH"},{"data":"A Thousand Cuts","floor":40,"key":"SMITH"},{"floor":42,"key":"REST"},{"floor":46,"key":"REST"},{"floor":49,"key":"REST"}],"neow_cost":"PERCENT_DAMAGE","seed_source_timestamp":1244167532527818,"circlet_count":0,"master_deck":["Strike_G","Strike_G","Defend_G","Defend_G","Defend_G","Defend_G","Defend_G","Survivor","Neutralize","Cloak And Dagger+1","Crippling Poison+1","Infinite Blades","Bandage Up+1","Accuracy+1","Well Laid Plans","Cloak And Dagger","Bane","Malaise+1","Slice","Slice","Caltrops+1","Caltrops+1","Footwork+1","Blade Dance+1","A Thousand Cuts+1","Expertise+1","Concentrate+1","Calculated Gamble"],"relics":["Ring of the Snake","WarpedTongs","Tiny Chest","WristBlade","Oddly Smooth Stone","Orichalcum","Potion Belt","Empty Cage","Incense Burner","Chemical X","Tingsha"],"potions_floor_usage":[33,33,37,41,48,48,50],"damage_taken":[{"damage":1,"enemies":"Cultist","floor":1,"turns":6},{"damage":3,"enemies":"2 Louse","floor":2,"turns":3},{"damage":0,"enemies":"Small Slimes","floor":7,"turns":2},{"damage":3,"enemies":"Looter","floor":10,"turns":3},{"damage":15,"enemies":"Gremlin Gang","floor":11,"turns":5},{"damage":12,"enemies":"Exordium Thugs","floor":14,"turns":4},{"damage":25,"enemies":"Hexaghost","floor":16,"turns":11},{"damage":19,"enemies":"2 Thieves","floor":18,"turns":5},{"damage":6,"enemies":"Shell Parasite","floor":22,"turns":5},{"damage":7,"enemies":"Centurion and Healer","floor":27,"turns":6},{"damage":23,"enemies":"Shelled Parasite and Fungi","floor":28,"turns":4},{"damage":0,"enemies":"Cultist and Chosen","floor":30,"turns":4},{"damage":40,"enemies":"Collector","floor":33,"turns":9},{"damage":16,"enemies":"Orb Walker","floor":35,"turns":3},{"damage":0,"enemies":"3 Shapes","floor":36,"turns":6},{"damage":43,"enemies":"Transient","floor":37,"turns":5},{"damage":30,"enemies":"Jaw Worm Horde","floor":39,"turns":5},{"damage":31,"enemies":"Sphere and 2 Shapes","floor":41,"turns":5},{"damage":3,"enemies":"Maw","floor":45,"turns":7},{"damage":7,"enemies":"3 Darklings","floor":47,"turns":3},{"damage":14,"enemies":"2 Orb Walkers","floor":48,"turns":4},{"damage":68,"enemies":"Awakened One","floor":50,"turns":3}],"seed_played":"-508906717468340634","potions_obtained":[{"floor":10,"key":"Dexterity Potion"},{"floor":14,"key":"Block Potion"},{"floor":27,"key":"Block Potion"},{"floor":37,"key":"Poison Potion"},{"floor":39,"key":"LiquidBronze"},{"floor":45,"key":"Energy Potion"},{"floor":48,"key":"Fire Potion"}],"is_trial":false,"path_per_floor":["M","M","$","?","$","R","M","R","T","M","M","?","?","M","R","B",null,"M","?","$","?","M","R","$","R","T","M","M","R","M","T","R","B",null,"M","M","M","?","M","R","M","R","T","$","M","R","M","?","R","B"],"character_chosen":"THE_SILENT","items_purchased":["Infinite Blades","Bandage Up","Accuracy","Oddly Smooth Stone","Caltrops","Chemical X"],"campfire_rested":3,"item_purchase_floors":[3,3,5,20,24,44],"current_hp_per_floor":[48,45,45,45,45,45,45,45,45,48,39,39,39,33,33,14,70,57,57,57,57,57,57,57,57,57,56,39,39,45,45,45,11,70,60,66,27,61,31,31,6,24,24,24,27,45,44,36,54,0],"gold":150,"neow_bonus":"TWO_FIFTY_GOLD","is_prod":false,"is_daily":false,"chose_seed":false,"campfire_upgraded":8,"win_rate":0,"timestamp":1563684811,"path_taken":["M","M","?","?","$","R","M","R","T","?","M","?","?","M","R","BOSS","M","?","$","?","M","R","$","R","T","M","M","R","?","?","R","BOSS","M","M","M","?","M","R","M","R","T","$","M","R","M","?","R","BOSS"],"build_version":"2019-07-17","purchased_purges":2,"victory":false,"max_hp_per_floor":[70,70,70,70,70,70,70,70,70,70,70,70,70,70,70,70,70,70,70,70,70,70,70,70,70,70,70,70,70,70,70,70,70,70,70,70,70,61,61,61,61,61,61,61,61,61,61,61,61,61],"card_choices":[{"not_picked":["Flying Knee","Masterful Stab"],"picked":"Cloak And Dagger","floor":1},{"not_picked":["Backflip","Sucker Punch"],"picked":"Crippling Poison","floor":2},{"not_picked":["Dagger Throw","Slice"],"picked":"Well Laid Plans","floor":7},{"not_picked":["Quick Slash","Acrobatics","Escape Plan"],"picked":"SKIP","floor":10},{"not_picked":["Dagger Spray","Slice"],"picked":"Cloak And Dagger","floor":11},{"not_picked":["Outmaneuver","Poisoned Stab"],"picked":"Bane","floor":14},{"not_picked":["Corpse Explosion","Wraith Form v2"],"picked":"Malaise","floor":16},{"not_picked":["Flying Knee+1","Terror"],"picked":"Slice","floor":18},{"not_picked":["Acrobatics","Underhanded Strike+1"],"picked":"Slice","floor":22},{"not_picked":["Dagger Spray","Expertise"],"picked":"Caltrops","floor":27},{"not_picked":["Dagger Spray","Outmaneuver"],"picked":"Footwork","floor":28},{"not_picked":["Slice","Finisher+1"],"picked":"Blade Dance+1","floor":30},{"not_picked":["Burst","Unload"],"picked":"A Thousand Cuts","floor":33},{"not_picked":["Poisoned Stab+1","PiercingWail","Prepared"],"picked":"SKIP","floor":35},{"not_picked":["Backflip+1","Deflect","Dagger Spray+1"],"picked":"SKIP","floor":36},{"not_picked":["Sucker Punch+1","Heel Hook"],"picked":"Expertise+1","floor":37},{"not_picked":["Bane","Corpse Explosion","Choke"],"picked":"SKIP","floor":39},{"not_picked":["Prepared+1","Leg Sweep","Dagger Spray"],"picked":"SKIP","floor":41},{"not_picked":["Quick Slash+1","Bane","Deflect"],"picked":"SKIP","floor":45},{"not_picked":["Bane","Setup"],"picked":"Concentrate+1","floor":47},{"not_picked":["Dodge and Roll","Dagger Throw"],"picked":"Calculated Gamble","floor":48}],"player_experience":750467,"relics_obtained":[{"floor":9,"key":"Tiny Chest"},{"floor":26,"key":"Orichalcum"},{"floor":31,"key":"Potion Belt"},{"floor":43,"key":"Incense Burner"},{"floor":48,"key":"Tingsha"}],"event_choices":[{"damage_healed":0,"gold_gain":0,"player_choice":"Rummage","damage_taken":0,"relics_obtained":["WarpedTongs"],"max_hp_gain":0,"max_hp_loss":0,"event_name":"Accursed Blacksmith","floor":4,"gold_loss":0,"cards_obtained":["Pain"]},{"damage_healed":0,"gold_gain":0,"player_choice":"Left Gold","damage_taken":0,"max_hp_gain":0,"max_hp_loss":0,"event_name":"World of Goop","floor":12,"gold_loss":27},{"damage_healed":0,"gold_gain":0,"player_choice":"Ignored","damage_taken":0,"max_hp_gain":0,"max_hp_loss":0,"event_name":"Golden Wing","floor":13,"gold_loss":0},{"damage_healed":0,"gold_gain":0,"player_choice":"Ignored","damage_taken":0,"max_hp_gain":0,"max_hp_loss":0,"event_name":"Ghosts","floor":19,"gold_loss":0},{"damage_healed":0,"gold_gain":0,"player_choice":"Upgraded","damage_taken":0,"max_hp_gain":0,"max_hp_loss":0,"event_name":"Upgrade Shrine","floor":21,"gold_loss":0,"cards_upgraded":["Malaise"]},{"damage_healed":61,"gold_gain":0,"player_choice":"Heal","damage_taken":0,"max_hp_gain":0,"max_hp_loss":9,"event_name":"The Moai Head","floor":38,"gold_loss":0},{"damage_healed":0,"gold_gain":0,"player_choice":"Fight","damage_taken":0,"max_hp_gain":0,"max_hp_loss":0,"event_name":"Mysterious Sphere","floor":48,"gold_loss":0}],"is_beta":false,"boss_relics":[{"not_picked":["Velvet Choker","Black Star"],"picked":"WristBlade"},{"not_picked":["Orrery","Astrolabe"],"picked":"Empty Cage"}],"items_purged_floors":[5,44],"is_endless":false,"potions_floor_spawned":[10,14,27,37,39,45,48],"killed_by":"Awakened One","ascension_level":0}