{"gold_per_floor":[111,125,50,50,66,66,66,80,128,128,147,170,170,170,170,298,298,313,213,233,158,177,177,52,95,122,170,188,188,188,206,206,327,327,342,358,358,377,477,477,502,502,525,543,566,566,566],"floor_reached":47,"playtime":1699,"items_purged":["Strike_B","Defend_B","Defend_B"],"score":439,"play_id":"0caff5fb-64de-4da1-84f1-a0f3315a4534","local_time":"20180726132005","is_ascension_mode":false,"campfire_choices":[{"data":"Steam","floor":6,"key":"SMITH"},{"data":"Zap","floor":10,"key":"SMITH"},{"data":"Glacier","floor":15,"key":"SMITH"},{"data":"Creative AI","floor":23,"key":"SMITH"},{"floor":30,"key":"REST"},{"floor":32,"key":"REST"},{"data":"Thunder Strike","floor":40,"key":"SMITH"},{"data":"Force Field","floor":42,"key":"SMITH"},{"floor":46,"key":"REST"}],"neow_cost":"NONE","seed_source_timestamp":40513187301070,"circlet_count":0,"master_deck":["Strike_B","Defend_B","Zap+1","Dualcast","Steam+1","Ball Lightning","Glacier+1","Redo+1","Creative AI+1","Force Field+1","Storm","Machine Learning","Thunder Strike+1","Barrage+1"],"relics":["Cracked Core","Golden Idol","Orichalcum","Empty Cage","Bronze Scales","Oddly Smooth Stone","DataDisk","Inserter","Regal Pillow"],"potions_floor_usage":[16,25,25,33,41,44,44,45],"damage_taken":[{"damage":0,"enemies":"Small Slimes","floor":1,"turns":4},{"damage":1,"enemies":"Cultist","floor":2,"turns":3},{"damage":0,"enemies":"2 Louse","floor":5,"turns":2},{"damage":2,"enemies":"2 Fungi Beasts","floor":8,"turns":3},{"damage":1,"enemies":"Exordium Thugs","floor":11,"turns":4},{"damage":3,"enemies":"Exordium Wildlife","floor":12,"turns":4},{"damage":20,"enemies":"Slime Boss","floor":16,"turns":17},{"damage":7,"enemies":"3 Byrds","floor":18,"turns":3},{"damage":9,"enemies":"Shell Parasite","floor":20,"turns":7},{"damage":23,"enemies":"Snake Plant","floor":22,"turns":4},{"damage":16,"enemies":"Slavers","floor":25,"turns":6},{"damage":14,"enemies":"Cultist and Chosen","floor":28,"turns":5},{"damage":0,"enemies":"Chosen and Byrds","floor":31,"turns":6},{"damage":6,"enemies":"Automaton","floor":33,"turns":7},{"damage":18,"enemies":"Orb Walker","floor":35,"turns":3},{"damage":8,"enemies":"3 Shapes","floor":36,"turns":4},{"damage":0,"enemies":"Maw","floor":38,"turns":8},{"damage":38,"enemies":"Flame Bruiser 2 Orb","floor":41,"turns":4},{"damage":27,"enemies":"Spire Growth","floor":44,"turns":5},{"damage":0,"enemies":"Maw","floor":45,"turns":8},{"damage":35,"enemies":"Flame Bruiser 2 Orb","floor":47,"turns":2}],"seed_played":"5333506199418127119","potions_obtained":[{"floor":4,"key":"Fire Potion"},{"floor":4,"key":"Ancient Potion"},{"floor":4,"key":"EssenceOfSteel"},{"floor":16,"key":"SpeedPotion"},{"floor":28,"key":"EssenceOfSteel"},{"floor":31,"key":"Regen Potion"},{"floor":38,"key":"SteroidPotion"},{"floor":41,"key":"PowerPotion"},{"floor":44,"key":"FocusPotion"}],"is_trial":false,"path_per_floor":["M","M","$","?","M","R","?","M","T","R","M","M","?","?","R","B",null,"M","$","M","?","M","R","$","E","T","T","M","?","R","M","R","B",null,"M","M","?","M","?","R","M","R","T","M","M","R"],"character_chosen":"DEFECT","items_purchased":[],"campfire_rested":3,"item_purchase_floors":[],"current_hp_per_floor":[75,74,74,74,74,74,56,54,54,54,53,50,50,50,50,30,75,68,68,59,59,36,36,36,20,20,20,6,6,28,28,50,59,75,57,49,66,66,66,66,28,28,28,1,1,35,0],"gold":566,"neow_bonus":"THREE_CARDS","is_prod":false,"is_daily":false,"chose_seed":false,"campfire_upgraded":6,"win_rate":0,"timestamp":1532625605,"path_taken":["M","M","$","?","M","R","?","M","T","R","?","M","?","?","R","BOSS","M","$","?","?","?","R","$","E","T","?","M","?","R","M","R","BOSS","M","?","?","M","?","R","M","R","T","M","M","R","?"],"build_version":"2018-07-24","purchased_purges":3,"victory":false,"max_hp_per_floor":[75,75,75,75,75,75,75,75,75,75,75,75,75,75,75,75,75,75,75,75,75,75,75,75,75,75,75,75,75,75,75,75,75,75,75,75,66,66,66,66,66,66,66,66,66,66,66],"card_choices":[{"not_picked":["Melter","Compile Driver"],"picked":"Steam","floor":0},{"not_picked":["Steam","Cold Snap"],"picked":"Ball Lightning","floor":1},{"not_picked":["Steam","Turbo"],"picked":"Glacier","floor":2},{"not_picked":["Blizzard","Multi-Cast","Stack"],"picked":"SKIP","floor":5},{"not_picked":["Gash","White Noise"],"picked":"Redo","floor":8},{"not_picked":["Rip and Tear","Reinforced Body","Steam"],"picked":"SKIP","floor":11},{"not_picked":["Gash","Go for the Eyes","Redo"],"picked":"SKIP","floor":12},{"not_picked":["Rainbow","Reboot"],"picked":"Creative AI","floor":16},{"not_picked":["Sweeping Beam","Leap"],"picked":"Force Field","floor":18},{"not_picked":["Hologram","Beam Cell"],"picked":"Storm","floor":20},{"not_picked":["Aggregate","Redo","Cold Snap"],"picked":"SKIP","floor":22},{"not_picked":["Consume","Rebound+1","Hologram"],"picked":"SKIP","floor":25},{"not_picked":["BootSequence","Reinforced Body","Double Energy"],"picked":"SKIP","floor":28},{"not_picked":["Go for the Eyes","BootSequence+1","Doom and Gloom"],"picked":"SKIP","floor":31},{"not_picked":["Fission","Hyperbeam"],"picked":"Machine Learning","floor":33},{"not_picked":["Hologram+1","Chaos+1","Stack"],"picked":"SKIP","floor":35},{"not_picked":["Redo","Hologram","FTL+1"],"picked":"SKIP","floor":36},{"not_picked":["Conserve Battery+1","Lockon"],"picked":"Thunder Strike","floor":38},{"not_picked":["Leap","Turbo","Rebound"],"picked":"SKIP","floor":41},{"not_picked":["Leap","Redo+1","Cold Snap+1"],"picked":"SKIP","floor":44},{"not_picked":["Loop","Conserve Battery"],"picked":"Barrage+1","floor":45}],"player_experience":846966,"relics_obtained":[{"floor":9,"key":"Orichalcum"},{"floor":25,"key":"Bronze Scales"},{"floor":26,"key":"Oddly Smooth Stone"},{"floor":27,"key":"DataDisk"},{"floor":43,"key":"Regal Pillow"}],"event_choices":[{"event_name":"The Lab","player_choice":"Got Potions","floor":4,"damage_taken":0},{"event_name":"Golden Idol","player_choice":"Take Damage","floor":7,"damage_taken":0},{"event_name":"Living Wall","player_choice":"Grow","floor":13,"damage_taken":0},{"event_name":"NoteForYourself","player_choice":"Took Card","floor":14,"damage_taken":0},{"event_name":"Beggar","player_choice":"Gave Gold","floor":21,"damage_taken":0},{"event_name":"Cursed Tome","player_choice":"Ignored","floor":29,"damage_taken":0},{"event_name":"The Moai Head","player_choice":"Heal","floor":37,"damage_taken":0},{"event_name":"Golden Shrine","player_choice":"Pray","floor":39,"damage_taken":0}],"is_beta":true,"boss_relics":[{"not_picked":["Coffee Dripper","Nuclear Battery"],"picked":"Empty Cage"},{"not_picked":["Tiny House","Cursed Key"],"picked":"Inserter"}],"items_purged_floors":[3,19,24],"is_endless":false,"potions_floor_spawned":[5,8,12,16,22,28,31,38,41,44],"killed_by":"Flame Bruiser 2 Orb","ascension_level":0}