{"gold_per_floor":[368,368,7,18,30,30,55,3,26,40,66,99,30,30,30,126,126,140,155,29,29,44,44,18,36,36,54,54,14,14,29,29,127,127,147,157,157],"floor_reached":37,"playtime":2206,"items_purged":["Strike_R"],"score":531,"play_id":"96686181-b4d0-4e23-93f5-905612a1f437","local_time":"20190227211916","is_ascension_mode":true,"campfire_choices":[{"data":"Corruption","floor":6,"key":"SMITH"},{"data":"Armaments","floor":15,"key":"SMITH"},{"floor":23,"key":"REST"},{"floor":28,"key":"REST"},{"floor":30,"key":"REST"},{"data":"Uppercut","floor":32,"key":"SMITH"}],"neow_cost":"PERCENT_DAMAGE","seed_source_timestamp":37466734581605,"circlet_count":0,"master_deck":["Strike_R","Strike_R","Strike_R","Defend_R","Defend_R","Defend_R","Defend_R","Bash+1","Heavy Blade+1","Corruption+1","Thunderclap","Armaments+1","Evolve","True Grit","Metallicize","Juggernaut","Iron Wave","Uppercut+1","Headbutt","True Grit","Metallicize+1","Combust+1","Barricade","Intimidate+1"],"relics":["Burning Blood","Mercury Hourglass","Lantern","Omamori","Whetstone","Sundial","Mark of Pain","NlothsMask","Busted Crown"],"potions_floor_usage":[7,7,12,16,22,25,27,31,33,33,33,33,33,33],"damage_taken":[{"damage":6,"enemies":"Jaw Worm","floor":1,"turns":5},{"damage":1,"enemies":"Cultist","floor":4,"turns":3},{"damage":1,"enemies":"2 Louse","floor":5,"turns":2},{"damage":25,"enemies":"Lagavulin","floor":7,"turns":4},{"damage":4,"enemies":"Red Slaver","floor":10,"turns":3},{"damage":15,"enemies":"3 Sentries","floor":12,"turns":6},{"damage":10,"enemies":"Slime Boss","floor":16,"turns":7},{"damage":36,"enemies":"3 Byrds","floor":18,"turns":4},{"damage":34,"enemies":"Spheric Guardian","floor":19,"turns":6},{"damage":9,"enemies":"Snake Plant","floor":22,"turns":4},{"damage":31,"enemies":"Shelled Parasite and Fungi","floor":25,"turns":6},{"damage":8,"enemies":"Centurion and Healer","floor":27,"turns":7},{"damage":19,"enemies":"Snake Plant","floor":31,"turns":4},{"damage":21,"enemies":"Automaton","floor":33,"turns":8},{"damage":54,"enemies":"3 Darklings","floor":35,"turns":6},{"damage":3,"enemies":"3 Shapes","floor":36,"turns":4},{"damage":30,"enemies":"3 Darklings","floor":37,"turns":3}],"seed_played":"-1895109813185128238","potions_obtained":[{"floor":4,"key":"Fire Potion"},{"floor":7,"key":"Block Potion"},{"floor":18,"key":"Swift Potion"},{"floor":25,"key":"SkillPotion"},{"floor":29,"key":"GamblersBrew"},{"floor":29,"key":"EntropicBrew"},{"floor":29,"key":"EssenceOfSteel"},{"floor":33,"key":"Fruit Juice"},{"floor":35,"key":"Energy Potion"}],"is_trial":false,"path_per_floor":["M","?","$","M","M","R","E","$","T","M","T","E","$","?","R","B",null,"M","M","$","?","M","R","$","M","T","M","R","?","R","M","R","B",null,"M","M","M"],"character_chosen":"IRONCLAD","items_purchased":["Mercury Hourglass","Corruption","Strength Potion","SteroidPotion","Metallicize","SteroidPotion","True Grit"],"campfire_rested":3,"item_purchase_floors":[3,3,3,8,13,20,24],"current_hp_per_floor":[51,51,51,56,61,61,42,42,42,44,44,35,35,61,61,57,74,44,16,16,16,13,37,37,12,12,10,34,34,58,45,45,35,73,25,28,0],"gold":157,"neow_bonus":"TWO_FIFTY_GOLD","is_prod":false,"is_daily":false,"chose_seed":false,"campfire_upgraded":3,"win_rate":0,"timestamp":1551298756,"path_taken":["M","?","?","?","M","R","E","$","T","M","?","E","$","?","R","BOSS","M","M","$","?","M","R","$","?","T","M","R","?","R","M","R","BOSS","M","M","M"],"build_version":"2019-01-23","purchased_purges":1,"victory":false,"max_hp_per_floor":[80,80,80,80,80,80,80,80,80,80,80,80,80,80,80,80,80,80,80,80,80,80,80,80,80,80,80,80,80,80,80,80,85,85,85,85,85],"card_choices":[{"not_picked":["Hemokinesis","Perfected Strike"],"picked":"Heavy Blade","floor":1},{"not_picked":["Warcry","Perfected Strike"],"picked":"Thunderclap","floor":4},{"not_picked":["Dual Wield","Thunderclap","Anger"],"picked":"SKIP","floor":5},{"not_picked":["Berserk","Bludgeon"],"picked":"Armaments","floor":7},{"not_picked":["Thunderclap","Armaments"],"picked":"Evolve","floor":10},{"not_picked":["Flex","Heavy Blade"],"picked":"True Grit","floor":12},{"not_picked":["Brutality","Impervious"],"picked":"Juggernaut","floor":16},{"not_picked":["Twin Strike+1","Pommel Strike+1"],"picked":"Iron Wave","floor":18},{"not_picked":["Thunderclap","Clothesline"],"picked":"Uppercut","floor":19},{"not_picked":["Anger","Heavy Blade"],"picked":"Headbutt","floor":22},{"not_picked":["Thunderclap","Second Wind"],"picked":"Metallicize+1","floor":25},{"not_picked":["Entrench","Sword Boomerang","Anger"],"picked":"SKIP","floor":27},{"not_picked":["Clothesline","Shrug It Off"],"picked":"Combust+1","floor":31},{"not_picked":["Demon Form","Offering"],"picked":"Barricade","floor":33},{"not_picked":[],"picked":"Intimidate+1","floor":35},{"not_picked":["Pummel+1"],"picked":"SKIP","floor":36}],"player_experience":288459,"relics_obtained":[{"floor":7,"key":"Lantern"},{"floor":9,"key":"Omamori"},{"floor":11,"key":"Whetstone"},{"floor":12,"key":"Sundial"}],"event_choices":[{"cards_removed":["Strike_R"],"damage_healed":0,"gold_gain":0,"player_choice":"Offered Basic","damage_taken":0,"max_hp_gain":0,"max_hp_loss":0,"event_name":"Bonfire Elementals","floor":2,"gold_loss":0},{"damage_healed":26,"gold_gain":0,"player_choice":"Banana","damage_taken":0,"max_hp_gain":0,"max_hp_loss":0,"event_name":"Big Fish","floor":14,"gold_loss":0},{"damage_healed":0,"gold_gain":0,"player_choice":"Trade","damage_taken":0,"relics_obtained":["NlothsMask"],"max_hp_gain":0,"max_hp_loss":0,"event_name":"FaceTrader","floor":21,"gold_loss":0},{"damage_healed":0,"gold_gain":0,"player_choice":"Bought 3 Potions","damage_taken":0,"max_hp_gain":0,"max_hp_loss":0,"event_name":"The Woman in Blue","floor":29,"gold_loss":0}],"is_beta":false,"boss_relics":[{"not_picked":["Astrolabe","Orrery"],"picked":"Mark of Pain"},{"not_picked":["Cursed Key","Eternal Feather"],"picked":"Busted Crown"}],"items_purged_floors":[20],"is_endless":false,"potions_floor_spawned":[4,7,18,25,33,35],"killed_by":"3 Darklings","ascension_level":8}