{"gold_per_floor":[116,127,52,65,65,98,98,128,128,145,145,145,161,161,161,259,259,184,184,184,184,184,184,184,184,184,84,84,9,9,9,9,9,9,9,0,0,0,0,0,0,0,0,0],"floor_reached":44,"playtime":3019,"items_purged":["Strike_R","Writhe"],"score":635,"play_id":"9698a504-514e-4c9f-b9e4-ec025ecdd841","local_time":"20190307172927","is_ascension_mode":true,"campfire_choices":[{"data":"Inflame","floor":7.0,"key":"SMITH"},{"data":"Disarm","floor":12.0,"key":"SMITH"},{"data":"Armaments","floor":15.0,"key":"SMITH"},{"data":"Uppercut","floor":23.0,"key":"SMITH"},{"floor":30.0,"key":"REST"},{"data":"Bash","floor":32.0,"key":"SMITH"},{"data":"Anger","floor":40,"key":"SMITH"},{"floor":42,"key":"REST"}],"neow_cost":"NONE","seed_source_timestamp":0,"circlet_count":0,"master_deck":["Strike_R","Strike_R+1","Defend_R","Defend_R","Defend_R","Bash+1","Anger+1","Iron Wave+1","Inflame+1","Disarm+1","Armaments+1","Shrug It Off","Evolve","Fiend Fire","Dropkick+1","True Grit+1","Uppercut+1","Wild Strike+1","Bludgeon","Warcry+1","Demon Form","Headbutt+1","Sentinel+1","Power Through+1"],"special_seed":0,"relics":["Burning Blood","Potion Belt","Bottled Lightning","Art of War","Ectoplasm","Lantern","Mercury Hourglass","Whetstone","Omamori","Mark of Pain","Red Mask","Singing Bowl"],"potions_floor_usage":[],"damage_taken":[{"damage":0.0,"enemies":"Small Slimes","floor":1.0,"turns":3.0},{"damage":0.0,"enemies":"2 Louse","floor":2.0,"turns":2.0},{"damage":1.0,"enemies":"Cultist","floor":4.0,"turns":3.0},{"damage":55.0,"enemies":"3 Sentries","floor":6.0,"turns":11.0},{"damage":18.0,"enemies":"Lagavulin","floor":8.0,"turns":5.0},{"damage":5.0,"enemies":"2 Fungi Beasts","floor":10.0,"turns":4.0},{"damage":0.0,"enemies":"Blue Slaver","floor":13.0,"turns":4.0},{"damage":33.0,"enemies":"Hexaghost","floor":16.0,"turns":9.0},{"damage":24.0,"enemies":"2 Thieves","floor":18.0,"turns":5.0},{"damage":0.0,"enemies":"Chosen","floor":19.0,"turns":5.0},{"damage":18.0,"enemies":"Snecko","floor":20.0,"turns":6.0},{"damage":3.0,"enemies":"Snake Plant","floor":21.0,"turns":5.0},{"damage":20.0,"enemies":"Gremlin Leader","floor":24.0,"turns":5.0},{"damage":22.0,"enemies":"Sentry and Sphere","floor":25.0,"turns":4.0},{"damage":5.0,"enemies":"Chosen and Byrds","floor":28.0,"turns":5.0},{"damage":31.0,"enemies":"Champ","floor":33.0,"turns":14.0},{"damage":28.0,"enemies":"3 Darklings","floor":35.0,"turns":5.0},{"damage":14,"enemies":"3 Shapes","floor":39,"turns":5},{"damage":41,"enemies":"3 Darklings","floor":41,"turns":7},{"damage":61,"enemies":"Giant Head","floor":44,"turns":8}],"seed_played":"7984755571286763346","potions_obtained":[{"floor":6.0,"key":"AttackPotion"},{"floor":8.0,"key":"Explosive Potion"},{"floor":10.0,"key":"SteroidPotion"},{"floor":13.0,"key":"Poison Potion"},{"floor":16.0,"key":"AttackPotion"},{"floor":18.0,"key":"PowerPotion"},{"floor":20.0,"key":"Poison Potion"},{"floor":24.0,"key":"Block Potion"},{"floor":35.0,"key":"Weak Potion"}],"is_trial":false,"path_per_floor":["M","M","$","M","?","E","R","E","T","M","?","R","M","?","R","B",null,"M","M","M","M","?","R","E","M","T","$","M","?","R","T","R","B",null,"M","?","?","$","M","R","M","R","T","E"],"character_chosen":"IRONCLAD","items_purchased":[],"campfire_rested":2,"item_purchase_floors":[],"current_hp_per_floor":[78,80,80,80,73,24,24,12,12,13,39,39,45,45,45,18,65,47,53,41,44,44,44,30,14,14,14,15,15,39,39,39,14,64,42,42,62,62,54,54,19,43,43,0],"gold":0,"neow_bonus":"RANDOM_COMMON_RELIC","is_prod":false,"is_daily":false,"chose_seed":false,"campfire_upgraded":6,"win_rate":0,"timestamp":1551976167,"path_taken":["M","M","$","M","?","E","R","E","T","M","?","R","M","?","R","BOSS","M","M","?","M","?","R","E","M","T","$","M","?","R","?","R","BOSS","M","?","?","?","M","R","M","R","T","E"],"build_version":"2019-01-23","purchased_purges":2,"victory":false,"max_hp_per_floor":[80,80,80,80,80,80,80,80,80,80,80,80,80,80,80,80,80,80,80,80,80,80,80,80,80,80,80,80,80,80,80,80,80,80,80,80,80,80,80,80,80,80,80,80],"card_choices":[{"not_picked":["Wild Strike","Shrug It Off"],"picked":"Anger","floor":1.0},{"not_picked":["Hemokinesis","Twin Strike"],"picked":"Iron Wave","floor":2.0},{"not_picked":["Pummel","Pommel Strike"],"picked":"Inflame","floor":4.0},{"not_picked":["True Grit","Combust"],"picked":"Disarm","floor":6.0},{"not_picked":["Shrug It Off","Perfected Strike"],"picked":"Armaments","floor":8.0},{"not_picked":["Body Slam","Heavy Blade"],"picked":"Shrug It Off","floor":10.0},{"not_picked":["Heavy Blade","Sentinel"],"picked":"Evolve","floor":13.0},{"not_picked":["Berserk","Juggernaut"],"picked":"Fiend Fire","floor":16.0},{"not_picked":["Clash","Pommel Strike"],"picked":"Dropkick+1","floor":18.0},{"not_picked":["Flex+1","Sword Boomerang"],"picked":"True Grit+1","floor":19.0},{"not_picked":["Hemokinesis","Heavy Blade+1"],"picked":"Uppercut","floor":20.0},{"not_picked":["Perfected Strike","Sword Boomerang+1"],"picked":"Wild Strike+1","floor":21.0},{"not_picked":["Pommel Strike","Twin Strike"],"picked":"Bludgeon","floor":24.0},{"not_picked":["Wild Strike","Armaments","Twin Strike"],"picked":"SKIP","floor":25.0},{"not_picked":["Hemokinesis","Shrug It Off+1"],"picked":"Warcry+1","floor":28.0},{"not_picked":["Brutality","Limit Break"],"picked":"Demon Form","floor":33.0},{"not_picked":["Shrug It Off","True Grit+1"],"picked":"Headbutt+1","floor":35.0},{"not_picked":["Sword Boomerang","Clash"],"picked":"Sentinel+1","floor":39},{"not_picked":["True Grit","Pommel Strike"],"picked":"Power Through+1","floor":41}],"player_experience":335747,"relics_obtained":[{"floor":6.0,"key":"Bottled Lightning"},{"floor":8.0,"key":"Art of War"},{"floor":24.0,"key":"Mercury Hourglass"},{"floor":26.0,"key":"Whetstone"},{"floor":31.0,"key":"Omamori"},{"floor":43,"key":"Singing Bowl"}],"event_choices":[{"cards_removed":["Defend_R"],"damage_healed":0.0,"max_hp_gain":0.0,"max_hp_loss":0.0,"gold_gain":0.0,"event_name":"Golden Wing","player_choice":"Card Removal","floor":5.0,"gold_loss":0.0,"damage_taken":7.0},{"damage_healed":26.0,"max_hp_gain":0.0,"max_hp_loss":0.0,"gold_gain":0.0,"event_name":"Big Fish","player_choice":"Banana","floor":11.0,"gold_loss":0.0,"damage_taken":0.0},{"cards_removed":["Strike_R"],"damage_healed":0.0,"max_hp_gain":0.0,"max_hp_loss":0.0,"gold_gain":0.0,"event_name":"Bonfire Elementals","player_choice":"Offered Basic","floor":14.0,"gold_loss":0.0,"damage_taken":0.0},{"damage_healed":0.0,"max_hp_gain":0.0,"max_hp_loss":0.0,"gold_gain":0.0,"event_name":"The Mausoleum","player_choice":"Opened","floor":22.0,"gold_loss":0.0,"damage_taken":0.0,"relics_obtained":["Lantern"],"cards_obtained":["Writhe"]},{"cards_removed":["Strike_R"],"damage_healed":0.0,"max_hp_gain":0.0,"max_hp_loss":0.0,"gold_gain":0.0,"event_name":"Beggar","player_choice":"Gave Gold","floor":29.0,"gold_loss":75.0,"damage_taken":0.0},{"damage_healed":0.0,"max_hp_gain":0.0,"max_hp_loss":0.0,"gold_gain":0.0,"event_name":"Tomb of Lord Red Mask","player_choice":"Paid","floor":36.0,"gold_loss":9.0,"damage_taken":0.0,"relics_obtained":["Red Mask"]},{"damage_healed":20.0,"max_hp_gain":0.0,"max_hp_loss":0.0,"gold_gain":0.0,"event_name":"Winding Halls","player_choice":"Writhe","floor":37.0,"gold_loss":0.0,"damage_taken":0.0,"cards_obtained":["Writhe"]}],"is_beta":false,"boss_relics":[{"not_picked":["Orrery","Busted Crown"],"picked":"Ectoplasm"},{"not_picked":["Runic Cube","Pandora\u0027s Box"],"picked":"Mark of Pain"}],"items_purged_floors":[3,27],"is_endless":false,"potions_floor_spawned":[6,8,10,13,16,18,20,24,35],"killed_by":"Giant Head","ascension_level":9}