{"gold_per_floor":[117,42,42,53,64,64,74,85,85,101,115,15,29,40,40,141,141,158,158,171,171],"floor_reached":21,"playtime":893,"items_purged":["Defend_G","Strike_G"],"score":221,"play_id":"474d00c8-8aeb-493b-959e-fac9b63dc516","local_time":"20180815014636","is_ascension_mode":true,"campfire_choices":[{"data":"Blade Dance","floor":6,"key":"SMITH"},{"data":"Envenom","floor":15,"key":"SMITH"}],"neow_cost":"NONE","seed_source_timestamp":814557231477284,"circlet_count":0,"master_deck":["Defend_G","Defend_G","Defend_G","Strike_G","Strike_G","Survivor","Neutralize","Quick Slash","Blade Dance+1","Blade Dance","Well Laid Plans","Envenom+1","Adrenaline","Blade Dance","Prepared+1"],"relics":["Empty Cage","Anchor","Sozu","Nilry\u0027s Codex"],"potions_floor_usage":[8,21],"damage_taken":[{"damage":2,"enemies":"Cultist","floor":1,"turns":5},{"damage":7,"enemies":"Small Slimes","floor":4,"turns":4},{"damage":0,"enemies":"Jaw Worm","floor":5,"turns":5},{"damage":0,"enemies":"3 Louse","floor":7,"turns":3},{"damage":15,"enemies":"Exordium Wildlife","floor":8,"turns":3},{"damage":1,"enemies":"Looter","floor":10,"turns":3},{"damage":0,"enemies":"Blue Slaver","floor":11,"turns":3},{"damage":0,"enemies":"2 Fungi Beasts","floor":13,"turns":3},{"damage":0,"enemies":"Red Slaver","floor":14,"turns":3},{"damage":38,"enemies":"Hexaghost","floor":16,"turns":8},{"damage":15,"enemies":"Shell Parasite","floor":18,"turns":6},{"damage":6,"enemies":"2 Thieves","floor":20,"turns":4},{"damage":27,"enemies":"Sentry and Sphere","floor":21,"turns":4}],"seed_played":"-788390393214442798","potions_obtained":[{"floor":5,"key":"Energy Potion"},{"floor":7,"key":"Fire Potion"},{"floor":13,"key":"Energy Potion"},{"floor":16,"key":"AttackPotion"}],"is_trial":false,"path_per_floor":["M","$","?","M","M","R","M","M","T","M","M","$","M","M","R","B",null,"M","?","M"],"character_chosen":"THE_SILENT","items_purchased":[],"campfire_rested":0,"item_purchase_floors":[],"current_hp_per_floor":[68,68,68,61,61,61,61,46,46,45,45,45,45,45,45,7,54,39,23,17,0],"gold":171,"neow_bonus":"BOSS_RELIC","is_prod":false,"is_daily":false,"chose_seed":false,"campfire_upgraded":2,"win_rate":0,"timestamp":1534311996,"path_taken":["M","$","?","?","M","R","M","?","T","?","M","$","M","M","R","BOSS","M","?","M","M"],"build_version":"2018-08-13v2","purchased_purges":2,"victory":false,"max_hp_per_floor":[70,70,70,70,70,70,70,70,70,70,70,70,70,70,70,70,70,70,70,70,70],"card_choices":[{"not_picked":["Outmaneuver","Poisoned Stab","Accuracy"],"picked":"SKIP","floor":1},{"not_picked":["Deadly Poison","Riddle With Holes"],"picked":"Quick Slash","floor":4},{"not_picked":["Poisoned Stab","Expertise"],"picked":"Blade Dance","floor":5},{"not_picked":["Cloak And Dagger","Eviscerate"],"picked":"Blade Dance","floor":7},{"not_picked":["Concentrate","Riddle With Holes","Flying Knee"],"picked":"SKIP","floor":8},{"not_picked":["Grand Finale","Outmaneuver"],"picked":"Well Laid Plans","floor":10},{"not_picked":["Backflip","Poisoned Stab","Dodge and Roll"],"picked":"SKIP","floor":11},{"not_picked":["Flying Knee","Poisoned Stab","Bane"],"picked":"SKIP","floor":13},{"not_picked":["Caltrops","Underhanded Strike"],"picked":"Envenom","floor":14},{"not_picked":["Doppelganger","Storm of Steel"],"picked":"Adrenaline","floor":16},{"not_picked":["Skewer","Cloak And Dagger"],"picked":"Blade Dance","floor":18},{"not_picked":["Flying Knee","Eviscerate"],"picked":"Prepared+1","floor":20}],"player_experience":866502,"relics_obtained":[{"floor":9,"key":"Anchor"},{"floor":19,"key":"Nilry\u0027s Codex"}],"event_choices":[{"event_name":"Bonfire Elementals","player_choice":"BASIC","floor":3,"damage_taken":0},{"event_name":"Cursed Tome","player_choice":"Obtained Book","floor":19,"damage_taken":0}],"is_beta":true,"boss_relics":[{"not_picked":["Philosopher\u0027s Stone","Tiny House"],"picked":"Sozu"}],"items_purged_floors":[2,12],"is_endless":false,"potions_floor_spawned":[5,7,13,16,18],"killed_by":"Sentry and Sphere","ascension_level":5}