{"gold_per_floor":[112,112,125,142,161,191,191,204,204,217,117,136,23,42,42,42],"floor_reached":16,"playtime":501,"items_purged":["Strike_R"],"score":148,"play_id":"f326070c-d35e-43b3-ab95-fc949b1dc99d","local_time":"20190423131623","is_ascension_mode":true,"campfire_choices":[{"data":"strawberrySpire:Harvest","floor":7,"key":"SMITH"},{"data":"Ghostly","floor":15,"key":"SMITH"}],"neow_cost":"NONE","seed_source_timestamp":71148406226781,"circlet_count":0,"master_deck":["Strike_R","Strike_R","Strike_R","Strike_R+1","Defend_R","Defend_R","Defend_R+1","Defend_R","Bash","hubris:Fate","Anger","strawberrySpire:Harvest+1","ReplayTheSpireMod:Stacked","Ghostly+1","Inflame"],"relics":["Burning Blood","NeowsBlessing","aspiration:SeaSaltIceCream","Turnip","Kunai","Simple Rune"],"potions_floor_usage":[8,10,16,16],"damage_taken":[{"damage":0,"enemies":"2 Louse","floor":1,"turns":1},{"damage":0,"enemies":"Cultist","floor":3,"turns":1},{"damage":0,"enemies":"Small Slimes","floor":4,"turns":1},{"damage":6,"enemies":"Looter","floor":5,"turns":3},{"damage":60,"enemies":"3 Sentries","floor":6,"turns":11},{"damage":0,"enemies":"2 Fungi Beasts","floor":8,"turns":2},{"damage":0,"enemies":"Gremlin Gang","floor":10,"turns":5},{"damage":1,"enemies":"Red Slaver","floor":12,"turns":2},{"damage":7,"enemies":"3 Louse","floor":14,"turns":4},{"damage":37,"enemies":"Slime Boss","floor":16,"turns":12}],"seed_played":"7433709342098129799","potions_obtained":[{"floor":1,"key":"Adrenaline Potion"},{"floor":3,"key":"Dexterity Potion"},{"floor":6,"key":"Explosive Potion"},{"floor":10,"key":"SkillPotion"},{"floor":12,"key":"Weak Potion"}],"is_trial":false,"path_per_floor":["M","?","M","M","M","E","R","M","T","M","?","M","$","M","R","B"],"character_chosen":"IRONCLAD","items_purchased":["Inflame"],"campfire_rested":0,"item_purchase_floors":[13],"current_hp_per_floor":[78,57,63,69,69,15,15,21,21,29,29,34,34,37,37,0],"gold":42,"neow_bonus":"THREE_ENEMY_KILL","is_prod":false,"is_daily":false,"chose_seed":false,"campfire_upgraded":2,"win_rate":0,"timestamp":1556039783,"path_taken":["M","?","?","M","M","E","R","M","T","M","?","M","$","M","R","BOSS"],"build_version":"2019-01-23","purchased_purges":1,"victory":false,"max_hp_per_floor":[80,80,80,80,80,80,80,80,80,80,80,80,80,80,80,80],"card_choices":[{"not_picked":["strawberrySpire:ZonePlayer","Run Through","strawberrySpire:Conflagrate"],"picked":"SKIP","floor":1},{"not_picked":["infinitespire:Virus","ReplayTheSpireMod:??????????????????????"],"picked":"hubris:Fate","floor":2},{"not_picked":["ReplayReversal","strawberrySpire:PowerStomp","Havoc"],"picked":"SKIP","floor":3},{"not_picked":["Demonic Infusion","Rampage"],"picked":"Anger","floor":4},{"not_picked":["Perfected Strike","hubris:CleavingFinish","ReplayTheSpireMod:Strike From Hell"],"picked":"SKIP","floor":5},{"not_picked":["strawberrySpire:Incursion","strawberrySpire:FireDrill"],"picked":"strawberrySpire:Harvest","floor":6},{"not_picked":["strawberrySpire:ZonePlayer","strawberrySpire:Endurance","Corruption"],"picked":"SKIP","floor":8},{"not_picked":["Iron Wave","Bloodletting"],"picked":"ReplayTheSpireMod:Stacked","floor":10},{"not_picked":["Wild Strike","strawberrySpire:Endurance","ReplayTheSpireMod:Strike From Hell"],"picked":"SKIP","floor":12},{"not_picked":["Pommel Strike","strawberrySpire:JustAWound","Brutality"],"picked":"SKIP","floor":14}],"player_experience":746831,"relics_obtained":[{"floor":6,"key":"aspiration:SeaSaltIceCream"},{"floor":9,"key":"Kunai"}],"event_choices":[{"damage_healed":0,"gold_gain":0,"player_choice":"Argue","damage_taken":0,"max_hp_gain":0,"max_hp_loss":0,"event_name":"conspire:LoneGhost","floor":11,"gold_loss":0}],"is_beta":false,"boss_relics":[],"items_purged_floors":[13],"is_endless":false,"potions_floor_spawned":[1,3,6,10,12,14],"killed_by":"Slime Boss","ascension_level":8}