{"gold_per_floor":[217,217,217,231,247,247,94,125,125,125,143,163,41,41,41,136,136,121,221,236,17,17,17,35,35,61,61,61,61],"floor_reached":29,"playtime":3636,"items_purged":["Strike_R","Strike_R"],"score":221,"play_id":"fc32014e-fb81-44ac-9346-0d2a468efc19","local_time":"20190913235932","is_ascension_mode":false,"campfire_choices":[{"data":"Armaments","floor":6,"key":"SMITH"},{"data":"Iron Wave","floor":10,"key":"SMITH"},{"data":"Flex","floor":15,"key":"SMITH"},{"data":"Seeing Red","floor":23,"key":"SMITH"},{"data":"Metallicize","floor":25,"key":"SMITH"},{"floor":27,"key":"REST"}],"neow_cost":"NONE","seed_source_timestamp":270942162448600,"circlet_count":0,"master_deck":["Strike_R","Strike_R","Defend_R","Defend_R","Defend_R","Bash","Armaments+1","Defend_G","Flex+1","Metallicize+1","Iron Wave+1","Heavy Blade","Pommel Strike","Flex","Impervious","Iron Wave","Entrench+1","Seeing Red+1","Shrug It Off+1"],"relics":["Burning Blood","Shuriken","Darkstone Periapt","White Beast Statue","Anchor","Blood Vial"],"potions_floor_usage":[18,24,29,29],"damage_taken":[{"damage":7,"enemies":"Small Slimes","floor":1,"turns":4},{"damage":4,"enemies":"Cultist","floor":4,"turns":4},{"damage":6,"enemies":"2 Louse","floor":5,"turns":3},{"damage":11,"enemies":"3 Sentries","floor":8,"turns":16},{"damage":0,"enemies":"Large Slime","floor":11,"turns":8},{"damage":0,"enemies":"Red Slaver","floor":12,"turns":6},{"damage":47,"enemies":"Hexaghost","floor":16,"turns":10},{"damage":18,"enemies":"2 Thieves","floor":18,"turns":4},{"damage":23,"enemies":"3 Byrds","floor":20,"turns":9},{"damage":24,"enemies":"Snake Plant","floor":24,"turns":10},{"damage":74,"enemies":"3 Cultists","floor":29,"turns":8}],"seed_played":"-7729514735609309512","potions_obtained":[{"floor":1,"key":"Regen Potion"},{"floor":5,"key":"Regen Potion"},{"floor":12,"key":"PowerPotion"},{"floor":18,"key":"Poison Potion"},{"floor":24,"key":"Swift Potion"}],"is_trial":false,"path_per_floor":["M","?","?","M","M","R","$","E","T","R","M","M","$","?","R","B",null,"M","?","M","$","?","R","M","R","T","R","?","M"],"character_chosen":"IRONCLAD","items_purchased":["Metallicize","Flex","Anchor","Seeing Red"],"campfire_rested":1,"item_purchase_floors":[7,13,21,21],"current_hp_per_floor":[79,84,84,85,85,85,85,80,80,80,85,85,85,78,78,37,85,73,73,56,56,56,56,53,53,53,78,62,4],"gold":61,"neow_bonus":"HUNDRED_GOLD","is_prod":false,"is_daily":false,"chose_seed":false,"campfire_upgraded":5,"win_rate":0.0,"timestamp":1568411972,"path_taken":["M","?","?","M","M","R","$","E","T","R","M","?","$","?","R","BOSS","M","?","?","$","?","R","M","R","T","R","?","M"],"build_version":"2019-07-17","purchased_purges":2,"victory":false,"max_hp_per_floor":[80,85,85,85,85,85,85,85,85,85,85,85,85,85,85,85,85,85,85,85,85,85,85,85,85,85,85,90,90],"card_choices":[{"not_picked":["Pummel","Shockwave"],"picked":"Armaments","floor":1},{"not_picked":["Intimidate","Flame Barrier","Headbutt"],"picked":"SKIP","floor":4},{"not_picked":["Twin Strike","Warcry"],"picked":"Flex","floor":5},{"not_picked":["Intimidate","Uppercut"],"picked":"Iron Wave","floor":8},{"not_picked":["Clash","Thunderclap"],"picked":"Heavy Blade","floor":11},{"not_picked":["Bludgeon","Evolve"],"picked":"Pommel Strike","floor":12},{"not_picked":["Reaper","Brutality"],"picked":"Impervious","floor":16},{"not_picked":["Flame Barrier","Flex"],"picked":"Iron Wave","floor":18},{"not_picked":["Pummel+1","Blood for Blood"],"picked":"Entrench+1","floor":20},{"not_picked":["Entrench","Clash"],"picked":"Shrug It Off+1","floor":24}],"player_experience":76738,"relics_obtained":[{"floor":8,"key":"Shuriken"},{"floor":9,"key":"Darkstone Periapt"},{"floor":26,"key":"Blood Vial"}],"event_choices":[{"damage_healed":0,"gold_gain":0,"player_choice":"Donut","damage_taken":0,"max_hp_gain":5,"max_hp_loss":0,"event_name":"Big Fish","floor":2,"gold_loss":0},{"cards_removed":["Strike_R"],"damage_healed":0,"gold_gain":0,"player_choice":"Took Card","damage_taken":0,"max_hp_gain":0,"max_hp_loss":0,"event_name":"NoteForYourself","floor":3,"gold_loss":0,"cards_obtained":["Defend_G"]},{"cards_removed":["Defend_R"],"damage_healed":0,"gold_gain":0,"player_choice":"Card Removal","damage_taken":7,"max_hp_gain":0,"max_hp_loss":0,"event_name":"Golden Wing","floor":14,"gold_loss":0},{"damage_healed":0,"gold_gain":100,"player_choice":"Pray","damage_taken":0,"max_hp_gain":0,"max_hp_loss":0,"event_name":"Golden Shrine","floor":19,"gold_loss":0},{"damage_healed":0,"gold_gain":0,"player_choice":"Ignored","damage_taken":0,"max_hp_gain":0,"max_hp_loss":0,"event_name":"Ghosts","floor":22,"gold_loss":0},{"damage_healed":0,"gold_gain":0,"player_choice":"Shed Blood","damage_taken":21,"max_hp_gain":5,"max_hp_loss":0,"event_name":"Forgotten Altar","floor":28,"gold_loss":0}],"is_beta":false,"boss_relics":[{"not_picked":["Snecko Eye","Fusion Hammer"],"picked":"White Beast Statue"}],"items_purged_floors":[7,13],"is_endless":false,"potions_floor_spawned":[1,5,12,18,20,24],"killed_by":"3 Cultists","ascension_level":0}