{"path_per_floor":["M","M","M","?","M","R","M","M","T","?","M","M","M","M","R","B",null,"M","?","M","M","M","R","?"],"character_chosen":"IRONCLAD","items_purchased":[],"gold_per_floor":[110,126,145,145,157,157,173,183,208,158,168,180,192,207,207,303,303,313,213,228,243,253,253,253],"floor_reached":25,"campfire_rested":2,"playtime":921,"current_hp_per_floor":[75,78,79,79,74,74,64,68,68,68,73,71,68,64,94,34,100,100,100,98,74,60,90,90],"items_purged":[],"gold":253,"score":228,"play_id":"e54c8e01-3c21-43a3-beb5-340f38c7372c","is_prod":false,"is_daily":false,"is_ascension_mode":false,"campfire_upgraded":1,"path_taken":["M","M","M","?","M","R","M","M","T","?","M","M","?","M","R","BOSS","M","?","M","M","M","R","?","E"],"build_version":"2018-02-15-PROD1","purchased_purges":0,"victory":false,"master_deck":["Strike_R+1","Strike_R+1","Strike_R+1","Strike_R+1","Defend_R+1","Defend_R+1","Defend_R+1","Defend_R+1","Bash","Feed+1","Infernal Blade","Flex","Blood for Blood","Twin Strike","Sword Boomerang","Armaments","Intimidate","Flex","Thunderclap","Sword Boomerang","Double Tap","Pommel Strike","J.A.X.","Power Through+1","Seeing Red","Dropkick"],"max_hp_per_floor":[75,78,81,81,84,84,84,88,88,88,92,96,100,100,100,100,100,100,100,100,100,100,100,100],"relics":["Black Blood","Vajra"],"card_choices":[{"not_picked":["Bludgeon","Fiend Fire"],"picked":"Feed"},{"not_picked":["Body Slam","Warcry"],"picked":"Infernal Blade"},{"not_picked":["Metallicize","Power Through"],"picked":"Flex"},{"not_picked":["Sever Soul","Rupture"],"picked":"Blood for Blood"},{"not_picked":["Sever Soul","True Grit"],"picked":"Twin Strike"},{"not_picked":["Rage","Corruption"],"picked":"Sword Boomerang"},{"not_picked":["Heavy Blade","Iron Wave"],"picked":"Armaments"},{"not_picked":["Body Slam","True Grit"],"picked":"Intimidate"},{"not_picked":["Wild Strike","Headbutt"],"picked":"Flex"},{"not_picked":["Corruption","Whirlwind"],"picked":"Thunderclap"},{"not_picked":["Armaments","Wild Strike"],"picked":"Sword Boomerang"},{"not_picked":["Exhume","Feed"],"picked":"Double Tap"},{"not_picked":["Feel No Pain","Thunderclap"],"picked":"Pommel Strike"},{"not_picked":["Perfected Strike","Rupture"],"picked":"Power Through"},{"not_picked":["Sword Boomerang","Thunderclap"],"picked":"Seeing Red"},{"not_picked":["Clothesline","Warcry"],"picked":"Dropkick"}],"player_experience":92234,"potions_floor_usage":[],"damage_taken":[{"damage":0,"enemies":"2 Louse","floor":1,"turns":3},{"damage":4,"enemies":"Cultist","floor":2,"turns":5},{"damage":8,"enemies":"Jaw Worm","floor":3,"turns":4},{"damage":14,"enemies":"2 Fungi Beasts","floor":5,"turns":3},{"damage":16,"enemies":"Red Slaver","floor":7,"turns":3},{"damage":10,"enemies":"Looter","floor":8,"turns":3},{"damage":15,"enemies":"2 Fungi Beasts","floor":11,"turns":6},{"damage":12,"enemies":"Gremlin Gang","floor":12,"turns":3},{"damage":13,"enemies":"3 Louse","floor":13,"turns":3},{"damage":10,"enemies":"Looter","floor":14,"turns":3},{"damage":66,"enemies":"The Guardian","floor":16,"turns":10},{"damage":10,"enemies":"3 Byrds","floor":18,"turns":5},{"damage":12,"enemies":"Shell Parasite","floor":20,"turns":2},{"damage":34,"enemies":"Centurion and Healer","floor":21,"turns":4},{"damage":24,"enemies":"Snake Plant","floor":22,"turns":3},{"damage":91,"enemies":"Book of Stabbing","floor":25,"turns":5}],"event_choices":[{"event_name":"Transmorgrifier","player_choice":"Transform","floor":4,"damage_taken":0},{"event_name":"The Cleric","player_choice":"Card Removal","floor":10,"damage_taken":0},{"event_name":"Drug Dealer","player_choice":"Got JAXXED","floor":19,"damage_taken":0},{"event_name":"Back to Basics","player_choice":"Simplicity","floor":24,"damage_taken":0}],"boss_relics":[{"not_picked":["Snecko Eye","Cursed Key"],"picked":"Black Blood"}],"potions_floor_spawned":[2,5,7,8,13,21,22],"seed_played":"-1987018786216083680","killed_by":"Book of Stabbing","ascension_level":0,"is_trial":false}