{"gold_per_floor":[114,114,14,29,29,67,86,124,124,162,26,64,17,36,36,161,161,180,199,199,199,218,256,256,294,374,393,431,450,450,450,450,575,575,594,247,266,285,304,342,361,399,399,437,437,212,250,583,583,583],"floor_reached":51,"playtime":3815,"items_purged":[],"score":1478,"play_id":"a947612a-058c-4ad3-bae7-8854f5a4aa87","local_time":"20180706051831","daily_mods":["Insanity","Cursed Run","Elite Swarm"],"is_ascension_mode":false,"campfire_choices":[{"floor":15,"key":"REST"},{"floor":24,"key":"REST"},{"floor":30,"key":"REST"},{"floor":32,"key":"REST"},{"floor":49,"key":"REST"}],"neow_cost":"","seed_source_timestamp":165114081730386,"circlet_count":0,"master_deck":["Thunder Strike","Double Energy","Dualcast","Creative AI","Multi-Cast","Redo","Stack","Scrape","Loop","Consume","Conserve Battery","Hologram","Auto Shields","Creative AI","Heatsinks","Gash","Machine Learning","Amplify","Rebound","Compile Driver","Beam Cell","Reboot","Echo Form","Biased Cognition","Sweeping Beam","Aggregate","Doom and Gloom+1","Lockon","FTL","Beam Cell","Defragment","Chill","Storm","Chaos","Seek","Gash","Meteor Strike","Recycle+1","Go for the Eyes","Leap","Hologram","Multi-Cast","Auto Shields","Double Energy","White Noise","Aggregate","Double Energy","Stack","Machine Learning","Ball Lightning","Cold Snap","Injury","Reboot","Cold Snap+1","Electrodynamics","Injury","Machine Learning","Compile Driver+1","Ball Lightning+1","Steam Power","Reboot","Gash+1","Leap","Writhe","Amplify","Tempest","Chill","Sweeping Beam+1","Meteor Strike+1","All For One+1","Decay","Sweeping Beam+1","Seek","Chaos+1","Decay","Core Surge+1","Go for the Eyes+1","Swift Strike+1","Sweeping Beam+1","Turbo","Steam+1","Hyperbeam+1","Self Repair+1","Seek","Injury","Reboot","Jack Of All Trades","Apotheosis","Mind Blast+1","Sweeping Beam+1","Rebound+1","Seek","Cold Snap+1","Writhe"],"special_seed":17718,"relics":["Cursed Key","Darkstone Periapt","Du-Vu Doll","Mercury Hourglass","DataDisk","Molten Egg 2","Whetstone","Kunai","Pandora\u0027s Box","Unceasing Top","Lantern","Blue Candle","Tiny Chest","Toolbox","Nilry\u0027s Codex","Fusion Hammer","Bottled Flame","Torii","Gremlin Horn","Letter Opener","Mango","Dream Catcher","Smiling Mask"],"potions_floor_usage":[14,25,50,50,50],"damage_taken":[{"damage":12,"enemies":"Cultist","floor":1,"turns":5},{"damage":1,"enemies":"Small Slimes","floor":4,"turns":5},{"damage":4,"enemies":"Gremlin Nob","floor":6,"turns":3},{"damage":0,"enemies":"Jaw Worm","floor":7,"turns":2},{"damage":0,"enemies":"3 Sentries","floor":8,"turns":3},{"damage":8,"enemies":"Gremlin Nob","floor":10,"turns":3},{"damage":8,"enemies":"3 Sentries","floor":12,"turns":3},{"damage":0,"enemies":"Exordium Wildlife","floor":14,"turns":3},{"damage":0,"enemies":"Slime Boss","floor":16,"turns":4},{"damage":10,"enemies":"Spheric Guardian","floor":18,"turns":3},{"damage":10,"enemies":"Shell Parasite","floor":19,"turns":7},{"damage":12,"enemies":"Sentry and Sphere","floor":22,"turns":3},{"damage":39,"enemies":"Slavers","floor":23,"turns":6},{"damage":0,"enemies":"Gremlin Leader","floor":25,"turns":3},{"damage":1,"enemies":"Centurion and Healer","floor":27,"turns":1},{"damage":0,"enemies":"Book of Stabbing","floor":28,"turns":3},{"damage":0,"enemies":"Slaver and Parasite","floor":29,"turns":2},{"damage":3,"enemies":"Collector","floor":33,"turns":2},{"damage":1,"enemies":"Orb Walker","floor":35,"turns":1},{"damage":0,"enemies":"3 Darklings","floor":37,"turns":2},{"damage":2,"enemies":"Maw","floor":38,"turns":4},{"damage":4,"enemies":"4 Shapes","floor":39,"turns":3},{"damage":4,"enemies":"Nemesis","floor":40,"turns":5},{"damage":1,"enemies":"3 Darklings","floor":41,"turns":1},{"damage":8,"enemies":"Giant Head","floor":42,"turns":3},{"damage":17,"enemies":"2 Orb Walkers","floor":44,"turns":2},{"damage":1,"enemies":"Giant Head","floor":47,"turns":2},{"damage":2,"enemies":"Awakened One","floor":50,"turns":4}],"seed_played":"-7177677508004505436","potions_obtained":[{"floor":6,"key":"Block Potion"},{"floor":12,"key":"Fruit Juice"},{"floor":14,"key":"Dexterity Potion"},{"floor":18,"key":"EssenceOfSteel"},{"floor":27,"key":"SpeedPotion"},{"floor":29,"key":"EssenceOfSteel"},{"floor":41,"key":"EssenceOfSteel"}],"is_trial":false,"path_per_floor":["M","?","$","M","?","E","M","E","T","E","$","E","$","M","R","B",null,"M","M","?","?","M","E","R","E","T","M","E","M","R","?","R","B",null,"M","$","M","M","M","E","M","E","T","E","?","$","E","?","R","B"],"character_chosen":"DEFECT","items_purchased":["SmokeBomb","Compile Driver+1","Ball Lightning+1","Steam Power","Gash+1","Swift Strike+1","Bottled Flame","Sweeping Beam+1","Rebound+1","Dream Catcher"],"campfire_rested":5,"item_purchase_floors":[3,11,11,11,13,36,36,46,46,46],"current_hp_per_floor":[63,63,63,62,68,64,64,64,70,62,62,54,54,59,86,92,98,88,78,78,78,66,27,56,56,62,61,61,61,92,76,104,107,110,109,109,109,107,103,99,102,94,100,97,87,87,86,86,125,129],"gold":583,"neow_bonus":"","is_prod":false,"is_daily":true,"chose_seed":false,"campfire_upgraded":0,"win_rate":0,"timestamp":1530847111,"path_taken":["M","?","?","M","?","E","M","E","T","E","$","E","?","?","R","BOSS","M","M","?","?","M","E","R","E","T","M","E","M","R","?","R","BOSS","M","$","M","M","M","E","M","E","T","E","?","?","E","?","R","BOSS"],"build_version":"2018-06-28","purchased_purges":0,"victory":true,"max_hp_per_floor":[75,75,75,75,81,81,81,81,87,87,87,87,87,92,92,98,98,98,98,98,98,98,98,98,98,104,104,104,104,104,104,104,110,110,110,110,110,110,110,110,110,110,116,130,130,130,130,130,130,136],"card_choices":[{"not_picked":["Sweeping Beam","Streamline"],"picked":"Ball Lightning","floor":1},{"not_picked":["Beam Cell","Lockon"],"picked":"Cold Snap","floor":4},{"not_picked":["Meteor Strike","Fission"],"picked":"Reboot","floor":6},{"not_picked":["Steam","BootSequence"],"picked":"Cold Snap","floor":7},{"not_picked":["Meteor Strike","Machine Learning"],"picked":"Electrodynamics","floor":8},{"not_picked":["Thunder Strike+1","Biased Cognition"],"picked":"Machine Learning","floor":10},{"not_picked":["Rainbow","Thunder Strike+1"],"picked":"Reboot","floor":12},{"not_picked":["Steam","Reinforced Body"],"picked":"Leap","floor":14},{"not_picked":["Fission","Hyperbeam+1"],"picked":"Amplify","floor":16},{"not_picked":["FTL+1","Turbo"],"picked":"Tempest","floor":18},{"not_picked":["Barrage+1","Turbo"],"picked":"Chill","floor":19},{"not_picked":["Gash+1","Redo"],"picked":"Sweeping Beam+1","floor":22},{"not_picked":["Electrodynamics","Rainbow"],"picked":"Meteor Strike+1","floor":23},{"not_picked":["Meteor Strike+1","Reboot"],"picked":"All For One+1","floor":25},{"not_picked":["Consume+1","Stack"],"picked":"Sweeping Beam+1","floor":27},{"not_picked":["Hyperbeam+1","Buffer"],"picked":"Seek","floor":28},{"not_picked":["Go for the Eyes+1","Loop"],"picked":"Chaos+1","floor":29},{"not_picked":["Machine Learning","Echo Form"],"picked":"Core Surge+1","floor":33},{"not_picked":["Steam","Compile Driver+1"],"picked":"Go for the Eyes+1","floor":35},{"not_picked":["Force Field","Rebound+1"],"picked":"Sweeping Beam+1","floor":37},{"not_picked":["Barrage+1","Auto Shields+1"],"picked":"Turbo","floor":38},{"not_picked":["Hologram","Heatsinks"],"picked":"Steam+1","floor":39},{"not_picked":["Thunder Strike+1","All For One+1"],"picked":"Hyperbeam+1","floor":40},{"not_picked":["Compile Driver+1","Static Discharge"],"picked":"Self Repair+1","floor":41},{"not_picked":["Biased Cognition","Thunder Strike+1"],"picked":"Seek","floor":42},{"not_picked":["Thunder Strike+1","All For One+1"],"picked":"Reboot","floor":44},{"not_picked":["Trip","Swift Strike+1"],"picked":"Jack Of All Trades","floor":45},{"not_picked":["Trip","Panacea"],"picked":"Apotheosis","floor":45},{"not_picked":["Secret Weapon","Finesse"],"picked":"Mind Blast+1","floor":45},{"not_picked":["Hyperbeam+1","Biased Cognition"],"picked":"Seek","floor":47},{"not_picked":["Auto Shields","Turbo"],"picked":"Cold Snap+1","floor":49}],"player_experience":57625,"relics_obtained":[{"floor":6,"key":"Mercury Hourglass"},{"floor":8,"key":"DataDisk"},{"floor":9,"key":"Molten Egg 2"},{"floor":10,"key":"Whetstone"},{"floor":12,"key":"Kunai"},{"floor":23,"key":"Lantern"},{"floor":25,"key":"Blue Candle"},{"floor":26,"key":"Tiny Chest"},{"floor":28,"key":"Toolbox"},{"floor":31,"key":"Nilry\u0027s Codex"},{"floor":40,"key":"Torii"},{"floor":42,"key":"Gremlin Horn"},{"floor":43,"key":"Letter Opener"},{"floor":44,"key":"Mango"},{"floor":47,"key":"Smiling Mask"}],"event_choices":[{"event_name":"Upgrade Shrine","player_choice":"Upgraded","floor":2,"damage_taken":0},{"event_name":"Golden Idol","player_choice":"Take Wound","floor":5,"damage_taken":0},{"event_name":"The Mausoleum","player_choice":"Yes","floor":20,"damage_taken":0},{"event_name":"Back to Basics","player_choice":"Elegance","floor":21,"damage_taken":0},{"event_name":"Cursed Tome","player_choice":"Obtained Book","floor":31,"damage_taken":0},{"event_name":"SensoryStone","player_choice":"Memory 3","floor":45,"damage_taken":0},{"event_name":"The Moai Head","player_choice":"Gave Idol","floor":48,"damage_taken":0}],"boss_relics":[{"not_picked":["Runic Dome","Empty Cage"],"picked":"Pandora\u0027s Box"},{"not_picked":["Philosopher\u0027s Stone","Nuclear Battery"],"picked":"Fusion Hammer"}],"items_purged_floors":[],"is_endless":false,"potions_floor_spawned":[6,12,14,16,18,27,28,29,39,40,41,47],"ascension_level":0}