{"gold_per_floor":[118,118,136,136,154,154,193,193,193,193,6,44,68,81,81,177,177,201,221,240,240,263,263,304,319,319,319,32,32,32,61,61,137,137,156,176,194,214,41,68,68,94,148,148,179,279,314,314,314,314,314,314,7,41,41],"floor_reached":56,"playtime":8227,"items_purged":["Strike_G","Strike_G"],"score":2082,"play_id":"391d6588-ea31-4723-aec1-7141879071c0","local_time":"20190905103733","is_ascension_mode":true,"campfire_choices":[{"data":"After Image","floor":6.0,"key":"SMITH"},{"data":"Neutralize","floor":8.0,"key":"SMITH"},{"data":"Caltrops","floor":10.0,"key":"SMITH"},{"data":"Dash","floor":15.0,"key":"SMITH"},{"floor":23.0,"key":"REST"},{"data":"Backflip","floor":30.0,"key":"SMITH"},{"data":"Survivor","floor":32.0,"key":"SMITH"},{"floor":41,"key":"RECALL"},{"data":"Deadly Poison","floor":44,"key":"SMITH"},{"data":"Calculated Gamble","floor":49,"key":"SMITH"},{"data":"Defend_G","floor":52,"key":"SMITH"}],"neow_cost":"NONE","seed_source_timestamp":0,"circlet_count":0,"master_deck":["AscendersBane","Strike_G+1","Strike_G","Defend_G","Defend_G","Defend_G","Defend_G","Defend_G+1","Survivor+1","Neutralize+1","Deadly Poison+1","After Image+1","Caltrops+1","Calculated Gamble+1","Backflip+1","Poisoned Stab+1","Wraith Form v2+1","Footwork+1","Dodge and Roll+1","Noxious Fumes+1","Bane+1","After Image+1","Panacea+1","Cloak And Dagger+1","Cloak And Dagger+1","Wraith Form v2+1","Dodge and Roll+1","Distraction+1","Setup+1","Caltrops+1","Well Laid Plans+1","Acrobatics+1","Concentrate+1","Dodge and Roll+1","Cloak And Dagger+1","Night Terror+1","Setup+1","Tools of the Trade+1","Catalyst+1"],"special_seed":0,"relics":["Ring of the Serpent","Bloody Idol","Pear","Strawberry","Mercury Hourglass","Bag of Marbles","Frozen Egg 2","Nilry\u0027s Codex","Gambling Chip","Toxic Egg 2","MutagenicStrength","Omamori","Sozu","Whetstone","Vajra","Blood Vial","Bird Faced Urn","Ornamental Fan","Tingsha"],"potions_floor_usage":[50,54],"damage_taken":[{"damage":0.0,"enemies":"Small Slimes","floor":1.0,"turns":6.0},{"damage":0.0,"enemies":"Cultist","floor":3.0,"turns":4.0},{"damage":3.0,"enemies":"Jaw Worm","floor":5.0,"turns":5.0},{"damage":30.0,"enemies":"Lagavulin","floor":7.0,"turns":11.0},{"damage":19.0,"enemies":"Gremlin Nob","floor":12.0,"turns":5.0},{"damage":1.0,"enemies":"Large Slime","floor":13.0,"turns":7.0},{"damage":0.0,"enemies":"Blue Slaver","floor":14.0,"turns":4.0},{"damage":21.0,"enemies":"Slime Boss","floor":16.0,"turns":10.0},{"damage":1.0,"enemies":"Shell Parasite","floor":18.0,"turns":5.0},{"damage":10.0,"enemies":"3 Byrds","floor":19.0,"turns":3.0},{"damage":0.0,"enemies":"3 Cultists","floor":20.0,"turns":6.0},{"damage":1.0,"enemies":"Centurion and Healer","floor":22.0,"turns":9.0},{"damage":12.0,"enemies":"Book of Stabbing","floor":24.0,"turns":6.0},{"damage":1.0,"enemies":"Snecko","floor":25.0,"turns":5.0},{"damage":5.0,"enemies":"Gremlin Leader","floor":31.0,"turns":6.0},{"damage":11.0,"enemies":"Collector","floor":33.0,"turns":9.0},{"damage":0.0,"enemies":"3 Shapes","floor":35.0,"turns":5.0},{"damage":0.0,"enemies":"Orb Walker","floor":36.0,"turns":5.0},{"damage":2.0,"enemies":"Sphere and 2 Shapes","floor":37.0,"turns":5.0},{"damage":0,"enemies":"4 Shapes","floor":38,"turns":5},{"damage":0,"enemies":"Giant Head","floor":40,"turns":9},{"damage":1,"enemies":"Reptomancer","floor":42,"turns":8},{"damage":2,"enemies":"Nemesis","floor":45,"turns":7},{"damage":6,"enemies":"Mind Bloom Boss Battle","floor":46,"turns":8},{"damage":1,"enemies":"Reptomancer","floor":47,"turns":7},{"damage":19,"enemies":"Donu and Deca","floor":50,"turns":10},{"damage":0,"enemies":"Shield and Spear","floor":54,"turns":7},{"damage":41,"enemies":"The Heart","floor":55,"turns":11}],"seed_played":"5825506328993990678","potions_obtained":[{"floor":5.0,"key":"Block Potion"},{"floor":7.0,"key":"SpeedPotion"},{"floor":13.0,"key":"Strength Potion"},{"floor":14.0,"key":"SteroidPotion"},{"floor":16.0,"key":"Strength Potion"},{"floor":18.0,"key":"EssenceOfSteel"},{"floor":19.0,"key":"Ancient Potion"},{"floor":24.0,"key":"GamblersBrew"},{"floor":25.0,"key":"Explosive Potion"},{"floor":33.0,"key":"Swift Potion"}],"is_trial":false,"path_per_floor":["M","?","M","?","M","R","E","R","T","R","$","E","M","M","R","B",null,"M","M","M","?","M","R","E","M","T","?","$","?","R","E","R","B",null,"M","M","M","M","$","E","R","E","T","R","E","?","E","?","R","B",null,"R","$","E","B",null],"character_chosen":"THE_SILENT","items_purchased":["Bag of Marbles","Calculated Gamble","Panacea+1","Cloak And Dagger+1","GhostInAJar","Well Laid Plans+1","Night Terror+1","Setup+1","Tools of the Trade+1"],"campfire_rested":1,"item_purchase_floors":[11,11,28,28,28,39,53,53,53],"current_hp_per_floor":[59,59,59,69,66,66,43,43,43,43,43,24,23,23,23,2,59,58,48,48,32,31,54,42,41,41,41,41,41,41,41,41,35,67,72,77,78,78,78,78,78,78,78,78,78,77,78,78,78,73,77,77,77,78,56],"gold":41,"neow_bonus":"REMOVE_CARD","is_prod":false,"is_daily":false,"chose_seed":false,"campfire_upgraded":9,"win_rate":0,"timestamp":1567705053,"path_taken":["M","?","M","?","M","R","E","R","T","R","$","E","M","M","R","BOSS","M","?","M","?","M","R","E","M","T","?","?","?","R","E","R","BOSS","M","M","M","M","$","E","R","E","T","R","E","?","E","?","R","BOSS","R","$","E","BOSS"],"build_version":"2019-07-17","purchased_purges":2,"victory":true,"max_hp_per_floor":[66,61,61,71,71,71,78,78,78,78,78,78,78,78,78,78,78,78,78,78,78,78,78,78,78,78,78,78,78,78,78,78,78,78,78,78,78,78,78,78,78,78,78,78,78,78,78,78,78,78,78,78,78,78,78],"card_choices":[{"not_picked":["Sucker Punch","Accuracy"],"picked":"Deadly Poison","floor":1.0},{"not_picked":["Prepared","Blade Dance"],"picked":"Infinite Blades","floor":3.0},{"not_picked":["Dagger Spray","Dodge and Roll"],"picked":"After Image","floor":5.0},{"not_picked":["Eviscerate","Choke"],"picked":"Caltrops","floor":7.0},{"not_picked":["Poisoned Stab","Dagger Spray"],"picked":"Dash","floor":12.0},{"not_picked":["PiercingWail","Dagger Spray"],"picked":"Backflip","floor":13.0},{"not_picked":["Accuracy+1","Deadly Poison"],"picked":"Poisoned Stab","floor":14.0},{"not_picked":["Tools of the Trade+1","A Thousand Cuts+1"],"picked":"Wraith Form v2+1","floor":16.0},{"not_picked":["Terror","Flechettes+1"],"picked":"Footwork+1","floor":18.0},{"not_picked":["Masterful Stab","Backflip"],"picked":"Dodge and Roll+1","floor":19.0},{"not_picked":["Dagger Spray","Crippling Poison"],"picked":"Noxious Fumes+1","floor":20.0},{"not_picked":["Blade Dance","Concentrate"],"picked":"Bane+1","floor":22.0},{"not_picked":["Acrobatics","Underhanded Strike","Terror"],"picked":"SKIP","floor":24.0},{"not_picked":["Cloak And Dagger","Flying Knee+1"],"picked":"After Image+1","floor":25.0},{"not_picked":["Leg Sweep+1","Expertise+1"],"picked":"Cloak And Dagger+1","floor":31.0},{"not_picked":["Phantasmal Killer+1","Adrenaline+1"],"picked":"Wraith Form v2+1","floor":33.0},{"not_picked":["Cloak And Dagger+1","Bane+1"],"picked":"Dodge and Roll+1","floor":35.0},{"not_picked":["Accuracy+1","Bane"],"picked":"Distraction+1","floor":36.0},{"not_picked":["Dagger Spray","Outmaneuver+1"],"picked":"Setup+1","floor":37.0},{"not_picked":["Prepared+1","Sucker Punch"],"picked":"Caltrops+1","floor":38},{"not_picked":["Flying Knee","Poisoned Stab"],"picked":"Acrobatics+1","floor":40},{"not_picked":["Eviscerate+1","Choke"],"picked":"Concentrate+1","floor":42},{"not_picked":["Deadly Poison+1","Slice+1"],"picked":"Dodge and Roll+1","floor":45},{"not_picked":["Quick Slash","Acrobatics+1"],"picked":"Cloak And Dagger+1","floor":46},{"not_picked":["Dodge and Roll+1","Quick Slash+1","Finisher"],"picked":"SKIP","floor":47},{"not_picked":["Terror+1","Eviscerate+1"],"picked":"Catalyst+1","floor":54}],"player_experience":895484,"relics_obtained":[{"floor":7.0,"key":"Strawberry"},{"floor":9.0,"key":"Mercury Hourglass"},{"floor":12.0,"key":"Frozen Egg 2"},{"floor":21.0,"key":"Nilry\u0027s Codex"},{"floor":24.0,"key":"Gambling Chip"},{"floor":26.0,"key":"Toxic Egg 2"},{"floor":31.0,"key":"Omamori"},{"floor":40,"key":"Whetstone"},{"floor":42,"key":"Vajra"},{"floor":45,"key":"Blood Vial"},{"floor":46,"key":"Bird Faced Urn"},{"floor":47,"key":"Ornamental Fan"},{"floor":54,"key":"Tingsha"}],"event_choices":[{"damage_healed":0.0,"max_hp_gain":0.0,"max_hp_loss":5.0,"gold_gain":0.0,"event_name":"Golden Idol","player_choice":"Lose Max HP","floor":2.0,"gold_loss":0.0,"damage_taken":0.0,"relics_obtained":["Golden Idol"]},{"cards_removed":["Infinite Blades"],"damage_healed":0.0,"max_hp_gain":0.0,"max_hp_loss":0.0,"gold_gain":0.0,"event_name":"WeMeetAgain","player_choice":"Gave Card","floor":4.0,"gold_loss":0.0,"damage_taken":0.0,"relics_obtained":["Pear"]},{"damage_healed":0.0,"max_hp_gain":0.0,"max_hp_loss":0.0,"gold_gain":0.0,"event_name":"Cursed Tome","player_choice":"Obtained Book","floor":21.0,"gold_loss":0.0,"damage_taken":16.0},{"damage_healed":0.0,"max_hp_gain":0.0,"max_hp_loss":0.0,"gold_gain":0.0,"event_name":"Forgotten Altar","player_choice":"Gave Idol","floor":27.0,"relics_lost":["Golden Idol"],"gold_loss":0.0,"damage_taken":0.0,"relics_obtained":["Bloody Idol"]},{"damage_healed":0.0,"max_hp_gain":0.0,"max_hp_loss":0.0,"gold_gain":0.0,"event_name":"Drug Dealer","player_choice":"Inject Mutagens","floor":29.0,"gold_loss":0.0,"damage_taken":0.0,"relics_obtained":["MutagenicStrength"]},{"damage_healed":0,"gold_gain":0,"player_choice":"Fight","damage_taken":0,"max_hp_gain":0,"max_hp_loss":0,"event_name":"MindBloom","floor":46,"gold_loss":0},{"cards_removed":["Dash"],"damage_healed":0,"gold_gain":0,"player_choice":"Removed Attack","damage_taken":0,"max_hp_gain":0,"max_hp_loss":0,"event_name":"Falling","floor":48,"gold_loss":0}],"is_beta":false,"boss_relics":[{"not_picked":["Empty Cage","Ectoplasm"],"picked":"Ring of the Serpent"},{"not_picked":["HoveringKite","Busted Crown"],"picked":"Sozu"}],"items_purged_floors":[28,39],"is_endless":false,"potions_floor_spawned":[5,7,13,14,16,18,19,24,25,33,36,45,46,47,54],"ascension_level":14}