{"path_per_floor":["M","?","M","M","?","E","R","M","T","E","R","?","$","M","R","B",null,"M","M","M"],"character_chosen":"IRONCLAD","items_purchased":["Vajra","Frozen Egg 2"],"gold_per_floor":[16,16,28,42,117,143,143,161,161,491,491,491,17,35,35,140,140,156,166,181,181],"floor_reached":21,"campfire_rested":3,"playtime":852,"current_hp_per_floor":[76,76,80,80,69,29,53,62,76,39,67,67,67,75,94,94,94,94,38,21,0],"items_purged":["Strike_R"],"gold":181,"score":376,"play_id":"f98d4e03-e372-47be-af1e-7166ac6e58f6","local_time":"20180403155615","is_prod":false,"is_daily":false,"is_ascension_mode":true,"campfire_upgraded":0,"timestamp":1522785375,"path_taken":["M","?","M","M","?","E","R","M","T","E","R","?","$","M","R","BOSS","M","M","M","M"],"build_version":"2018-03-29v2","purchased_purges":1,"victory":false,"master_deck":["Strike_R","Strike_R","Strike_R","Defend_R","Defend_R","Defend_R","Defend_R","Bash","Shrug It Off","Pommel Strike","Juggernaut+1","Shrug It Off","Shrug It Off","Barricade+1","Feed","Headbutt+1","Shrug It Off"],"max_hp_per_floor":[80,80,80,80,80,80,80,80,94,94,94,94,94,94,94,94,94,94,97,97,97],"relics":["Burning Blood","Thread and Needle","Magic Flower","Mango","Old Coin","Vajra","Frozen Egg 2","Black Star"],"card_choices":[{"not_picked":["Clash","Infernal Blade"],"picked":"Shrug It Off","floor":1},{"not_picked":["Twin Strike","Havoc"],"picked":"Pommel Strike","floor":4},{"not_picked":["Body Slam","Headbutt"],"picked":"Juggernaut","floor":6},{"not_picked":["Wild Strike","Whirlwind"],"picked":"Shrug It Off","floor":8},{"not_picked":["Feel No Pain","True Grit"],"picked":"Shrug It Off","floor":10},{"not_picked":["Shrug It Off","Sword Boomerang"],"picked":"Barricade","floor":14},{"not_picked":["Exhume","Reaper"],"picked":"Feed","floor":16},{"not_picked":["Pommel Strike","Wild Strike"],"picked":"Headbutt","floor":19},{"not_picked":["Clash","Flex"],"picked":"Shrug It Off","floor":20}],"player_experience":296892,"potions_floor_usage":[19,19,21],"damage_taken":[{"damage":2,"enemies":"Jaw Worm","floor":1,"turns":4},{"damage":0,"enemies":"Cultist","floor":3,"turns":4},{"damage":0,"enemies":"2 Louse","floor":4,"turns":3},{"damage":46,"enemies":"Lagavulin","floor":6,"turns":8},{"damage":0,"enemies":"Blue Slaver","floor":8,"turns":5},{"damage":46,"enemies":"Gremlin Nob","floor":10,"turns":6},{"damage":1,"enemies":"Looter","floor":14,"turns":4},{"damage":0,"enemies":"Slime Boss","floor":16,"turns":16},{"damage":2,"enemies":"Shell Parasite","floor":18,"turns":8},{"damage":70,"enemies":"3 Byrds","floor":19,"turns":9},{"damage":26,"enemies":"Slaver and Parasite","floor":20,"turns":15},{"damage":23,"enemies":"3 Cultists","floor":21,"turns":3}],"event_choices":[{"event_name":"Bonfire Elementals","player_choice":"BASIC","floor":2,"damage_taken":0},{"event_name":"World of Goop","player_choice":"Gather Gold","floor":5,"damage_taken":0},{"event_name":"Accursed Blacksmith","player_choice":"Forge","floor":12,"damage_taken":0}],"boss_relics":[{"not_picked":["Runic Cube","Velvet Choker"],"picked":"Black Star"}],"potions_floor_spawned":[4,14,16,18,20],"seed_played":"-5711047062413192313","killed_by":"3 Cultists","ascension_level":7,"is_trial":false}