{"path_per_floor":["M","M","?","$","M","R","E","M","T","E","R","M","M","M","R","B",null,"M","?","?","M","?","?","R","E","T","E","R","E","$","M","R","B",null,"M","M","$","M","?","R"],"character_chosen":"THE_SILENT","items_purchased":["Footwork","Backflip","Shuriken","Blur","Blind","Oddly Smooth Stone"],"gold_per_floor":[109,122,122,2,20,20,45,64,64,94,94,104,118,136,136,233,233,249,249,249,261,261,261,261,295,319,380,380,407,19,37,37,134,134,150,164,7,25,377,377,377],"floor_reached":41,"campfire_rested":0,"playtime":6987,"current_hp_per_floor":[63,63,63,63,63,63,63,62,62,52,52,52,64,62,62,51,65,65,65,65,59,35,35,35,31,31,31,31,31,31,31,31,29,34,34,33,33,18,18,18,0],"items_purged":[],"gold":377,"score":747,"play_id":"510f6d3c-e6da-474c-931a-6e038a7f616d","local_time":"20180416104010","is_prod":false,"is_daily":false,"chose_seed":false,"is_ascension_mode":true,"campfire_upgraded":7,"timestamp":1523900410,"path_taken":["M","M","?","$","M","R","E","M","T","E","R","M","M","?","R","BOSS","M","?","?","?","?","?","R","E","T","E","R","E","?","M","R","BOSS","M","M","$","M","?","R","E"],"build_version":"2018-04-12","seed_source_timestamp":0,"purchased_purges":0,"victory":false,"master_deck":["Survivor","Neutralize+1","Slice","Flying Knee","Footwork","Backflip","Flying Knee","Deadly Poison+1","Flying Knee","Expertise+1","Acrobatics","Footwork","Adrenaline+1","After Image+1","Bane","Setup+1","PiercingWail","Quick Slash","Prepared+1","PiercingWail","Bane","Eviscerate","All Out Attack","Blur","Ghostly","Ghostly","Ghostly","Ghostly","Ghostly","Prepared","Dagger Throw","Bouncing Flask+1","Prepared+1","Blur","Blind","Setup+1","Adrenaline","Deflect+1","Malaise+1","Terror"],"max_hp_per_floor":[70,70,70,70,70,70,70,70,70,70,70,70,70,70,70,70,70,70,70,70,70,35,35,35,35,35,35,35,35,35,35,35,35,35,35,35,35,35,35,35,35],"relics":["Ring of the Snake","Anchor","Happy Flower","Prayer Wheel","Pandora\u0027s Box","Lantern","Tough Bandages","Dream Catcher","Tiny Chest","Orichalcum","Shuriken","Sozu","Oddly Smooth Stone","Old Coin"],"card_choices":[{"not_picked":["Heel Hook","Underhanded Strike"],"picked":"Slice","floor":1.0},{"not_picked":["Heel Hook","Backflip"],"picked":"Flying Knee","floor":2.0},{"not_picked":["Outmaneuver","Accuracy"],"picked":"Flying Knee","floor":5.0},{"not_picked":["Dagger Throw","Poisoned Stab"],"picked":"Deadly Poison","floor":7.0},{"not_picked":["Malaise","Caltrops"],"picked":"Flying Knee","floor":8.0},{"not_picked":["Dash","Infinite Blades"],"picked":"Expertise","floor":10.0},{"not_picked":["Finisher","Crippling Poison"],"picked":"Acrobatics","floor":12.0},{"not_picked":["Catalyst","Acrobatics"],"picked":"Footwork","floor":13.0},{"not_picked":["Distraction","Predator"],"picked":"Adrenaline","floor":14.0},{"not_picked":["Adrenaline","Wraith Form v2"],"picked":"After Image","floor":16.0},{"not_picked":["Acrobatics","Catalyst"],"picked":"Blur","floor":21.0},{"not_picked":["Bane","Eviscerate"],"picked":"Prepared","floor":25.0},{"not_picked":["Eviscerate","Dagger Spray"],"picked":"Dagger Throw","floor":26.0},{"not_picked":["PiercingWail","Dodge and Roll"],"picked":"Bouncing Flask","floor":27.0},{"not_picked":["Dash","Crippling Poison"],"picked":"Prepared","floor":29.0},{"not_picked":["Accuracy","Acrobatics"],"picked":"Setup","floor":31.0},{"not_picked":["Die Die Die","Corpse Explosion"],"picked":"Adrenaline","floor":33.0},{"not_picked":["PiercingWail","Eviscerate"],"picked":"Deflect","floor":35},{"not_picked":["Blur","Dagger Spray"],"picked":"Malaise","floor":36},{"not_picked":["Backflip","Catalyst"],"picked":"Terror","floor":38}],"player_experience":317667,"potions_floor_usage":[36],"damage_taken":[{"damage":0.0,"enemies":"Jaw Worm","floor":1.0,"turns":5.0},{"damage":0.0,"enemies":"Small Slimes","floor":2.0,"turns":3.0},{"damage":0.0,"enemies":"Cultist","floor":5.0,"turns":4.0},{"damage":0.0,"enemies":"Gremlin Nob","floor":7.0,"turns":5.0},{"damage":1.0,"enemies":"Gremlin Gang","floor":8.0,"turns":5.0},{"damage":10.0,"enemies":"Lagavulin","floor":10.0,"turns":6.0},{"damage":0.0,"enemies":"Blue Slaver","floor":12.0,"turns":3.0},{"damage":0.0,"enemies":"Large Slime","floor":13.0,"turns":5.0},{"damage":2.0,"enemies":"Exordium Wildlife","floor":14.0,"turns":5.0},{"damage":11.0,"enemies":"The Guardian","floor":16.0,"turns":9.0},{"damage":0.0,"enemies":"3 Byrds","floor":18.0,"turns":5.0},{"damage":6.0,"enemies":"Shell Parasite","floor":21.0,"turns":4.0},{"damage":4.0,"enemies":"Gremlin Leader","floor":25.0,"turns":9.0},{"damage":0.0,"enemies":"Book of Stabbing","floor":27.0,"turns":6.0},{"damage":0.0,"enemies":"Slavers","floor":29.0,"turns":7.0},{"damage":0.0,"enemies":"Centurion and Healer","floor":31.0,"turns":5.0},{"damage":2.0,"enemies":"Champ","floor":33.0,"turns":11.0},{"damage":0,"enemies":"3 Darklings","floor":35,"turns":4},{"damage":1,"enemies":"3 Shapes","floor":36,"turns":5},{"damage":15,"enemies":"Sphere and 2 Shapes","floor":38,"turns":7},{"damage":0,"enemies":"Mysterious Sphere","floor":39,"turns":4},{"damage":25,"enemies":"Nemesis","floor":41,"turns":7}],"event_choices":[{"event_name":"Living Wall","player_choice":"Forget","floor":3.0,"damage_taken":0.0},{"event_name":"The Mausoleum","player_choice":"Yes","floor":19.0,"damage_taken":0.0},{"event_name":"The Woman in Blue","player_choice":"Bought 0 Potions","floor":20.0,"damage_taken":0.0},{"event_name":"Ghosts","player_choice":"Became a Ghost","floor":22.0,"damage_taken":0.0},{"event_name":"Vampires","player_choice":"Ignored","floor":23.0,"damage_taken":0.0},{"event_name":"Mysterious Sphere","player_choice":"Fight","floor":39,"damage_taken":0}],"boss_relics":[{"not_picked":["Runic Dome","Velvet Choker"],"picked":"Sozu"}],"potions_floor_spawned":[1,5,8,12,18,29,31,35,39],"seed_played":"-7023474020755147646","killed_by":"Nemesis","ascension_level":6,"is_trial":false}