{"path_per_floor":["M","?","?","$","?","E","R","E","T","E","R","M","?","M","R","B",null,"M","$","M","?","M","R","M","R","T","R","?","R","$","T","R"],"character_chosen":"IRONCLAD","items_purchased":["Apotheosis"],"gold_per_floor":[116,116,116,41,41,73,73,101,127,155,155,166,131,145,145,240,240,251,73,87,87,100,100,113,113,113,113,113,113,13,13,13,13],"floor_reached":33,"campfire_rested":2,"playtime":575,"current_hp_per_floor":[78,75,75,75,68,74,74,80,80,56,56,63,84,87,87,20,70,54,54,46,46,44,72,42,42,42,42,42,42,42,42,71,0],"items_purged":["Strike_R","Strike_R"],"gold":13,"score":427,"play_id":"9f88ecaf-9e30-457f-becc-8aafa6ed450f","local_time":"20180325235010","is_prod":false,"is_daily":false,"is_ascension_mode":true,"campfire_upgraded":6,"timestamp":1522036210,"path_taken":["M","?","?","$","?","E","R","E","T","E","R","?","?","M","R","BOSS","M","$","M","?","?","R","?","R","T","R","?","R","$","?","R","BOSS"],"build_version":"2018-03-22v2","purchased_purges":2,"victory":false,"master_deck":["Defend_R","Defend_R","Defend_R","Bash","Searing Blow+5","Feed","Flex","Reaper","Second Wind+1","Carnage+1","Hemokinesis+1","Apotheosis+1","Rampage"],"max_hp_per_floor":[80,80,80,80,80,80,80,80,80,82,82,85,85,87,87,87,87,89,89,95,95,95,95,97,97,97,97,97,97,97,97,97,97],"relics":["Burning Blood","NeowsBlessing","Pantograph","Singing Bowl","Bag of Marbles","Anchor","Omamori","Astrolabe","Red Skull","Unceasing Top"],"card_choices":[{"not_picked":["Pummel","Power Through"],"picked":"Searing Blow","floor":6},{"not_picked":["Pommel Strike","Pummel"],"picked":"Feed","floor":8},{"not_picked":["Heavy Blade","Twin Strike"],"picked":"Flex","floor":12},{"not_picked":["Impervious","Feed"],"picked":"Reaper","floor":16},{"not_picked":["Sever Soul","Pommel Strike"],"picked":"Rampage","floor":22}],"player_experience":269917,"potions_floor_usage":[16,16],"damage_taken":[{"damage":0,"enemies":"Small Slimes","floor":1,"turns":1},{"damage":0,"enemies":"Lagavulin","floor":6,"turns":1},{"damage":0,"enemies":"3 Sentries","floor":8,"turns":1},{"damage":32,"enemies":"Gremlin Nob","floor":10,"turns":4},{"damage":2,"enemies":"Jaw Worm","floor":12,"turns":2},{"damage":0,"enemies":"Cultist","floor":14,"turns":2},{"damage":73,"enemies":"Hexaghost","floor":16,"turns":9},{"damage":24,"enemies":"Spheric Guardian","floor":18,"turns":4},{"damage":20,"enemies":"Shell Parasite","floor":20,"turns":4},{"damage":26,"enemies":"3 Cultists","floor":22,"turns":5},{"damage":46,"enemies":"Cultist and Chosen","floor":24,"turns":5},{"damage":105,"enemies":"Champ","floor":33,"turns":8}],"event_choices":[{"event_name":"Scrap Ooze","player_choice":"success","floor":2,"damage_taken":3},{"event_name":"The Woman in Blue","player_choice":"Bought 0 Potions","floor":3,"damage_taken":0},{"event_name":"Golden Wing","player_choice":"Card Removal","floor":5,"damage_taken":0},{"event_name":"The Cleric","player_choice":"Healed","floor":13,"damage_taken":0},{"event_name":"Drug Dealer","player_choice":"Ignored","floor":21,"damage_taken":0},{"event_name":"Vampires","player_choice":"Ignored","floor":28,"damage_taken":0}],"boss_relics":[{"not_picked":["Question Card","Calling Bell"],"picked":"Astrolabe"}],"potions_floor_spawned":[1,10,12,20,22],"seed_played":"5464692751348235766","killed_by":"Champ","ascension_level":6,"is_trial":false}