{"gold_per_floor":[119,131,151,151,164,164,89,89,114,129,148,4,22,51,51,156,156,174,191,191,205,220,220,148,148,148,247,263,279,279],"floor_reached":30,"playtime":721,"items_purged":["Strike_B"],"score":236,"play_id":"2114ed11-b6ea-4869-b3b3-e13a136f6925","local_time":"20181019162434","is_ascension_mode":false,"campfire_choices":[{"data":"Zap","floor":6,"key":"SMITH"},{"data":"Sweeping Beam","floor":8,"key":"SMITH"},{"floor":15,"key":"REST"},{"floor":23,"key":"REST"},{"data":"Storm","floor":25,"key":"SMITH"}],"neow_cost":"NONE","seed_source_timestamp":1040539262767952,"circlet_count":0,"master_deck":["Strike_B","Strike_B","Defend_B","Defend_B","Defend_B","Defend_B","Zap+1","Dualcast","Sweeping Beam+1","Gash","Tempest","Hologram","Storm+1","Redo","FTL","Gash","Electrodynamics","Gash","Loop+1","Hologram","White Noise","Static Discharge","Barrage+1"],"relics":["Cracked Core","Pen Nib","Art of War","Regal Pillow","Sozu","Enchiridion","Blue Candle"],"potions_floor_usage":[14,16,29],"damage_taken":[{"damage":0,"enemies":"2 Louse","floor":1,"turns":3},{"damage":0,"enemies":"Small Slimes","floor":2,"turns":2},{"damage":0,"enemies":"Cultist","floor":3,"turns":3},{"damage":6,"enemies":"Red Slaver","floor":5,"turns":3},{"damage":3,"enemies":"3 Louse","floor":10,"turns":3},{"damage":12,"enemies":"Blue Slaver","floor":11,"turns":3},{"damage":7,"enemies":"Looter","floor":13,"turns":2},{"damage":27,"enemies":"3 Sentries","floor":14,"turns":4},{"damage":11,"enemies":"Slime Boss","floor":16,"turns":6},{"damage":14,"enemies":"Shell Parasite","floor":18,"turns":5},{"damage":10,"enemies":"Spheric Guardian","floor":19,"turns":3},{"damage":32,"enemies":"Shelled Parasite and Fungi","floor":21,"turns":4},{"damage":0,"enemies":"3 Cultists","floor":22,"turns":2},{"damage":37,"enemies":"Snake Plant","floor":28,"turns":3},{"damage":10,"enemies":"Cultist and Chosen","floor":29,"turns":3},{"damage":9,"enemies":"Shelled Parasite and Fungi","floor":30,"turns":1}],"seed_played":"-2772376572276537165","potions_obtained":[{"floor":1,"key":"Poison Potion"},{"floor":3,"key":"Explosive Potion"},{"floor":14,"key":"FocusPotion"},{"floor":16,"key":"GamblersBrew"}],"is_trial":false,"path_per_floor":["M","M","M","?","M","R","$","R","T","M","M","$","M","E","R","B",null,"M","M","?","M","M","R","$","R","T","?","M","M"],"character_chosen":"DEFECT","items_purchased":["Art of War","White Noise"],"campfire_rested":2,"item_purchase_floors":[12,24],"current_hp_per_floor":[82,82,82,82,76,76,76,76,76,73,61,61,54,27,66,55,82,68,58,42,10,10,49,49,49,49,49,12,2,0],"gold":279,"neow_bonus":"TEN_PERCENT_HP_BONUS","is_prod":false,"is_daily":false,"chose_seed":false,"campfire_upgraded":3,"win_rate":0,"timestamp":1539980674,"path_taken":["M","M","M","?","?","R","$","R","T","M","M","$","M","E","R","BOSS","M","M","?","?","M","R","$","R","T","?","M","M","?"],"build_version":"2018-10-18","purchased_purges":1,"victory":false,"max_hp_per_floor":[82,82,82,82,82,82,82,82,82,82,82,82,82,82,82,82,82,82,82,82,82,82,82,82,82,82,82,82,82,82],"card_choices":[{"not_picked":["Scrape","Storm"],"picked":"Sweeping Beam","floor":1},{"not_picked":["Aggregate","Coolheaded"],"picked":"Gash","floor":2},{"not_picked":["Turbo","Rebound"],"picked":"Tempest","floor":3},{"not_picked":["Barrage","Streamline"],"picked":"Hologram","floor":5},{"not_picked":["Melter","Cold Snap"],"picked":"Storm","floor":10},{"not_picked":["Turbo","Steam"],"picked":"Redo","floor":11},{"not_picked":["Coolheaded","Steam Power"],"picked":"FTL","floor":13},{"not_picked":["FTL","Genetic Algorithm"],"picked":"Gash","floor":14},{"not_picked":["Biased Cognition","Amplify"],"picked":"Electrodynamics","floor":16},{"not_picked":["Capacitor","Steam"],"picked":"Gash","floor":18},{"not_picked":["Genetic Algorithm","Coolheaded"],"picked":"Loop+1","floor":19},{"not_picked":["Barrage","Sweeping Beam"],"picked":"Hologram","floor":21},{"not_picked":["Fusion","Sweeping Beam+1","Streamline"],"picked":"SKIP","floor":22},{"not_picked":["Cold Snap","Barrage"],"picked":"Static Discharge","floor":28},{"not_picked":["Rebound","Coolheaded"],"picked":"Barrage+1","floor":29}],"player_experience":940120,"relics_obtained":[{"floor":9,"key":"Pen Nib"},{"floor":14,"key":"Regal Pillow"},{"floor":20,"key":"Enchiridion"},{"floor":26,"key":"Blue Candle"}],"event_choices":[{"cards_removed":["Strike_B"],"damage_healed":0,"gold_gain":0,"player_choice":"Forget","damage_taken":0,"max_hp_gain":0,"max_hp_loss":0,"event_name":"Living Wall","floor":4,"gold_loss":0},{"damage_healed":0,"gold_gain":0,"player_choice":"Obtained Book","damage_taken":16,"max_hp_gain":0,"max_hp_loss":0,"event_name":"Cursed Tome","floor":20,"gold_loss":0},{"damage_healed":0,"gold_gain":99,"player_choice":"Stole From Cult","damage_taken":0,"max_hp_gain":0,"max_hp_loss":0,"event_name":"Nest","floor":27,"gold_loss":0}],"is_beta":true,"boss_relics":[{"not_picked":["White Beast Statue","Empty Cage"],"picked":"Sozu"}],"items_purged_floors":[7],"is_endless":false,"potions_floor_spawned":[1,3,14,16,18,22,28],"killed_by":"Shelled Parasite and Fungi","ascension_level":0}