{"gold_per_floor":[118,137,137,137,62,62,96,112,193,193,233,333,373,398,410,543,555,580,608,633,663,675,687],"floor_reached":23,"playtime":872,"items_purged":["Strike_R"],"score":248,"play_id":"43023430-b311-41d2-a354-10d721dd268f","local_time":"20190916142259","is_ascension_mode":true,"campfire_choices":[{"data":"Bash","floor":6,"key":"SMITH"},{"data":"Perfected Strike","floor":10,"key":"SMITH"},{"floor":15,"key":"REST"}],"neow_cost":"NONE","seed_source_timestamp":36053024144100,"circlet_count":0,"master_deck":["Strike_R+1","Strike_R+1","Strike_R+1","Strike_R+1","Defend_R+1","Defend_R+1","Defend_R+1","Defend_R+1","Bash+1","Perfected Strike+1","Pommel Strike","Twin Strike","Perfected Strike","Pommel Strike+1","Shrug It Off"],"relics":["Burning Blood","NeowsBlessing","Golden Idol","Centennial Puzzle","Pantograph","Vajra","MawBank","Velvet Choker"],"potions_floor_usage":[16,20,21,23],"damage_taken":[{"damage":0,"enemies":"2 Louse","floor":1,"turns":1},{"damage":0,"enemies":"Small Slimes","floor":2,"turns":1},{"damage":0,"enemies":"Gremlin Nob","floor":7,"turns":1},{"damage":6,"enemies":"Cultist","floor":8,"turns":3},{"damage":30,"enemies":"3 Sentries","floor":11,"turns":7},{"damage":6,"enemies":"Gremlin Nob","floor":13,"turns":3},{"damage":0,"enemies":"3 Louse","floor":14,"turns":2},{"damage":6,"enemies":"Slime Boss","floor":16,"turns":7},{"damage":30,"enemies":"2 Thieves","floor":18,"turns":3},{"damage":0,"enemies":"Chosen","floor":19,"turns":3},{"damage":29,"enemies":"Centurion and Healer","floor":20,"turns":3},{"damage":21,"enemies":"Snake Plant","floor":21,"turns":2},{"damage":37,"enemies":"Gremlin Leader","floor":23,"turns":3}],"seed_played":"-7360091965879007585","potions_obtained":[{"floor":1,"key":"Weak Potion"},{"floor":14,"key":"FearPotion"},{"floor":19,"key":"BloodPotion"},{"floor":20,"key":"Explosive Potion"}],"is_trial":false,"path_per_floor":["M","M","?","?","$","R","E","M","T","R","E","?","E","M","R","B",null,"M","M","M","M","?","E"],"character_chosen":"IRONCLAD","items_purchased":[],"campfire_rested":1,"item_purchase_floors":[],"current_hp_per_floor":[80,80,74,74,74,74,74,74,74,74,50,50,50,56,74,74,74,50,56,33,36,36,0],"gold":687,"neow_bonus":"THREE_ENEMY_KILL","is_prod":false,"is_daily":false,"chose_seed":false,"campfire_upgraded":2,"win_rate":0,"timestamp":1568658179,"path_taken":["M","M","?","?","$","R","E","?","T","R","E","?","E","?","R","BOSS","M","M","?","M","?","E"],"build_version":"2019-07-17","purchased_purges":1,"victory":false,"max_hp_per_floor":[80,80,74,74,74,74,74,74,74,74,74,74,74,74,74,74,74,74,74,74,74,74,74],"card_choices":[{"not_picked":["Searing Blow","Clothesline","Thunderclap"],"picked":"SKIP","floor":1},{"not_picked":["Sword Boomerang","Bloodletting","Thunderclap"],"picked":"SKIP","floor":2},{"not_picked":["Headbutt","Blood for Blood"],"picked":"Perfected Strike","floor":7},{"not_picked":["Warcry","Infernal Blade"],"picked":"Pommel Strike","floor":8},{"not_picked":["Sentinel","Searing Blow"],"picked":"Twin Strike","floor":11},{"not_picked":["Rage","True Grit"],"picked":"Perfected Strike","floor":13},{"not_picked":["Rage","Burning Pact","Feel No Pain"],"picked":"SKIP","floor":14},{"not_picked":["Rage","Burning Pact","Feel No Pain"],"picked":"SKIP","floor":14},{"not_picked":["Thunderclap+1","Warcry+1","Havoc"],"picked":"SKIP","floor":18},{"not_picked":["Sword Boomerang+1","Spot Weakness","Searing Blow+1"],"picked":"SKIP","floor":19},{"not_picked":["Headbutt","Carnage"],"picked":"Pommel Strike+1","floor":20},{"not_picked":["Sentinel","Perfected Strike"],"picked":"Shrug It Off","floor":21}],"player_experience":534578,"relics_obtained":[{"floor":7,"key":"Centennial Puzzle"},{"floor":9,"key":"Pantograph"},{"floor":11,"key":"Vajra"},{"floor":13,"key":"MawBank"}],"event_choices":[{"damage_healed":0,"gold_gain":0,"player_choice":"Lose Max HP","damage_taken":0,"relics_obtained":["Golden Idol"],"max_hp_gain":0,"max_hp_loss":6,"event_name":"Golden Idol","floor":3,"gold_loss":0},{"damage_healed":0,"gold_gain":0,"player_choice":"Ignored","damage_taken":0,"max_hp_gain":0,"max_hp_loss":0,"event_name":"NoteForYourself","floor":4,"gold_loss":0},{"damage_healed":0,"gold_gain":100,"player_choice":"Pray","damage_taken":0,"max_hp_gain":0,"max_hp_loss":0,"event_name":"Golden Shrine","floor":12,"gold_loss":0},{"damage_healed":0,"gold_gain":0,"player_choice":"Simplicity","damage_taken":0,"max_hp_gain":0,"max_hp_loss":0,"event_name":"Back to Basics","floor":22,"gold_loss":0,"cards_upgraded":["Strike_R","Strike_R","Strike_R","Strike_R","Defend_R","Defend_R","Defend_R","Defend_R"]}],"is_beta":false,"boss_relics":[{"not_picked":["Runic Cube","Calling Bell"],"picked":"Velvet Choker"}],"items_purged_floors":[5],"is_endless":false,"potions_floor_spawned":[1,14,19,20],"killed_by":"Gremlin Leader","ascension_level":1}