{"gold_per_floor":[116,81,95,95,95,95,111,36,88,105,122,122,133,150,150,254,254,267,185,185,200,213,213,213],"floor_reached":24,"playtime":566,"items_purged":["Strike_B"],"score":190,"play_id":"a71d4271-2ff1-49f1-93f4-1ecfba930991","local_time":"20181031105115","is_ascension_mode":false,"campfire_choices":[{"data":"Zap","floor":6,"key":"SMITH"},{"data":"Defragment","floor":12,"key":"SMITH"},{"data":"Tempest","floor":15,"key":"SMITH"},{"data":"Static Discharge","floor":23,"key":"SMITH"}],"neow_cost":"NONE","seed_source_timestamp":69846281873143,"circlet_count":0,"master_deck":["Zap+1","Dualcast","Fission","Leap","Ball Lightning","Tempest+1","Defragment+1","Storm","Core Surge","Chaos","Consume","Ball Lightning","Rebound","Blizzard","Redo","Lockon","Static Discharge+1"],"relics":["Cracked Core","CultistMask","Happy Flower","Pandora\u0027s Box"],"potions_floor_usage":[],"damage_taken":[{"damage":12,"enemies":"Cultist","floor":1,"turns":5},{"damage":0,"enemies":"2 Louse","floor":3,"turns":4},{"damage":3,"enemies":"Small Slimes","floor":7,"turns":3},{"damage":3,"enemies":"3 Louse","floor":10,"turns":3},{"damage":0,"enemies":"Large Slime","floor":11,"turns":4},{"damage":0,"enemies":"Exordium Thugs","floor":13,"turns":3},{"damage":2,"enemies":"Blue Slaver","floor":14,"turns":3},{"damage":53,"enemies":"Hexaghost","floor":16,"turns":9},{"damage":1,"enemies":"Spheric Guardian","floor":18,"turns":3},{"damage":1,"enemies":"Chosen","floor":21,"turns":3},{"damage":10,"enemies":"Centurion and Healer","floor":22,"turns":4},{"damage":65,"enemies":"Gremlin Leader","floor":24,"turns":3}],"seed_played":"-5270048470466276592","potions_obtained":[{"floor":3,"key":"Regen Potion"},{"floor":10,"key":"Block Potion"},{"floor":13,"key":"SteroidPotion"}],"is_trial":false,"path_per_floor":["M","?","M","?","?","R","M","$","T","M","M","R","M","M","R","B",null,"M","$","?","M","M","R","E"],"character_chosen":"DEFECT","items_purchased":["Lockon"],"campfire_rested":0,"item_purchase_floors":[19],"current_hp_per_floor":[63,75,75,68,68,68,65,65,65,62,62,62,62,60,60,7,75,74,74,74,73,63,63,0],"gold":213,"neow_bonus":"ONE_RANDOM_RARE_CARD","is_prod":false,"is_daily":false,"chose_seed":false,"campfire_upgraded":4,"win_rate":0,"timestamp":1540997475,"path_taken":["M","?","M","?","?","R","M","$","T","M","?","R","M","M","R","BOSS","M","$","?","M","M","R","E"],"build_version":"2018-10-30","purchased_purges":1,"victory":false,"max_hp_per_floor":[75,75,75,75,75,75,75,75,75,75,75,75,75,75,75,75,75,75,75,75,75,75,75,75],"card_choices":[{"not_picked":["Conserve Battery","Recycle"],"picked":"Leap","floor":1},{"not_picked":["Beam Cell","Sweeping Beam"],"picked":"Ball Lightning","floor":3},{"not_picked":["Auto Shields","Hologram"],"picked":"Tempest","floor":7},{"not_picked":["Recycle","Blizzard","Barrage"],"picked":"SKIP","floor":10},{"not_picked":["Doom and Gloom","Stack"],"picked":"Defragment","floor":11},{"not_picked":["Amplify","Stack","Compile Driver"],"picked":"SKIP","floor":13},{"not_picked":["Heatsinks","Sweeping Beam"],"picked":"Storm","floor":14},{"not_picked":["Reboot","All For One"],"picked":"Core Surge","floor":16},{"not_picked":["Skim","Compile Driver+1","Recycle"],"picked":"SKIP","floor":18},{"not_picked":["Sweeping Beam","Stack"],"picked":"Static Discharge","floor":21},{"not_picked":["Reinforced Body+1","Beam Cell","Chill"],"picked":"SKIP","floor":22}],"player_experience":959825,"relics_obtained":[{"floor":9,"key":"Happy Flower"}],"event_choices":[{"damage_healed":18,"gold_gain":0,"player_choice":"Healed","damage_taken":0,"max_hp_gain":0,"max_hp_loss":0,"event_name":"The Cleric","floor":2,"gold_loss":35},{"cards_removed":["Strike_B"],"damage_healed":0,"gold_gain":0,"player_choice":"Card Removal","damage_taken":7,"max_hp_gain":0,"max_hp_loss":0,"event_name":"Golden Wing","floor":4,"gold_loss":0},{"damage_healed":0,"gold_gain":0,"player_choice":"Trade","damage_taken":0,"relics_obtained":["CultistMask"],"max_hp_gain":0,"max_hp_loss":0,"event_name":"FaceTrader","floor":5,"gold_loss":0},{"damage_healed":0,"gold_gain":0,"player_choice":"Ignored","damage_taken":0,"max_hp_gain":0,"max_hp_loss":0,"event_name":"The Mausoleum","floor":20,"gold_loss":0}],"is_beta":true,"boss_relics":[{"not_picked":["Nuclear Battery","Busted Crown"],"picked":"Pandora\u0027s Box"}],"items_purged_floors":[8],"is_endless":false,"potions_floor_spawned":[3,10,13,14,18],"killed_by":"Gremlin Leader","ascension_level":0}