{"path_per_floor":["M","M","M","M","?","R","$","M","T","R","M","R","M","?","R","B",null,"M","?","?","$","?","R","M"],"character_chosen":"THE_SILENT","items_purchased":["Expertise","Deadly Poison","Calculated Gamble","Noxious Fumes","Snake Skull"],"gold_per_floor":[110,121,139,154,154,154,61,78,102,102,117,117,134,134,134,238,238,252,252,342,19,19,19,37,37],"floor_reached":25,"campfire_rested":1,"playtime":3475,"current_hp_per_floor":[63,63,63,57,62,62,62,60,60,60,60,60,48,48,48,22,68,48,48,24,24,24,44,21,0],"items_purged":["Strike_G"],"gold":37,"score":193,"play_id":"378d0719-66ee-41bb-affb-8273595dfb4b","local_time":"20180403220304","is_prod":false,"is_daily":false,"is_ascension_mode":false,"campfire_upgraded":4,"timestamp":1522818184,"path_taken":["M","M","M","M","?","R","$","M","T","R","M","R","M","?","R","BOSS","M","?","?","$","?","R","M","M"],"build_version":"2018-03-29v2","purchased_purges":1,"victory":false,"master_deck":["Defend_G","Defend_G","Defend_G","Defend_G","Strike_G","Strike_G","Survivor","Neutralize","Glass Knife","Envenom+1","Well Laid Plans+1","Outmaneuver+1","Dodge and Roll","Infinite Blades","Expertise","Deadly Poison+1","Underhanded Strike","Choke","Flying Knee","Envenom","Flying Knee","Calculated Gamble","Noxious Fumes","Blade Dance"],"max_hp_per_floor":[63,63,63,63,68,68,68,68,68,68,68,68,68,68,68,68,68,68,68,68,68,68,68,68,68],"relics":["Ring of the Snake","Juzu Bracelet","Black Star","Snake Skull"],"card_choices":[{"not_picked":["Blur","Dagger Throw"],"picked":"Well Laid Plans","floor":1},{"not_picked":["Underhanded Strike","Eviscerate"],"picked":"Outmaneuver","floor":2},{"not_picked":["Poisoned Stab","Dash"],"picked":"Dodge and Roll","floor":3},{"not_picked":["Terror","Calculated Gamble"],"picked":"Infinite Blades","floor":4},{"not_picked":["Acrobatics","Riddle With Holes"],"picked":"Underhanded Strike","floor":8},{"not_picked":["Underhanded Strike","Sucker Punch"],"picked":"Choke","floor":11},{"not_picked":["Sucker Punch","Phantasmal Killer"],"picked":"Flying Knee","floor":13},{"not_picked":["Unload","Doppelganger"],"picked":"Envenom","floor":16},{"not_picked":["PiercingWail","Sucker Punch"],"picked":"Flying Knee","floor":18},{"not_picked":["Blur","Flechettes"],"picked":"Blade Dance","floor":24}],"player_experience":13516,"potions_floor_usage":[16,16,24,24,25],"damage_taken":[{"damage":0,"enemies":"Small Slimes","floor":1,"turns":5},{"damage":0,"enemies":"2 Louse","floor":2,"turns":4},{"damage":0,"enemies":"Cultist","floor":3,"turns":4},{"damage":6,"enemies":"Exordium Wildlife","floor":4,"turns":6},{"damage":2,"enemies":"Large Slime","floor":8,"turns":7},{"damage":0,"enemies":"3 Louse","floor":11,"turns":4},{"damage":12,"enemies":"Exordium Thugs","floor":13,"turns":5},{"damage":26,"enemies":"Slime Boss","floor":16,"turns":7},{"damage":20,"enemies":"Spheric Guardian","floor":18,"turns":5},{"damage":35,"enemies":"3 Byrds","floor":24,"turns":6},{"damage":24,"enemies":"Centurion and Healer","floor":25,"turns":3}],"event_choices":[{"event_name":"Big Fish","player_choice":"Donut","floor":5,"damage_taken":0},{"event_name":"Purifier","player_choice":"One Purge","floor":14,"damage_taken":0},{"event_name":"Drug Dealer","player_choice":"Ignored","floor":19,"damage_taken":0},{"event_name":"Knowing Skull","player_choice":"GOLD POTION ","floor":20,"damage_taken":0},{"event_name":"The Lab","player_choice":"Got Potions","floor":22,"damage_taken":0}],"boss_relics":[{"not_picked":["Runic Pyramid","White Beast Statue"],"picked":"Black Star"}],"potions_floor_spawned":[1,4,11,24],"seed_played":"8489267983209113400","killed_by":"Centurion and Healer","ascension_level":0,"is_trial":false}