{"path_per_floor":["M","M","M","M","$","E","?","R","T","M","R","$","?","M","R","B",null,"M","M","M","$","M","R","?"],"character_chosen":"IRONCLAD","items_purchased":["Bag of Marbles","Reaper"],"gold_per_floor":[214,226,239,249,93,120,120,120,120,134,134,59,119,133,133,228,228,246,263,273,110,123,123,23],"floor_reached":25,"campfire_rested":2,"playtime":909,"current_hp_per_floor":[78,71,65,64,64,52,52,52,52,52,52,52,31,16,40,12,80,57,55,13,13,13,37,37],"items_purged":["Defend_R"],"gold":23,"score":205,"play_id":"e087e0f8-8f94-4579-9d3f-d6ef53337972","is_prod":false,"is_daily":false,"is_ascension_mode":false,"campfire_upgraded":1,"path_taken":["M","M","M","M","$","E","?","R","T","M","R","$","?","M","R","BOSS","M","M","M","$","?","R","?","?"],"build_version":"2018-02-15-PROD1","purchased_purges":1,"victory":false,"master_deck":["Strike_R","Strike_R","Strike_R","Strike_R","Defend_R","Defend_R","Defend_R","Bash","Sentinel","Inflame+1","Shockwave","Rampage+1","Bloodletting","Heavy Blade+1","Bludgeon+1","Double Tap","True Grit+1","Reaper+1","Burning Pact","J.A.X."],"max_hp_per_floor":[80,80,80,80,80,80,80,80,80,80,80,80,80,80,80,80,80,80,80,80,80,80,80,80],"relics":["Burning Blood","Bag of Marbles","Ornamental Fan","Peace Pipe","Molten Egg 2","Philosopher\u0027s Stone"],"card_choices":[{"not_picked":["Combust","Thunderclap"],"picked":"Sentinel"},{"not_picked":["Fiend Fire","Thunderclap"],"picked":"Inflame"},{"not_picked":["Perfected Strike","Hemokinesis"],"picked":"Shockwave"},{"not_picked":["Sword Boomerang","Headbutt"],"picked":"Rampage"},{"not_picked":["Exhume","Headbutt"],"picked":"Bloodletting"},{"not_picked":["Disarm","Shrug It Off"],"picked":"Heavy Blade"},{"not_picked":["Clothesline","Body Slam"],"picked":"Bludgeon"},{"not_picked":["Impervious","Brutality"],"picked":"Double Tap"},{"not_picked":["Heavy Blade","Reckless Charge"],"picked":"True Grit"},{"not_picked":["Wild Strike","Sword Boomerang"],"picked":"Burning Pact"}],"player_experience":99924,"potions_floor_usage":[19,25,25],"damage_taken":[{"damage":8,"enemies":"2 Louse","floor":1,"turns":3},{"damage":13,"enemies":"Cultist","floor":2,"turns":5},{"damage":12,"enemies":"Small Slimes","floor":3,"turns":3},{"damage":7,"enemies":"3 Louse","floor":4,"turns":3},{"damage":18,"enemies":"Gremlin Nob","floor":6,"turns":4},{"damage":6,"enemies":"Exordium Wildlife","floor":10,"turns":6},{"damage":27,"enemies":"Lagavulin Event","floor":13,"turns":5},{"damage":21,"enemies":"Gremlin Gang","floor":14,"turns":4},{"damage":34,"enemies":"The Guardian","floor":16,"turns":6},{"damage":29,"enemies":"Spheric Guardian","floor":18,"turns":4},{"damage":14,"enemies":"Shell Parasite","floor":19,"turns":3},{"damage":48,"enemies":"Centurion and Healer","floor":20,"turns":5},{"damage":18,"enemies":"Slaver and Parasite","floor":22,"turns":5},{"damage":60,"enemies":"Cultist and Chosen","floor":25,"turns":5}],"event_choices":[{"event_name":"Accursed Blacksmith","player_choice":"Forge","floor":7,"damage_taken":0},{"event_name":"Dead Adventurer","player_choice":"Searched \u00273\u0027 times","floor":13,"damage_taken":0},{"event_name":"Drug Dealer","player_choice":"Got JAXXED","floor":24,"damage_taken":0}],"boss_relics":[{"not_picked":["Eternal Feather","Snecko Eye"],"picked":"Philosopher\u0027s Stone"}],"potions_floor_spawned":[3,4,6,10,18,19],"seed_played":"8638643973676783451","killed_by":"Cultist and Chosen","ascension_level":0,"is_trial":false}