{"path_per_floor":["M","?","T","M","M","R","M","R","T","R","?","R","M","$","R","B",null,"M","M","M","M","?","M","R","M","T","$"],"character_chosen":"DEFECT","items_purchased":["Hologram","Thread and Needle"],"gold_per_floor":[112,62,62,80,100,100,116,116,140,140,140,140,150,52,52,147,147,160,178,188,198,198,216,216,236,312,3,3],"floor_reached":28,"campfire_rested":0,"playtime":784,"current_hp_per_floor":[71,71,71,66,65,65,54,54,54,54,54,54,55,55,55,24,77,59,43,32,22,22,22,22,4,4,4,0],"items_purged":["Strike_B"],"gold":3,"score":212,"play_id":"9b7068e1-4f8b-4397-84e3-2dce957811ab","local_time":"20180501194342","is_prod":false,"is_daily":false,"chose_seed":false,"is_ascension_mode":false,"campfire_upgraded":6,"timestamp":1525218222,"path_taken":["M","?","?","M","M","R","M","R","T","R","?","R","?","?","R","BOSS","M","M","M","M","?","M","R","M","T","?","M"],"build_version":"2018-04-30","seed_source_timestamp":87140901092608,"purchased_purges":1,"victory":false,"master_deck":["Strike_B","Defend_B","Defend_B","Defend_B","Defend_B","Zap","Dualcast","Capacitor+1","Consume+1","Chaos+1","Turbo+1","Hologram+1","Thunder Strike","Ball Lightning","Static Discharge","Tempest+1","Capacitor","Lockon"],"max_hp_per_floor":[75,75,75,75,75,75,75,75,75,75,75,75,77,77,77,77,77,77,77,79,81,81,81,81,81,81,81,81],"relics":["Cracked Core","Dream Catcher","Ice Cream","Singing Bowl","Sozu","Symbiotic Virus","Thread and Needle"],"card_choices":[{"not_picked":["Coolheaded","Force Field"],"picked":"Capacitor","floor":1},{"not_picked":["Stack","Hologram"],"picked":"Consume","floor":4},{"not_picked":["Stack","Coolheaded"],"picked":"Chaos","floor":5},{"not_picked":["Stack","Axe Kick"],"picked":"Turbo","floor":7},{"not_picked":["Multi-Cast","Seek"],"picked":"Thunder Strike","floor":16},{"not_picked":["Impulse","Skim"],"picked":"Ball Lightning","floor":18},{"not_picked":["Turbo","Go for the Eyes"],"picked":"Static Discharge","floor":19},{"not_picked":["Skim","Impulse"],"picked":"Capacitor","floor":23},{"not_picked":["Defragment","Skim"],"picked":"Lockon","floor":25}],"player_experience":425687,"potions_floor_usage":[28],"damage_taken":[{"damage":4,"enemies":"2 Louse","floor":1,"turns":3},{"damage":5,"enemies":"Jaw Worm","floor":4,"turns":5},{"damage":1,"enemies":"Cultist","floor":5,"turns":3},{"damage":11,"enemies":"Exordium Wildlife","floor":7,"turns":4},{"damage":1,"enemies":"2 Fungi Beasts","floor":13,"turns":2},{"damage":31,"enemies":"Hexaghost","floor":16,"turns":9},{"damage":18,"enemies":"Spheric Guardian","floor":18,"turns":4},{"damage":16,"enemies":"Shell Parasite","floor":19,"turns":5},{"damage":13,"enemies":"3 Cultists","floor":20,"turns":3},{"damage":12,"enemies":"Centurion and Healer","floor":21,"turns":7},{"damage":0,"enemies":"Snake Plant","floor":23,"turns":2},{"damage":18,"enemies":"3 Cultists","floor":25,"turns":3},{"damage":4,"enemies":"Centurion and Healer","floor":28,"turns":3}],"event_choices":[{"event_name":"The Cleric","player_choice":"Card Removal","floor":2,"damage_taken":0},{"event_name":"Liars Game","player_choice":"disagreed","floor":11,"damage_taken":0},{"event_name":"Transmorgrifier","player_choice":"Transform","floor":22,"damage_taken":0}],"boss_relics":[{"not_picked":["Snecko Eye","Philosopher\u0027s Stone"],"picked":"Sozu"}],"potions_floor_spawned":[7,13,19,21],"seed_played":"-8307726128180010569","killed_by":"Centurion and Healer","ascension_level":0,"is_trial":false}