{"gold_per_floor":[118,129,146,71,82,82,99,118,170,3,3,18,18,35,35,136,136,150,150,150,150,25,25,44,97,124,124,124,124,124,135,135,230,230,243,243,243],"floor_reached":38,"playtime":8221,"items_purged":["Strike_R","Strike_R","Strike_R"],"score":539,"play_id":"d3d3e211-1d19-478a-9c3e-fe76f82f0491","local_time":"20190914231034","is_ascension_mode":false,"campfire_choices":[{"data":"Limit Break","floor":6,"key":"SMITH"},{"floor":11,"key":"REST"},{"data":"Whirlwind","floor":13,"key":"SMITH"},{"floor":15,"key":"REST"},{"data":"Limit Break","floor":23,"key":"SMITH"},{"data":"Infernal Blade","floor":29,"key":"SMITH"},{"floor":32,"key":"REST"}],"neow_cost":"NONE","seed_source_timestamp":2479559517728800,"circlet_count":0,"master_deck":["Defend_R","Defend_R","Defend_R","Defend_R","Bash","Heavy Blade","Anger","Flex","Limit Break+1","Infernal Blade+1","Flex","Whirlwind+1","Offering","Limit Break+1","Perfected Strike","Shrug It Off","Spot Weakness","Limit Break"],"relics":["Runic Pyramid"],"potions_floor_usage":[3,16,16,18,31,37,37],"damage_taken":[{"damage":1,"enemies":"Cultist","floor":1,"turns":3},{"damage":0,"enemies":"Small Slimes","floor":2,"turns":3},{"damage":7,"enemies":"2 Louse","floor":3,"turns":2},{"damage":18,"enemies":"Lots of Slimes","floor":5,"turns":4},{"damage":8,"enemies":"Exordium Wildlife","floor":7,"turns":4},{"damage":6,"enemies":"Large Slime","floor":8,"turns":4},{"damage":4,"enemies":"Gremlin Gang","floor":12,"turns":4},{"damage":0,"enemies":"2 Fungi Beasts","floor":14,"turns":2},{"damage":31,"enemies":"The Guardian","floor":16,"turns":4},{"damage":16,"enemies":"2 Thieves","floor":18,"turns":3},{"damage":6,"enemies":"Spheric Guardian","floor":24,"turns":3},{"damage":11,"enemies":"Centurion and Healer","floor":31,"turns":4},{"damage":40,"enemies":"Automaton","floor":33,"turns":6},{"damage":7,"enemies":"3 Darklings","floor":35,"turns":3},{"damage":63,"enemies":"Awakened One","floor":37,"turns":5}],"seed_played":"1297854147958242766","potions_obtained":[{"floor":1,"key":"Swift Potion"},{"floor":5,"key":"Strength Potion"},{"floor":7,"key":"Strength Potion"},{"floor":14,"key":"Fire Potion"},{"floor":24,"key":"Weak Potion"},{"floor":31,"key":"Weak Potion"},{"floor":33,"key":"Block Potion"}],"is_trial":false,"path_per_floor":["M","M","M","$","M","R","M","M","T","$","R","M","R","M","R","B",null,"M","?","?","?","$","R","M","T","T","$","?","R","?","M","R","B",null,"M","?","B",null],"character_chosen":"IRONCLAD","items_purchased":["Whirlwind"],"campfire_rested":3,"item_purchase_floors":[10],"current_hp_per_floor":[79,79,72,72,54,54,46,40,40,40,64,60,60,60,80,49,80,64,64,80,80,80,80,74,74,74,74,74,74,74,63,80,40,80,73,73,10],"gold":243,"neow_bonus":"BOSS_RELIC","is_prod":false,"is_daily":false,"chose_seed":false,"campfire_upgraded":4,"win_rate":0,"timestamp":1568517034,"path_taken":["M","M","?","$","?","R","M","M","T","$","R","M","R","M","R","BOSS","M","?","?","?","$","R","?","?","T","$","?","R","?","M","R","BOSS","M","?","BOSS"],"build_version":"2019-07-17","purchased_purges":3,"victory":true,"max_hp_per_floor":[80,80,80,80,80,80,80,80,80,80,80,80,80,80,80,80,80,80,80,80,80,80,80,80,80,80,80,80,80,80,80,80,80,80,80,80,80],"card_choices":[{"not_picked":["Rage","Armaments"],"picked":"Heavy Blade","floor":1},{"not_picked":["True Grit","Ghostly Armor"],"picked":"Anger","floor":2},{"not_picked":["Cleave","Havoc"],"picked":"Flex","floor":3},{"not_picked":["Wild Strike","Iron Wave"],"picked":"Limit Break","floor":5},{"not_picked":["Sword Boomerang","Rupture"],"picked":"Infernal Blade","floor":7},{"not_picked":["Pommel Strike","Warcry"],"picked":"Flex","floor":8},{"not_picked":["Armaments","Perfected Strike"],"picked":"Offering","floor":12},{"not_picked":["Reckless Charge","Wild Strike","Twin Strike"],"picked":"SKIP","floor":14},{"not_picked":["Berserk","Offering"],"picked":"Limit Break","floor":16},{"not_picked":["Cleave","Thunderclap","Sword Boomerang"],"picked":"SKIP","floor":18},{"not_picked":["Whirlwind","Armaments","Dropkick"],"picked":"SKIP","floor":24},{"not_picked":["Entrench","Sword Boomerang"],"picked":"Spot Weakness","floor":31},{"not_picked":["Dark Embrace","Demon Form"],"picked":"Limit Break","floor":33},{"not_picked":["Spot Weakness+1","Wild Strike","Reckless Charge+1"],"picked":"SKIP","floor":35}],"player_experience":466518,"relics_obtained":[],"event_choices":[{"damage_healed":0,"gold_gain":0,"player_choice":"Ignored","damage_taken":0,"max_hp_gain":0,"max_hp_loss":0,"event_name":"Vampires","floor":19,"gold_loss":0},{"damage_healed":26,"gold_gain":0,"player_choice":"Heal","damage_taken":0,"max_hp_gain":0,"max_hp_loss":0,"event_name":"The Library","floor":20,"gold_loss":0},{"damage_healed":0,"gold_gain":0,"player_choice":"Leave","damage_taken":0,"max_hp_gain":0,"max_hp_loss":0,"event_name":"FaceTrader","floor":21,"gold_loss":0},{"damage_healed":0,"gold_gain":0,"cards_transformed":["Strike_R","Strike_R"],"player_choice":"Became Test Subject","damage_taken":0,"max_hp_gain":0,"max_hp_loss":0,"event_name":"Drug Dealer","floor":28,"gold_loss":0,"cards_obtained":["Perfected Strike","Shrug It Off"]},{"damage_healed":0,"gold_gain":0,"player_choice":"Ignored","damage_taken":0,"max_hp_gain":0,"max_hp_loss":0,"event_name":"Ghosts","floor":30,"gold_loss":0},{"damage_healed":0,"gold_gain":0,"player_choice":"Took Portal","damage_taken":0,"max_hp_gain":0,"max_hp_loss":0,"event_name":"SecretPortal","floor":36,"gold_loss":0}],"is_beta":false,"boss_relics":[{"not_picked":["Philosopher\u0027s Stone","Calling Bell","Sozu"]},{"not_picked":["Astrolabe","Pandora\u0027s Box","Tiny House"]}],"items_purged_floors":[4,10,22],"is_endless":false,"potions_floor_spawned":[1,5,7,14,24,31,33],"ascension_level":0}