{"gold_per_floor":[112,125,76,89,106,106,131,131,156,169,180,193,193,49,49,146,146,159,175,175,175],"floor_reached":21,"playtime":956,"items_purged":[],"score":220,"play_id":"36446c7e-3f9d-409b-8de0-c751a5b9cb4d","local_time":"20180928174423","is_ascension_mode":true,"campfire_choices":[{"data":"Self Repair","floor":6,"key":"SMITH"},{"data":"Echo Form","floor":8,"key":"SMITH"},{"floor":15,"key":"REST"}],"neow_cost":"TEN_PERCENT_HP_LOSS","seed_source_timestamp":290584018653262,"circlet_count":0,"master_deck":["Strike_B","Strike_B+1","Strike_B+1","Defend_B","Defend_B","Defend_B","Defend_B","Zap","Dualcast","Echo Form+1","Rip and Tear","Self Repair+1","Ball Lightning","Beam Cell","White Noise","Defragment","Fission","Coolheaded","Cold Snap+1"],"relics":["Cracked Core","Smiling Mask","Whetstone","Vajra","Regal Pillow","Velvet Choker"],"potions_floor_usage":[5,5,12,21],"damage_taken":[{"damage":1,"enemies":"Cultist","floor":1,"turns":3},{"damage":12,"enemies":"Jaw Worm","floor":2,"turns":3},{"damage":0,"enemies":"Small Slimes","floor":4,"turns":3},{"damage":0,"enemies":"3 Louse","floor":5,"turns":1},{"damage":35,"enemies":"Lagavulin","floor":7,"turns":5},{"damage":30,"enemies":"Gremlin Gang","floor":10,"turns":4},{"damage":9,"enemies":"2 Fungi Beasts","floor":11,"turns":4},{"damage":22,"enemies":"Lots of Slimes","floor":12,"turns":4},{"damage":48,"enemies":"The Guardian","floor":16,"turns":9},{"damage":27,"enemies":"Spheric Guardian","floor":18,"turns":4},{"damage":39,"enemies":"2 Thieves","floor":19,"turns":4},{"damage":46,"enemies":"Shelled Parasite and Fungi","floor":21,"turns":3}],"seed_played":"1070362806359617828","potions_obtained":[{"floor":1,"key":"SteroidPotion"},{"floor":2,"key":"Explosive Potion"},{"floor":4,"key":"Explosive Potion"},{"floor":10,"key":"Ancient Potion"},{"floor":19,"key":"GamblersBrew"}],"is_trial":false,"path_per_floor":["M","M","?","M","M","R","E","R","T","M","M","M","?","$","R","B",null,"M","M","?"],"character_chosen":"DEFECT","items_purchased":["Regal Pillow"],"campfire_rested":1,"item_purchase_floors":[14],"current_hp_per_floor":[67,55,55,62,62,62,37,37,37,27,28,26,26,26,61,23,68,61,42,42,0],"gold":175,"neow_bonus":"THREE_RARE_CARDS","is_prod":false,"is_daily":false,"chose_seed":false,"campfire_upgraded":2,"win_rate":0,"timestamp":1538171063,"path_taken":["M","?","?","?","M","R","E","R","T","M","M","M","?","$","R","BOSS","M","M","?","?"],"build_version":"2018-09-27","purchased_purges":0,"victory":false,"max_hp_per_floor":[68,68,68,68,68,68,68,68,68,68,68,68,68,68,68,68,68,68,68,68,68],"card_choices":[{"not_picked":["Seek","Thunder Strike"],"picked":"Echo Form","floor":0},{"not_picked":["Reprogram","Hello World"],"picked":"Rip and Tear","floor":1},{"not_picked":["Ball Lightning","Rebound"],"picked":"Self Repair","floor":2},{"not_picked":["Hologram","Streamline"],"picked":"Ball Lightning","floor":4},{"not_picked":["Coolheaded","Stack"],"picked":"Beam Cell","floor":5},{"not_picked":["Echo Form","Barrage"],"picked":"White Noise","floor":7},{"not_picked":["Steam","Chaos","Compile Driver"],"picked":"SKIP","floor":10},{"not_picked":["Steam","Double Energy","Rip and Tear"],"picked":"SKIP","floor":11},{"not_picked":["Coolheaded","Go for the Eyes"],"picked":"Defragment","floor":12},{"not_picked":["Reboot","Meteor Strike"],"picked":"Fission","floor":16},{"not_picked":["Rip and Tear","Recycle"],"picked":"Coolheaded","floor":18},{"not_picked":["Turbo","Rebound"],"picked":"Cold Snap+1","floor":19}],"player_experience":906638,"relics_obtained":[{"floor":7,"key":"Smiling Mask"},{"floor":9,"key":"Whetstone"}],"event_choices":[{"event_name":"World of Goop","player_choice":"Left","floor":3,"damage_taken":0},{"event_name":"WeMeetAgain","player_choice":"Potion","floor":13,"damage_taken":0},{"event_name":"Purifier","player_choice":"One Purge","floor":20,"damage_taken":0}],"is_beta":true,"boss_relics":[{"not_picked":["White Beast Statue","Snecko Eye"],"picked":"Velvet Choker"}],"items_purged_floors":[],"is_endless":false,"potions_floor_spawned":[1,2,4,10,19],"killed_by":"Shelled Parasite and Fungi","ascension_level":4}