{"gold_per_floor":[115,126,51,70,25,25,44,44,44,54,54,54,71,82,82,186,186,173,184,184,202,202,102,102,102,128,128,140,140,140,157,157,157],"floor_reached":33,"playtime":1236,"items_purged":["Strike_R","Strike_R"],"score":239,"play_id":"c8ffdfff-c402-4668-8d6a-3e5b7072616c","local_time":"20190914003024","is_ascension_mode":false,"campfire_choices":[{"data":"Searing Blow","floor":6,"key":"SMITH"},{"data":"Searing Blow+1","floor":8,"key":"SMITH"},{"data":"Searing Blow+2","floor":11,"key":"SMITH"},{"data":"Searing Blow+3","floor":15,"key":"SMITH"},{"data":"Searing Blow+4","floor":24,"key":"SMITH"},{"floor":30,"key":"REST"},{"data":"Searing Blow+6","floor":32,"key":"SMITH"}],"neow_cost":"NONE","seed_source_timestamp":2404938593440200,"circlet_count":0,"master_deck":["Strike_R","Strike_R","Strike_R","Defend_R","Defend_R","Defend_R","Defend_R","Bash","Metallicize","Searing Blow+7","Flame Barrier","Demon Form","Infernal Blade+1","Shrug It Off","Spot Weakness+1"],"relics":["Burning Blood"],"potions_floor_usage":[7,13,16,31,31],"damage_taken":[{"damage":0,"enemies":"2 Louse","floor":1,"turns":3},{"damage":7,"enemies":"Jaw Worm","floor":2,"turns":5},{"damage":1,"enemies":"Cultist","floor":4,"turns":5},{"damage":0,"enemies":"Looter","floor":5,"turns":5},{"damage":16,"enemies":"Gremlin Gang","floor":7,"turns":7},{"damage":2,"enemies":"2 Fungi Beasts","floor":10,"turns":4},{"damage":0,"enemies":"Looter","floor":13,"turns":2},{"damage":6,"enemies":"Blue Slaver","floor":14,"turns":6},{"damage":75,"enemies":"Slime Boss","floor":16,"turns":17},{"damage":22,"enemies":"2 Thieves","floor":18,"turns":4},{"damage":10,"enemies":"3 Byrds","floor":19,"turns":5},{"damage":36,"enemies":"Snake Plant","floor":21,"turns":5},{"damage":0,"enemies":"Snecko","floor":28,"turns":4},{"damage":5,"enemies":"Chosen and Byrds","floor":31,"turns":4},{"damage":69,"enemies":"Champ","floor":33,"turns":11}],"seed_played":"8799199509839977786","potions_obtained":[{"floor":1,"key":"EssenceOfSteel"},{"floor":10,"key":"Block Potion"},{"floor":13,"key":"Swift Potion"},{"floor":16,"key":"PowerPotion"},{"floor":28,"key":"Energy Potion"}],"is_trial":false,"path_per_floor":["M","M","$","M","M","R","M","R","T","M","R","$","M","M","R","B",null,"M","M","?","M","?","$","R","$","T","?","M","?","R","M","R","B"],"character_chosen":"IRONCLAD","items_purchased":[],"campfire_rested":1,"item_purchase_floors":[],"current_hp_per_floor":[80,79,79,80,80,80,70,70,70,74,74,74,80,80,80,11,80,64,60,60,30,30,30,30,30,30,30,36,36,60,61,61,0],"gold":157,"neow_bonus":"THREE_CARDS","is_prod":false,"is_daily":false,"chose_seed":false,"campfire_upgraded":6,"win_rate":0,"timestamp":1568435424,"path_taken":["M","M","$","M","M","R","M","R","T","M","R","$","M","M","R","BOSS","M","M","?","M","?","$","R","$","T","?","?","?","R","?","R","BOSS"],"build_version":"2019-07-17","purchased_purges":2,"victory":false,"max_hp_per_floor":[80,80,80,80,80,80,80,80,80,80,80,80,80,80,80,80,80,80,80,80,80,80,80,80,80,80,80,80,80,80,80,80,80],"card_choices":[{"not_picked":["Warcry","Anger"],"picked":"Metallicize","floor":0},{"not_picked":["Fire Breathing","True Grit","Flex"],"picked":"SKIP","floor":1},{"not_picked":["Anger","Bloodletting","Sever Soul"],"picked":"SKIP","floor":2},{"not_picked":["Iron Wave","Inflame"],"picked":"Searing Blow","floor":4},{"not_picked":["Shrug It Off","Twin Strike","Warcry"],"picked":"SKIP","floor":5},{"not_picked":["Rampage","True Grit"],"picked":"Flame Barrier","floor":7},{"not_picked":["Flex","Juggernaut","Anger"],"picked":"SKIP","floor":10},{"not_picked":["Pommel Strike","Headbutt","Rupture"],"picked":"SKIP","floor":13},{"not_picked":["True Grit","Pommel Strike","Havoc"],"picked":"SKIP","floor":14},{"not_picked":["Immolate","Feed"],"picked":"Demon Form","floor":16},{"not_picked":["Clash","Fire Breathing"],"picked":"Infernal Blade+1","floor":18},{"not_picked":["Anger","Infernal Blade"],"picked":"Shrug It Off","floor":19},{"not_picked":["Sword Boomerang","Wild Strike","Bludgeon"],"picked":"SKIP","floor":21},{"not_picked":["Intimidate","Clash","Sword Boomerang"],"picked":"SKIP","floor":28},{"not_picked":["Clothesline","Feel No Pain"],"picked":"Spot Weakness+1","floor":31}],"player_experience":423990,"relics_obtained":[],"event_choices":[{"damage_healed":0,"gold_gain":0,"player_choice":"Ignored","damage_taken":0,"max_hp_gain":0,"max_hp_loss":0,"event_name":"Ghosts","floor":20,"gold_loss":0},{"damage_healed":0,"gold_gain":0,"player_choice":"Ignored","damage_taken":0,"max_hp_gain":0,"max_hp_loss":0,"event_name":"The Mausoleum","floor":22,"gold_loss":0},{"damage_healed":0,"gold_gain":0,"player_choice":"Forge","damage_taken":0,"max_hp_gain":0,"max_hp_loss":0,"event_name":"Accursed Blacksmith","floor":27,"gold_loss":0,"cards_upgraded":["Searing Blow"]},{"damage_healed":0,"gold_gain":0,"player_choice":"Leave","damage_taken":0,"max_hp_gain":0,"max_hp_loss":0,"event_name":"FaceTrader","floor":29,"gold_loss":0}],"is_beta":false,"boss_relics":[{"not_picked":["Astrolabe","Busted Crown","Fusion Hammer"]}],"items_purged_floors":[3,23],"is_endless":false,"potions_floor_spawned":[1,10,13,16,28],"killed_by":"Champ","ascension_level":0}