{"gold_per_floor":[112,123,143,143,160,160,186,196,196,196,212,212,247,266,266,361,361,380,305,305,331,350,382,398,398,398,398,415,13,13,30,30,133,183,199,212,212,212,230,230,17,43,43,43,74,92,54,67,67,67],"floor_reached":51,"playtime":4208,"items_purged":["Defend_R","Strike_R"],"score":1023,"play_id":"97f713b7-0e29-41f5-8a62-8db898079846","local_time":"20190226074616","is_ascension_mode":true,"campfire_choices":[{"data":"Bash","floor":6,"key":"SMITH"},{"data":"Battle Trance","floor":12,"key":"SMITH"},{"data":"Armaments","floor":15,"key":"SMITH"},{"data":"Metallicize","floor":25,"key":"SMITH"},{"data":"Metallicize","floor":27,"key":"SMITH"},{"data":"Spot Weakness","floor":30,"key":"SMITH"},{"floor":32,"key":"REST"},{"floor":40,"key":"REST"},{"floor":44,"key":"REST"},{"floor":49,"key":"REST"}],"neow_cost":"NONE","seed_source_timestamp":20957922636969,"circlet_count":0,"master_deck":["Strike_R","Strike_R","Defend_R","Defend_R","Defend_R","Bash+1","Metallicize+1","Ghostly Armor","Spot Weakness+1","Iron Wave+1","Armaments+1","Metallicize+1","Battle Trance+1","Heavy Blade","Battle Trance+1","Offering+1","Combust","Shrug It Off","Headbutt","True Grit+1","Metallicize+1","Battle Trance+1","Spot Weakness+1","Reaper","Armaments+1","Warcry+1","Bandage Up+1","Havoc+1","Flame Barrier+1","Havoc+1","Shrug It Off+1","Shrug It Off+1","Exhume+1","Heavy Blade+1","Warcry+1","Sentinel+1"],"relics":["Burning Blood","PreservedInsect","Bag of Preparation","The Courier","Dodecahedron","Philosopher\u0027s Stone","MutagenicStrength","War Paint","Bronze Scales","Toxic Egg 2","Anchor","DollysMirror","Tiny House","Red Skull","Question Card","Omamori"],"potions_floor_usage":[7,7,11,16,23,33,36,48],"damage_taken":[{"damage":12,"enemies":"Small Slimes","floor":1,"turns":3},{"damage":7,"enemies":"2 Louse","floor":2,"turns":3},{"damage":2,"enemies":"Jaw Worm","floor":3,"turns":7},{"damage":29,"enemies":"Exordium Wildlife","floor":5,"turns":8},{"damage":0,"enemies":"Gremlin Nob","floor":7,"turns":2},{"damage":12,"enemies":"Red Slaver","floor":8,"turns":7},{"damage":0,"enemies":"Gremlin Gang","floor":11,"turns":5},{"damage":14,"enemies":"Lagavulin","floor":13,"turns":9},{"damage":8,"enemies":"3 Louse","floor":14,"turns":4},{"damage":19,"enemies":"The Guardian","floor":16,"turns":10},{"damage":9,"enemies":"Spheric Guardian","floor":18,"turns":5},{"damage":10,"enemies":"Shell Parasite","floor":22,"turns":5},{"damage":8,"enemies":"Slavers","floor":23,"turns":4},{"damage":10,"enemies":"3 Cultists","floor":24,"turns":5},{"damage":9,"enemies":"Snake Plant","floor":28,"turns":4},{"damage":18,"enemies":"Centurion and Healer","floor":31,"turns":5},{"damage":47,"enemies":"Automaton","floor":33,"turns":8},{"damage":10,"enemies":"3 Shapes","floor":35,"turns":5},{"damage":9,"enemies":"Orb Walker","floor":36,"turns":4},{"damage":35,"enemies":"3 Darklings","floor":39,"turns":6},{"damage":57,"enemies":"Giant Head","floor":42,"turns":7},{"damage":44,"enemies":"Nemesis","floor":45,"turns":7},{"damage":6,"enemies":"Spire Growth","floor":46,"turns":6},{"damage":21,"enemies":"Transient","floor":48,"turns":5},{"damage":89,"enemies":"Donu and Deca","floor":50,"turns":11}],"seed_played":"-1853362391971508447","potions_obtained":[{"floor":1,"key":"FearPotion"},{"floor":3,"key":"AttackPotion"},{"floor":7,"key":"Explosive Potion"},{"floor":11,"key":"PowerPotion"},{"floor":13,"key":"Poison Potion"},{"floor":16,"key":"SkillPotion"},{"floor":24,"key":"Strength Potion"},{"floor":31,"key":"Swift Potion"},{"floor":34,"key":"Regen Potion"},{"floor":35,"key":"FearPotion"},{"floor":36,"key":"FearPotion"}],"is_trial":false,"path_per_floor":["M","M","M","?","M","R","E","M","T","?","M","R","E","M","R","B",null,"M","?","?","T","M","E","M","R","T","R","M","$","R","M","R","B",null,"M","M","?","?","M","R","$","E","T","R","E","M","$","M","R","B",null],"character_chosen":"IRONCLAD","items_purchased":["Anchor","DollysMirror","Battle Trance+1","Flame Barrier+1","Havoc+1","Shrug It Off+1","Warcry+1"],"campfire_rested":4,"item_purchase_floors":[29,29,29,41,41,41,47],"current_hp_per_floor":[66,65,69,69,46,46,52,46,46,72,78,78,70,68,68,55,74,71,71,71,71,67,65,61,61,61,61,58,58,58,46,70,29,72,68,74,74,74,51,76,76,40,40,65,34,40,40,37,62,33],"gold":67,"neow_bonus":"RANDOM_COMMON_RELIC","is_prod":false,"is_daily":false,"chose_seed":false,"campfire_upgraded":6,"win_rate":0,"timestamp":1551163576,"path_taken":["M","M","M","?","M","R","E","M","T","?","M","R","E","M","R","BOSS","M","?","?","?","M","E","M","R","T","R","?","?","R","M","R","BOSS","M","?","?","?","M","R","?","E","T","R","E","M","$","M","R","BOSS"],"build_version":"2019-01-23","purchased_purges":2,"victory":true,"max_hp_per_floor":[80,80,80,80,80,80,80,80,80,80,80,80,80,80,80,80,80,80,80,80,80,80,80,80,80,80,80,80,80,80,80,80,80,85,85,85,85,85,85,85,85,85,85,85,85,85,85,85,85,85],"card_choices":[{"not_picked":["Pommel Strike","Whirlwind"],"picked":"Metallicize","floor":1},{"not_picked":["Combust","Entrench"],"picked":"Ghostly Armor","floor":2},{"not_picked":["Cleave","Infernal Blade"],"picked":"Spot Weakness","floor":3},{"not_picked":["Perfected Strike","Flex"],"picked":"Iron Wave","floor":5},{"not_picked":["Impervious","Double Tap"],"picked":"Armaments","floor":7},{"not_picked":["Perfected Strike","Warcry"],"picked":"Metallicize","floor":8},{"not_picked":["Pummel","Wild Strike"],"picked":"Battle Trance","floor":11},{"not_picked":["Clothesline","Limit Break"],"picked":"Heavy Blade","floor":13},{"not_picked":["Body Slam","Shrug It Off"],"picked":"Battle Trance","floor":14},{"not_picked":["Impervious","Dark Embrace"],"picked":"Offering","floor":16},{"not_picked":["Havoc","Pommel Strike+1"],"picked":"Combust","floor":18},{"not_picked":["Flex+1","Armaments"],"picked":"Shrug It Off","floor":22},{"not_picked":["Armaments","Clash+1"],"picked":"Headbutt","floor":23},{"not_picked":["Hemokinesis","Thunderclap","Twin Strike"],"picked":"SKIP","floor":24},{"not_picked":["Ghostly Armor+1","Fiend Fire"],"picked":"True Grit+1","floor":28},{"not_picked":["Clash","Sword Boomerang"],"picked":"Spot Weakness+1","floor":31},{"not_picked":["Exhume+1","Limit Break+1"],"picked":"Reaper","floor":33},{"not_picked":["Searing Blow","Dual Wield+1"],"picked":"Armaments+1","floor":35},{"not_picked":["Headbutt","Heavy Blade"],"picked":"Warcry+1","floor":36},{"not_picked":["Purity+1","Enlightenment+1"],"picked":"Bandage Up+1","floor":37},{"not_picked":["Iron Wave","Rage+1"],"picked":"Havoc+1","floor":39},{"not_picked":["Clash+1","Intimidate+1"],"picked":"Shrug It Off+1","floor":42},{"not_picked":["Clothesline+1","Sever Soul","Searing Blow+1"],"picked":"Exhume+1","floor":45},{"not_picked":["Rampage","Seeing Red+1","Combust"],"picked":"Heavy Blade+1","floor":46},{"not_picked":["Clothesline","Iron Wave","Searing Blow+1"],"picked":"Sentinel+1","floor":48}],"player_experience":267873,"relics_obtained":[{"floor":7,"key":"Bag of Preparation"},{"floor":9,"key":"The Courier"},{"floor":13,"key":"Dodecahedron"},{"floor":21,"key":"War Paint"},{"floor":23,"key":"Bronze Scales"},{"floor":26,"key":"Toxic Egg 2"},{"floor":42,"key":"Red Skull"},{"floor":43,"key":"Question Card"},{"floor":45,"key":"Omamori"}],"event_choices":[{"damage_healed":0,"gold_gain":0,"player_choice":"Ignored","damage_taken":0,"max_hp_gain":0,"max_hp_loss":0,"event_name":"Liars Game","floor":4,"gold_loss":0},{"damage_healed":26,"gold_gain":0,"player_choice":"Banana","damage_taken":0,"max_hp_gain":0,"max_hp_loss":0,"event_name":"Big Fish","floor":10,"gold_loss":0},{"cards_removed":["Strike_R"],"damage_healed":0,"gold_gain":0,"player_choice":"Gave Gold","damage_taken":0,"max_hp_gain":0,"max_hp_loss":0,"event_name":"Beggar","floor":19,"gold_loss":75},{"damage_healed":0,"gold_gain":0,"player_choice":"Inject Mutagens","damage_taken":0,"relics_obtained":["MutagenicStrength"],"max_hp_gain":0,"max_hp_loss":0,"event_name":"Drug Dealer","floor":20,"gold_loss":0},{"damage_healed":0,"gold_gain":0,"player_choice":"Memory 1","damage_taken":0,"max_hp_gain":0,"max_hp_loss":0,"event_name":"SensoryStone","floor":37,"gold_loss":0},{"cards_removed":["Strike_R"],"damage_healed":0,"gold_gain":0,"player_choice":"Removed Attack","damage_taken":0,"max_hp_gain":0,"max_hp_loss":0,"event_name":"Falling","floor":38,"gold_loss":0}],"is_beta":false,"boss_relics":[{"not_picked":["Coffee Dripper","Pandora\u0027s Box"],"picked":"Philosopher\u0027s Stone"},{"not_picked":["Orrery","Sozu"],"picked":"Tiny House"}],"items_purged_floors":[29,41],"is_endless":false,"potions_floor_spawned":[1,3,7,11,13,16,24,31,35,36,39,48],"ascension_level":7}