{"path_per_floor":["M","M","M","M","M","E","$","?","T","?","M","$","R","M","R","B",null,"M","?","?","M","$","R","M","E","T","M","M","E","M","?","R","B",null,"M","M","M","?","$","R","E","$","T","M","E","?","M","$","R"],"character_chosen":"IRONCLAD","items_purchased":["Pommel Strike","Shuriken","Dual Wield","Flash of Steel"],"gold_per_floor":[19,29,44,60,79,114,17,17,96,96,110,10,10,24,24,129,129,144,144,144,154,29,29,43,76,76,92,111,140,158,158,158,254,254,264,279,291,291,14,14,43,43,68,81,116,116,132,34,34,34],"floor_reached":50,"campfire_rested":3,"playtime":7376,"current_hp_per_floor":[80,80,80,68,63,46,46,43,43,43,40,40,64,54,54,39,80,64,48,48,42,42,42,34,35,35,33,31,16,20,20,44,18,80,80,80,66,66,66,66,42,42,42,39,35,35,40,40,64,0],"items_purged":["Strike_R","Strike_R","Strike_R"],"gold":34,"score":571,"play_id":"bab32110-77ca-403b-90ae-c90f5165aafd","local_time":"20180405101809","is_prod":false,"is_daily":false,"is_ascension_mode":false,"campfire_upgraded":3,"timestamp":1522948689,"path_taken":["M","M","M","?","M","E","$","?","T","?","M","?","R","M","R","BOSS","M","?","?","M","$","R","M","E","T","M","M","E","M","?","R","BOSS","M","M","M","?","$","R","E","?","T","M","E","?","?","?","R","BOSS"],"build_version":"2018-03-29v2","purchased_purges":3,"victory":false,"master_deck":["Defend_R","Defend_R","Defend_R","Defend_R","Brutality+1","Shockwave+1","Second Wind","Cleave","Anger","Thunderclap","Corruption","Pommel Strike","Flame Barrier","Blood for Blood","Berserk","Flex","Inflame+1","Dual Wield","Double Tap+1","Combust+1","Blood for Blood","Cleave+1","Rampage","Barricade","Flame Barrier","Shrug It Off","Rupture+1","Iron Wave","Fire Breathing+1","Bloodletting+1","Flex","Flex+1","Dual Wield","Warcry","Ghostly Armor+1","Metallicize+1","Seeing Red+1","Flash of Steel"],"max_hp_per_floor":[80,80,80,80,80,80,80,80,80,80,80,80,80,80,80,80,80,80,80,80,80,80,80,80,80,80,80,80,80,80,80,80,80,80,80,80,80,80,80,80,80,80,80,80,80,80,80,80,80,80],"relics":["Burning Blood","Happy Flower","Bronze Scales","Mercury Hourglass","Runic Pyramid","Enchiridion","Bag of Preparation","Anchor","Oddly Smooth Stone","Blood Vial","Orrery","Shuriken","Pantograph","Bag of Marbles","Ornamental Fan"],"card_choices":[{"not_picked":["Berserk","Fiend Fire"],"picked":"Brutality","floor":0.0},{"not_picked":["Warcry","Shrug It Off"],"picked":"Shockwave","floor":1.0},{"not_picked":["Twin Strike","Limit Break"],"picked":"Second Wind","floor":2.0},{"not_picked":["Shockwave","Thunderclap"],"picked":"Cleave","floor":3.0},{"not_picked":["Cleave","Perfected Strike"],"picked":"Anger","floor":4.0},{"not_picked":["Sword Boomerang","Combust"],"picked":"Thunderclap","floor":5.0},{"not_picked":["Headbutt","Infernal Blade"],"picked":"Corruption","floor":6.0},{"not_picked":["Pommel Strike","Iron Wave"],"picked":"Flame Barrier","floor":11.0},{"not_picked":["Sword Boomerang","Shockwave"],"picked":"Blood for Blood","floor":14.0},{"not_picked":["Feed","Reaper"],"picked":"Berserk","floor":16.0},{"not_picked":["Heavy Blade","Body Slam"],"picked":"Flex","floor":18.0},{"not_picked":["Sword Boomerang","Twin Strike"],"picked":"Inflame","floor":21.0},{"not_picked":["Iron Wave","Pommel Strike"],"picked":"Dual Wield","floor":24.0},{"not_picked":["Body Slam","Flame Barrier"],"picked":"Double Tap","floor":25.0},{"not_picked":["Bloodletting","Headbutt"],"picked":"Combust","floor":27},{"not_picked":["Iron Wave","Clothesline"],"picked":"Blood for Blood","floor":28},{"not_picked":["Entrench","Body Slam"],"picked":"Cleave","floor":29},{"not_picked":["Sword Boomerang","Entrench"],"picked":"Rampage","floor":30},{"not_picked":["Fiend Fire","Feed"],"picked":"Barricade","floor":33},{"not_picked":["Pummel","Clothesline"],"picked":"Flame Barrier","floor":34},{"not_picked":["Thunderclap","Anger"],"picked":"Shrug It Off","floor":34},{"not_picked":["Pommel Strike","Anger"],"picked":"Rupture","floor":34},{"not_picked":["Barricade","Pommel Strike"],"picked":"Iron Wave","floor":34},{"not_picked":["Power Through","Warcry"],"picked":"Fire Breathing","floor":34},{"not_picked":["Anger","Combust"],"picked":"Bloodletting","floor":35},{"not_picked":["Corruption","Thunderclap"],"picked":"Flex","floor":36},{"not_picked":["Searing Blow","Fire Breathing"],"picked":"Flex","floor":37},{"not_picked":["Perfected Strike","Thunderclap"],"picked":"Warcry","floor":41},{"not_picked":["Cleave","Pummel"],"picked":"Ghostly Armor","floor":44},{"not_picked":["Thunderclap","Corruption"],"picked":"Metallicize","floor":45},{"not_picked":["Cleave","Anger"],"picked":"Seeing Red","floor":47}],"player_experience":66541,"potions_floor_usage":[29,30,33,47,47,50],"damage_taken":[{"damage":4.0,"enemies":"Cultist","floor":1.0,"turns":4.0},{"damage":5.0,"enemies":"Small Slimes","floor":2.0,"turns":3.0},{"damage":3.0,"enemies":"Jaw Worm","floor":3.0,"turns":4.0},{"damage":18.0,"enemies":"3 Louse","floor":4.0,"turns":4.0},{"damage":11.0,"enemies":"Gremlin Gang","floor":5.0,"turns":3.0},{"damage":23.0,"enemies":"3 Sentries","floor":6.0,"turns":6.0},{"damage":9.0,"enemies":"Blue Slaver","floor":11.0,"turns":3.0},{"damage":16.0,"enemies":"Large Slime","floor":14.0,"turns":5.0},{"damage":21.0,"enemies":"Slime Boss","floor":16.0,"turns":6.0},{"damage":22.0,"enemies":"Spheric Guardian","floor":18.0,"turns":4.0},{"damage":12.0,"enemies":"3 Byrds","floor":21.0,"turns":2.0},{"damage":14.0,"enemies":"Snecko","floor":24.0,"turns":4.0},{"damage":5.0,"enemies":"Book of Stabbing","floor":25.0,"turns":4.0},{"damage":8.0,"enemies":"3 Cultists","floor":27.0,"turns":3.0},{"damage":8,"enemies":"Centurion and Healer","floor":28,"turns":5},{"damage":21,"enemies":"Slavers","floor":29,"turns":3},{"damage":4,"enemies":"Snake Plant","floor":30,"turns":3},{"damage":34,"enemies":"Collector","floor":33,"turns":6},{"damage":2,"enemies":"3 Darklings","floor":35,"turns":3},{"damage":5,"enemies":"3 Shapes","floor":36,"turns":3},{"damage":20,"enemies":"Sphere and 2 Shapes","floor":37,"turns":5},{"damage":32,"enemies":"Nemesis","floor":41,"turns":3},{"damage":11,"enemies":"Maw","floor":44,"turns":6},{"damage":12,"enemies":"Giant Head","floor":45,"turns":7},{"damage":3,"enemies":"4 Shapes","floor":47,"turns":4},{"damage":85,"enemies":"Awakened One","floor":50,"turns":6}],"event_choices":[{"event_name":"Scrap Ooze","player_choice":"success","floor":8.0,"damage_taken":3.0},{"event_name":"Bonfire Elementals","player_choice":"BASIC","floor":10.0,"damage_taken":0.0},{"event_name":"Cursed Tome","player_choice":"Obtained Book","floor":19.0,"damage_taken":0.0},{"event_name":"Wheel of Change","player_choice":"Relic","floor":20.0,"damage_taken":0.0},{"event_name":"Purifier","player_choice":"One Purge","floor":31,"damage_taken":0},{"event_name":"Tomb of Lord Red Mask","player_choice":"Ignored","floor":38,"damage_taken":0}],"boss_relics":[{"not_picked":["Eternal Feather","Black Star"],"picked":"Orrery"}],"potions_floor_spawned":[2,4,5,6,11,18,21,28,29,35,36,44],"seed_played":"3818046819182170269","killed_by":"Awakened One","ascension_level":0,"is_trial":false}