{"gold_per_floor":[15,34,53,53,53,53,84,84,110,110,133,174,204,204],"floor_reached":14,"playtime":1080,"items_purged":[],"score":246,"play_id":"b9e07ac1-568b-4208-b4b3-be74ad93d3a9","local_time":"20190914212739","is_ascension_mode":true,"campfire_choices":[{"data":"Eruption","floor":6.0,"key":"SMITH"},{"data":"EmptyBody","floor":8.0,"key":"SMITH"},{"data":"Adaptation","floor":10.0,"key":"SMITH"}],"neow_cost":"NO_GOLD","seed_source_timestamp":323185550783477,"circlet_count":0,"master_deck":["AscendersBane","Strike_P","Strike_P","Strike_P","Strike_P","Defend_P","Defend_P+1","Eruption+1","Vigilance","Protect+1","StepAndStrike","EmptyBody+1","Pain","Adaptation+1","ClearTheMind","Alpha"],"special_seed":0,"relics":["PureWater","Golden Idol","WarpedTongs","War Paint","Ancient Tea Set","Strawberry"],"potions_floor_usage":[],"damage_taken":[{"damage":0.0,"enemies":"2 Louse","floor":1.0,"turns":3.0},{"damage":0.0,"enemies":"Jaw Worm","floor":2.0,"turns":2.0},{"damage":0.0,"enemies":"Cultist","floor":3.0,"turns":3.0},{"damage":29.0,"enemies":"3 Sentries","floor":7.0,"turns":8.0},{"damage":1.0,"enemies":"2 Fungi Beasts","floor":11.0,"turns":2.0},{"damage":4.0,"enemies":"Lagavulin","floor":12.0,"turns":5.0},{"damage":48,"enemies":"Gremlin Nob","floor":14,"turns":4}],"seed_played":"-3509299190794679528","potions_obtained":[{"floor":1.0,"key":"SkillPotion"},{"floor":7.0,"key":"Energy Potion"}],"is_trial":false,"path_per_floor":["M","M","M","?","?","R","E","R","T","R","M","E","?","E"],"character_chosen":"WATCHER","items_purchased":[],"campfire_rested":0,"item_purchase_floors":[],"current_hp_per_floor":[55,55,55,55,55,55,26,26,26,26,25,28,28,0],"gold":204,"neow_bonus":"REMOVE_TWO","is_prod":false,"is_daily":false,"chose_seed":false,"campfire_upgraded":3,"win_rate":0,"timestamp":1568521659,"path_taken":["M","M","M","?","?","R","E","R","T","R","?","E","?","E"],"build_version":"2019-09-12","purchased_purges":0,"victory":false,"max_hp_per_floor":[61,61,61,55,55,55,55,55,55,55,55,62,62,62],"card_choices":[{"not_picked":["Scrawl","Consecrate"],"picked":"Protect","floor":1.0},{"not_picked":["EmptyMind","ThirdEye"],"picked":"StepAndStrike","floor":2.0},{"not_picked":["CutThroughFate","ThirdEye"],"picked":"EmptyBody","floor":3.0},{"not_picked":["Crescendo","FlyingSleeves"],"picked":"Adaptation","floor":7.0},{"not_picked":["JustLucky","CutThroughFate"],"picked":"ClearTheMind","floor":11.0},{"not_picked":["Sanctity","WindmillStrike"],"picked":"Alpha","floor":12.0}],"player_experience":1075592,"relics_obtained":[{"floor":7.0,"key":"War Paint"},{"floor":9.0,"key":"Ancient Tea Set"},{"floor":12.0,"key":"Strawberry"}],"event_choices":[{"damage_healed":0.0,"max_hp_gain":0.0,"max_hp_loss":6.0,"gold_gain":0.0,"event_name":"Golden Idol","player_choice":"Lose Max HP","floor":4.0,"gold_loss":0.0,"damage_taken":0.0,"relics_obtained":["Golden Idol"]},{"damage_healed":0.0,"max_hp_gain":0.0,"max_hp_loss":0.0,"gold_gain":0.0,"event_name":"Accursed Blacksmith","player_choice":"Rummage","floor":5.0,"gold_loss":0.0,"damage_taken":0.0,"relics_obtained":["WarpedTongs"],"cards_obtained":["Pain"]},{"damage_healed":0.0,"max_hp_gain":0.0,"max_hp_loss":0.0,"gold_gain":30.0,"event_name":"Dead Adventurer","player_choice":"Searched \u00271\u0027 times","floor":13.0,"gold_loss":0.0,"damage_taken":0.0}],"is_beta":true,"boss_relics":[],"items_purged_floors":[],"is_endless":false,"potions_floor_spawned":[1,7],"killed_by":"Gremlin Nob","ascension_level":20}