{"gold_per_floor":[18,193,208,208,133,133,98,128,208,226,245,25,44,77,77,182,182,200,214,25,25,125,125,20,20,45,73,84,102,102,119,119,119],"floor_reached":33,"playtime":2944,"items_purged":["Doubt"],"score":275,"play_id":"4e61e6a9-0902-4f33-b9d4-a1618169e1e6","local_time":"20190628232938","is_ascension_mode":false,"campfire_choices":[{"data":"Clash","floor":6,"key":"SMITH"},{"data":"Bash","floor":15,"key":"SMITH"},{"floor":23,"key":"REST"},{"floor":30,"key":"REST"},{"data":"Blood for Blood","floor":32,"key":"SMITH"}],"neow_cost":"NO_GOLD","seed_source_timestamp":1390136325719939,"circlet_count":0,"master_deck":["Strike_R+1","Strike_R+1","Strike_R+1","Strike_R+1","Strike_R+1","Defend_R+1","Defend_R+1","Defend_R+1","Defend_R+1","Bash+1","Clash+1","Iron Wave","Fire Breathing+1","Combust+1","Spot Weakness","True Grit","Barricade+1","Iron Wave","Impervious","Thunderclap+1","Clash+1","Discovery","Warcry","Whirlwind","Immolate","Madness","Armaments","Reaper","Armaments+1","Anger+1","Blood for Blood+1"],"relics":["Burning Blood","Nunchaku","Frozen Egg 2","Paper Frog","Membership Card","Bottled Tornado","Black Star","Gremlin Horn","Unceasing Top","Letter Opener","Mercury Hourglass","Regal Pillow","Bronze Scales","Juzu Bracelet"],"potions_floor_usage":[11,19,22,31,33,33],"damage_taken":[{"damage":1,"enemies":"Cultist","floor":1,"turns":4},{"damage":0,"enemies":"Small Slimes","floor":3,"turns":3},{"damage":17,"enemies":"Lagavulin","floor":8,"turns":6},{"damage":0,"enemies":"Jaw Worm","floor":10,"turns":3},{"damage":5,"enemies":"Large Slime","floor":11,"turns":4},{"damage":0,"enemies":"3 Louse","floor":13,"turns":5},{"damage":9,"enemies":"Gremlin Nob","floor":14,"turns":3},{"damage":42,"enemies":"Hexaghost","floor":16,"turns":9},{"damage":12,"enemies":"Shell Parasite","floor":18,"turns":7},{"damage":20,"enemies":"2 Thieves","floor":19,"turns":4},{"damage":20,"enemies":"Colosseum Slavers","floor":22,"turns":4},{"damage":18,"enemies":"Colosseum Nobs","floor":22,"turns":3},{"damage":16,"enemies":"Gremlin Leader","floor":27,"turns":4},{"damage":24,"enemies":"Snake Plant","floor":28,"turns":4},{"damage":16,"enemies":"Centurion and Healer","floor":29,"turns":6},{"damage":2,"enemies":"3 Cultists","floor":31,"turns":4},{"damage":108,"enemies":"Automaton","floor":33,"turns":10}],"seed_played":"6123484331716483635","potions_obtained":[{"floor":3,"key":"SkillPotion"},{"floor":14,"key":"GamblersBrew"},{"floor":16,"key":"SteroidPotion"},{"floor":27,"key":"BloodPotion"},{"floor":28,"key":"Weak Potion"},{"floor":29,"key":"BloodPotion"}],"is_trial":false,"path_per_floor":["M","?","M","?","$","R","?","E","T","M","M","$","M","E","R","B",null,"M","M","$","?","?","R","$","?","T","E","M","M","R","M","R","B"],"character_chosen":"IRONCLAD","items_purchased":["Membership Card","True Grit","Gremlin Horn","Discovery","Warcry","Immolate","Madness","Armaments"],"campfire_rested":2,"item_purchase_floors":[12,12,20,20,20,24,24,24],"current_hp_per_floor":[80,80,80,64,64,64,80,69,69,75,76,76,80,77,77,41,80,74,60,60,60,34,58,58,58,58,48,30,34,73,80,80,0],"gold":119,"neow_bonus":"ONE_RARE_RELIC","is_prod":false,"is_daily":false,"chose_seed":false,"campfire_upgraded":3,"win_rate":0.0,"timestamp":1561778978,"path_taken":["M","?","M","?","$","R","?","E","T","M","M","?","M","E","R","BOSS","M","M","$","?","?","R","$","?","T","E","M","M","R","M","R","BOSS"],"build_version":"2019-01-23","purchased_purges":1,"victory":false,"max_hp_per_floor":[80,80,80,80,80,80,80,80,80,80,80,80,80,80,80,80,80,80,80,80,80,80,80,80,80,80,80,80,80,80,80,80,80],"card_choices":[{"not_picked":["Headbutt","Flex"],"picked":"Clash","floor":1},{"not_picked":["Headbutt","Heavy Blade"],"picked":"Iron Wave","floor":3},{"not_picked":["Cleave","Wild Strike"],"picked":"Fire Breathing","floor":8},{"not_picked":["Power Through","Burning Pact"],"picked":"Combust+1","floor":10},{"not_picked":["Shrug It Off","Pommel Strike"],"picked":"Spot Weakness","floor":11},{"not_picked":["Shockwave","Sword Boomerang"],"picked":"Barricade+1","floor":13},{"not_picked":["Body Slam","Feel No Pain+1"],"picked":"Iron Wave","floor":14},{"not_picked":["Limit Break","Feed"],"picked":"Impervious","floor":16},{"not_picked":["Warcry","Sword Boomerang"],"picked":"Thunderclap+1","floor":18},{"not_picked":["Fire Breathing+1","Sword Boomerang"],"picked":"Clash+1","floor":19},{"not_picked":["Power Through","True Grit"],"picked":"Whirlwind","floor":22},{"not_picked":["Impervious","Heavy Blade"],"picked":"Reaper","floor":27},{"not_picked":["Fire Breathing+1","Clash"],"picked":"Armaments+1","floor":28},{"not_picked":["Shrug It Off","Twin Strike"],"picked":"Anger+1","floor":29},{"not_picked":["Warcry+1","Pommel Strike"],"picked":"Blood for Blood","floor":31}],"player_experience":25449,"relics_obtained":[{"floor":8,"key":"Frozen Egg 2"},{"floor":9,"key":"Paper Frog"},{"floor":14,"key":"Bottled Tornado"},{"floor":22,"key":"Unceasing Top"},{"floor":22,"key":"Letter Opener"},{"floor":26,"key":"Regal Pillow"},{"floor":27,"key":"Bronze Scales"},{"floor":27,"key":"Juzu Bracelet"}],"event_choices":[{"damage_healed":0,"gold_gain":175,"player_choice":"AGREE","damage_taken":0,"max_hp_gain":0,"max_hp_loss":0,"event_name":"Liars Game","floor":2,"gold_loss":0,"cards_obtained":["Doubt"]},{"damage_healed":0,"gold_gain":0,"player_choice":"Entered Light","damage_taken":16,"max_hp_gain":0,"max_hp_loss":0,"event_name":"Shining Light","floor":4,"gold_loss":0,"cards_upgraded":["Strike_R","Defend_R"]},{"damage_healed":20,"gold_gain":0,"player_choice":"Healed","damage_taken":0,"max_hp_gain":0,"max_hp_loss":0,"event_name":"The Cleric","floor":7,"gold_loss":35},{"damage_healed":0,"gold_gain":0,"player_choice":"Simplicity","damage_taken":0,"max_hp_gain":0,"max_hp_loss":0,"event_name":"Back to Basics","floor":21,"gold_loss":0,"cards_upgraded":["Strike_R","Strike_R","Strike_R","Strike_R","Defend_R","Defend_R","Defend_R"]},{"damage_healed":0,"gold_gain":0,"player_choice":"Fight","damage_taken":0,"max_hp_gain":0,"max_hp_loss":0,"event_name":"Colosseum","floor":22,"gold_loss":0},{"damage_healed":0,"gold_gain":0,"player_choice":"Fought Nobs","damage_taken":0,"max_hp_gain":0,"max_hp_loss":0,"event_name":"Colosseum","floor":22,"gold_loss":0},{"damage_healed":0,"gold_gain":0,"player_choice":"Opened","damage_taken":0,"relics_obtained":["Mercury Hourglass"],"max_hp_gain":0,"max_hp_loss":0,"event_name":"The Mausoleum","floor":25,"gold_loss":0}],"is_beta":false,"boss_relics":[{"not_picked":["Coffee Dripper","Lizard Tail"],"picked":"Black Star"}],"items_purged_floors":[5],"is_endless":false,"potions_floor_spawned":[3,14,16,22,27,28,29],"killed_by":"Automaton","ascension_level":0}