{"gold_per_floor":[111,131,56,68,21,21,21,54,54,54,82,82,92,102,102,200,200,183,108,108,120,20,33,33,33,101,115,115,145,145,162,162,263,263,281,281,4,21,21,21,73,73,98,116,116,136,136,148,148,148],"floor_reached":50,"playtime":4499,"items_purged":["Strike_R","Bash","Writhe"],"score":495,"play_id":"da51bce4-540e-480d-8dfd-215d9fb9226f","local_time":"20190913165818","is_ascension_mode":false,"campfire_choices":[{"data":"Metallicize","floor":6,"key":"SMITH"},{"data":"Flex","floor":10,"key":"SMITH"},{"data":"Iron Wave","floor":12,"key":"SMITH"},{"floor":15,"key":"REST"},{"data":"Body Slam","floor":25,"key":"SMITH"},{"floor":28,"key":"REST"},{"floor":30,"key":"REST"},{"floor":32,"key":"REST"},{"data":"Flex","floor":40,"key":"SMITH"},{"floor":45,"key":"REST"},{"data":"Heavy Blade","floor":47,"key":"SMITH"},{"floor":49,"key":"REST"}],"neow_cost":"NONE","seed_source_timestamp":243988734064500,"circlet_count":0,"master_deck":["Strike_R","Strike_R","Strike_R","Defend_R","Defend_R","Defend_R","Defend_R","Perfected Strike","Cleave","Metallicize+1","Iron Wave+1","Flex+1","Feed","Fire Breathing+1","Flex+1","Juggernaut+1","Shrug It Off","Iron Wave","Body Slam+1","Metallicize+1","Cleave+1","Heavy Blade+1","Pommel Strike+1","Juggernaut+1","Uppercut+1","Body Slam+1"],"relics":["Burning Blood","Ornamental Fan","Frozen Egg 2","Potion Belt","Orrery","Pantograph","Regal Pillow","Empty Cage","Bag of Preparation","Lantern","Red Skull"],"potions_floor_usage":[8,11,11,11,27,29,33,33,48,50],"damage_taken":[{"damage":2,"enemies":"Small Slimes","floor":1,"turns":5},{"damage":0,"enemies":"Cultist","floor":2,"turns":3},{"damage":0,"enemies":"2 Louse","floor":4,"turns":2},{"damage":10,"enemies":"Gremlin Nob","floor":8,"turns":4},{"damage":31,"enemies":"Lagavulin","floor":11,"turns":7},{"damage":11,"enemies":"Large Slime","floor":13,"turns":5},{"damage":10,"enemies":"Looter","floor":14,"turns":3},{"damage":73,"enemies":"Hexaghost","floor":16,"turns":13},{"damage":29,"enemies":"2 Thieves","floor":18,"turns":4},{"damage":18,"enemies":"Spheric Guardian","floor":21,"turns":6},{"damage":20,"enemies":"Snake Plant","floor":23,"turns":6},{"damage":36,"enemies":"3 Cultists","floor":27,"turns":5},{"damage":30,"enemies":"Book of Stabbing","floor":29,"turns":7},{"damage":28,"enemies":"Cultist and Chosen","floor":31,"turns":8},{"damage":76,"enemies":"Collector","floor":33,"turns":14},{"damage":28,"enemies":"3 Shapes","floor":35,"turns":6},{"damage":39,"enemies":"Orb Walker","floor":38,"turns":6},{"damage":35,"enemies":"Jaw Worm Horde","floor":44,"turns":5},{"damage":29,"enemies":"3 Darklings","floor":46,"turns":5},{"damage":15,"enemies":"Spire Growth","floor":48,"turns":4},{"damage":104,"enemies":"Donu and Deca","floor":50,"turns":6}],"seed_played":"3808575699986553474","potions_obtained":[{"floor":2,"key":"Weak Potion"},{"floor":7,"key":"Regen Potion"},{"floor":7,"key":"SteroidPotion"},{"floor":7,"key":"SneckoOil"},{"floor":8,"key":"Fire Potion"},{"floor":18,"key":"GamblersBrew"},{"floor":21,"key":"Regen Potion"},{"floor":27,"key":"PowerPotion"},{"floor":31,"key":"FearPotion"},{"floor":46,"key":"SpeedPotion"},{"floor":48,"key":"SteroidPotion"}],"is_trial":false,"path_per_floor":["M","M","$","M","$","R","?","E","T","R","E","R","M","M","R","B",null,"M","$","?","M","$","M","?","R","T","M","R","E","R","M","R","B",null,"M","?","$","M","$","R","T","?","T","M","R","M","R","M","R","B"],"character_chosen":"IRONCLAD","items_purchased":["Metallicize","Flex","Bag of Preparation"],"campfire_rested":6,"item_purchase_floors":[3,5,37],"current_hp_per_floor":[80,80,80,80,80,80,80,76,76,76,68,68,63,62,86,19,86,63,63,86,74,74,63,46,46,46,30,58,37,81,59,97,27,97,78,100,100,67,67,67,67,67,67,38,83,60,60,51,96,0],"gold":148,"neow_bonus":"THREE_CARDS","is_prod":false,"is_daily":false,"chose_seed":false,"campfire_upgraded":6,"win_rate":0.0,"timestamp":1568386698,"path_taken":["M","M","$","M","$","R","?","E","T","R","E","R","M","?","R","BOSS","M","$","?","M","$","M","?","R","T","M","R","E","R","M","R","BOSS","M","?","$","M","$","R","?","?","T","M","R","M","R","M","R","BOSS"],"build_version":"2019-07-17","purchased_purges":3,"victory":false,"max_hp_per_floor":[80,80,80,80,80,80,80,80,80,80,83,83,83,86,86,86,86,86,86,86,86,86,89,94,94,94,94,94,97,97,97,97,97,97,100,100,100,100,100,100,100,100,100,100,100,100,100,100,100,100],"card_choices":[{"not_picked":["Blood for Blood","Feel No Pain"],"picked":"True Grit","floor":0},{"not_picked":["Heavy Blade","Rage"],"picked":"Perfected Strike","floor":1},{"not_picked":["True Grit","Burning Pact"],"picked":"Cleave","floor":2},{"not_picked":["Dual Wield","Carnage"],"picked":"Iron Wave","floor":4},{"not_picked":["Thunderclap","Clash"],"picked":"Feed","floor":8},{"not_picked":["Clothesline","Carnage"],"picked":"Fire Breathing+1","floor":11},{"not_picked":["Rage","Feel No Pain+1","Anger"],"picked":"SKIP","floor":13},{"not_picked":["Hemokinesis","Twin Strike"],"picked":"Flex","floor":14},{"not_picked":["Bludgeon","Reaper"],"picked":"Juggernaut+1","floor":16},{"not_picked":["Dropkick","Wild Strike"],"picked":"Shrug It Off","floor":17},{"not_picked":["Corruption+1","Twin Strike"],"picked":"Iron Wave","floor":17},{"not_picked":["Sword Boomerang","Cleave"],"picked":"Body Slam","floor":17},{"not_picked":["Sword Boomerang","Warcry","Power Through"],"picked":"SKIP","floor":18},{"not_picked":["Warcry","Armaments"],"picked":"Metallicize+1","floor":21},{"not_picked":["Bludgeon","Wild Strike+1","Reckless Charge"],"picked":"SKIP","floor":23},{"not_picked":["Evolve+1","Infernal Blade"],"picked":"Cleave+1","floor":27},{"not_picked":["Seeing Red","Bludgeon"],"picked":"Heavy Blade","floor":29},{"not_picked":["Reckless Charge","Wild Strike"],"picked":"Pommel Strike+1","floor":31},{"not_picked":["Offering","Impervious"],"picked":"Juggernaut+1","floor":33},{"not_picked":["Whirlwind+1","True Grit+1","Clash"],"picked":"SKIP","floor":35},{"not_picked":["Seeing Red+1","Cleave"],"picked":"Uppercut+1","floor":38},{"not_picked":["Perfected Strike+1","Whirlwind","Warcry"],"picked":"SKIP","floor":44},{"not_picked":["Searing Blow","Uppercut+1","Wild Strike+1"],"picked":"SKIP","floor":46},{"not_picked":["Infernal Blade+1","Whirlwind"],"picked":"Body Slam+1","floor":48}],"player_experience":68344,"relics_obtained":[{"floor":8,"key":"Ornamental Fan"},{"floor":9,"key":"Frozen Egg 2"},{"floor":11,"key":"Potion Belt"},{"floor":26,"key":"Pantograph"},{"floor":29,"key":"Regal Pillow"},{"floor":41,"key":"Lantern"},{"floor":43,"key":"Red Skull"}],"event_choices":[{"damage_healed":0,"gold_gain":0,"player_choice":"Got Potions","damage_taken":0,"max_hp_gain":0,"max_hp_loss":0,"event_name":"Lab","floor":7,"gold_loss":0},{"damage_healed":28,"gold_gain":0,"player_choice":"Heal","damage_taken":0,"max_hp_gain":0,"max_hp_loss":0,"event_name":"The Library","floor":20,"gold_loss":0},{"damage_healed":0,"gold_gain":0,"player_choice":"Shed Blood","damage_taken":22,"max_hp_gain":5,"max_hp_loss":0,"event_name":"Forgotten Altar","floor":24,"gold_loss":0},{"damage_healed":25,"gold_gain":0,"player_choice":"Writhe","damage_taken":0,"max_hp_gain":0,"max_hp_loss":0,"event_name":"Winding Halls","floor":36,"gold_loss":0,"cards_obtained":["Writhe"]},{"damage_healed":0,"gold_gain":0,"player_choice":"Bought 0 Potions","damage_taken":0,"max_hp_gain":0,"max_hp_loss":0,"event_name":"The Woman in Blue","floor":42,"gold_loss":0}],"is_beta":false,"boss_relics":[{"not_picked":["Calling Bell","Ectoplasm"],"picked":"Orrery"},{"not_picked":["White Beast Statue","Sozu"],"picked":"Empty Cage"}],"items_purged_floors":[19,22,37],"is_endless":false,"potions_floor_spawned":[2,8,18,21,27,31,46,48],"killed_by":"Donu and Deca","ascension_level":0}