{"gold_per_floor":[144,189,234,279,120,210,210,255,255,357,414,426,438,450,462,774,786,843,555,600,645,690,690,735,735,760,850,850,895,940,444,444,744,744,789,814,305,350,395,485,485,575,650,256,256,301,346,436,436,436],"floor_reached":51,"playtime":3212,"items_purged":[],"score":846,"play_id":"aa76ee73-5c86-4c48-ae75-a984e52fd03f","local_time":"20180905194901","daily_mods":["Heirloom","Midas","Lethality"],"is_ascension_mode":false,"campfire_choices":[{"floor":7,"key":"REST"},{"floor":13,"key":"REST"},{"floor":15,"key":"REST"},{"floor":23,"key":"REST"},{"floor":25,"key":"REST"},{"floor":32,"key":"REST"},{"floor":41,"key":"REST"},{"floor":45,"key":"REST"},{"floor":49,"key":"REST"}],"neow_cost":"","seed_source_timestamp":0,"circlet_count":0,"master_deck":["Strike_R","Strike_R","Strike_R","Strike_R","Strike_R","Defend_R","Defend_R","Defend_R","Defend_R","Bash","Hemokinesis","Twin Strike","Flex+1","Battle Trance+1","Inflame","Battle Trance","Twin Strike","Flex","Heavy Blade","Infernal Blade","Twin Strike","Reaper","Armaments+1","Havoc+1","Sword Boomerang","Exhume","Twin Strike","Inflame","Sever Soul+1","Flame Barrier+1","Apotheosis","Anger","Limit Break","Battle Trance","Secret Technique","Sword Boomerang","Flex+1","Inflame","Discovery+1","Havoc+1","Rage+1","Bloodletting+1","Twin Strike+1"],"special_seed":17779,"relics":["Burning Blood","Incense Burner","Strawberry","MawBank","StoneCalendar","Bag of Marbles","GremlinMask","Sozu","Ice Cream","Happy Flower","Calipers","MutagenicStrength","Ornamental Fan","Runic Cube","War Paint","Gambling Chip","Anchor","Mercury Hourglass","Bottled Lightning","Toxic Egg 2","Question Card"],"potions_floor_usage":[4,24,27],"damage_taken":[{"damage":0,"enemies":"Cultist","floor":1,"turns":2},{"damage":3,"enemies":"Small Slimes","floor":2,"turns":3},{"damage":1,"enemies":"2 Louse","floor":3,"turns":2},{"damage":0,"enemies":"Exordium Wildlife","floor":4,"turns":2},{"damage":24,"enemies":"Lagavulin","floor":6,"turns":3},{"damage":19,"enemies":"Red Slaver","floor":8,"turns":2},{"damage":15,"enemies":"3 Sentries","floor":10,"turns":4},{"damage":27,"enemies":"Exordium Thugs","floor":11,"turns":3},{"damage":24,"enemies":"Slime Boss","floor":16,"turns":7},{"damage":0,"enemies":"Spheric Guardian","floor":18,"turns":2},{"damage":15,"enemies":"3 Byrds","floor":20,"turns":3},{"damage":3,"enemies":"Snake Plant","floor":21,"turns":2},{"damage":21,"enemies":"3 Cultists","floor":22,"turns":4},{"damage":26,"enemies":"Centurion and Healer","floor":24,"turns":3},{"damage":60,"enemies":"Slavers","floor":27,"turns":3},{"damage":13,"enemies":"Snecko","floor":29,"turns":3},{"damage":18,"enemies":"3 Cultists","floor":30,"turns":3},{"damage":75,"enemies":"Automaton","floor":33,"turns":7},{"damage":0,"enemies":"Orb Walker","floor":35,"turns":3},{"damage":25,"enemies":"3 Darklings","floor":38,"turns":3},{"damage":26,"enemies":"4 Shapes","floor":39,"turns":3},{"damage":26,"enemies":"2 Orb Walkers","floor":40,"turns":2},{"damage":51,"enemies":"Nemesis","floor":42,"turns":5},{"damage":0,"enemies":"Maw","floor":46,"turns":4},{"damage":6,"enemies":"Spire Growth","floor":47,"turns":3},{"damage":15,"enemies":"2 Orb Walkers","floor":48,"turns":2},{"damage":86,"enemies":"Awakened One","floor":50,"turns":6}],"seed_played":"-4275745277921961061","potions_obtained":[{"floor":1,"key":"Fire Potion"},{"floor":3,"key":"Poison Potion"},{"floor":4,"key":"EssenceOfSteel"},{"floor":8,"key":"EssenceOfSteel"}],"is_trial":false,"path_per_floor":["M","M","M","M","$","E","R","M","T","E","M","?","R","?","R","B",null,"M","$","M","M","M","R","M","R","T","E","?","M","M","$","R","B",null,"M","T","$","M","M","E","R","E","T","$","R","M","M","E","R","B"],"character_chosen":"IRONCLAD","items_purchased":["Inflame","Battle Trance","Twin Strike","Ice Cream","Apotheosis","Ornamental Fan","Anger","Gambling Chip","Secret Technique","Toxic Egg 2","Discovery+1","Havoc+1"],"campfire_rested":9,"item_purchase_floors":[5,5,5,19,31,31,31,37,37,44,44,44],"current_hp_per_floor":[80,80,80,80,80,69,87,74,74,65,44,44,70,70,87,69,87,87,87,87,87,72,87,83,87,87,33,33,39,54,54,80,11,87,87,87,87,87,67,47,73,29,29,29,55,61,61,76,87,44],"gold":436,"neow_bonus":"","is_prod":false,"is_daily":true,"chose_seed":false,"campfire_upgraded":0,"win_rate":0,"timestamp":1536169741,"path_taken":["M","M","M","M","?","E","R","M","T","E","?","?","R","?","R","BOSS","M","$","M","M","M","R","M","R","T","E","?","M","M","$","R","BOSS","M","?","$","M","M","E","R","E","T","?","R","M","M","E","R","BOSS"],"build_version":"2018-08-30","purchased_purges":0,"victory":true,"max_hp_per_floor":[80,80,80,80,80,87,87,87,87,87,87,87,87,87,87,87,87,87,87,87,87,87,87,87,87,87,87,87,87,87,87,87,87,87,87,87,87,87,87,87,87,87,87,87,87,87,87,87,87,87],"card_choices":[{"not_picked":["Searing Blow","Combust"],"picked":"Hemokinesis","floor":1},{"not_picked":["Burning Pact","Warcry"],"picked":"Twin Strike","floor":2},{"not_picked":["Ghostly Armor","Havoc"],"picked":"Flex","floor":3},{"not_picked":["Body Slam","Cleave"],"picked":"Battle Trance","floor":4},{"not_picked":["Shrug It Off","True Grit"],"picked":"Flex","floor":6},{"not_picked":["Perfected Strike","Fire Breathing"],"picked":"Heavy Blade","floor":8},{"not_picked":["Clothesline","Havoc"],"picked":"Infernal Blade","floor":10},{"not_picked":["Infernal Blade","Headbutt"],"picked":"Twin Strike","floor":11},{"not_picked":["Feed","Impervious"],"picked":"Reaper","floor":16},{"not_picked":["Sword Boomerang+1","Infernal Blade"],"picked":"Armaments+1","floor":18},{"not_picked":["Searing Blow","Thunderclap+1"],"picked":"Havoc+1","floor":20},{"not_picked":["Iron Wave","Entrench+1"],"picked":"Sword Boomerang","floor":21},{"not_picked":["Blood for Blood+1","Intimidate+1"],"picked":"Exhume","floor":22},{"not_picked":["Power Through","Headbutt"],"picked":"Twin Strike","floor":24},{"not_picked":["True Grit","Clash"],"picked":"Inflame","floor":27},{"not_picked":["Brutality","Uppercut"],"picked":"Sever Soul+1","floor":29},{"not_picked":["Inflame","Rage+1"],"picked":"Flame Barrier+1","floor":30},{"not_picked":["Exhume","Feed"],"picked":"Limit Break","floor":33},{"not_picked":["Reckless Charge","Warcry"],"picked":"Battle Trance","floor":35},{"not_picked":["Thunderclap+1","Clash+1"],"picked":"Sword Boomerang","floor":38},{"not_picked":["Sever Soul+1","Sword Boomerang+1"],"picked":"Flex+1","floor":39},{"not_picked":["Armaments","Wild Strike","Thunderclap"],"picked":"SKIP","floor":40},{"not_picked":["Perfected Strike+1","Pommel Strike+1"],"picked":"Inflame","floor":42},{"not_picked":["Combust+1","Thunderclap"],"picked":"Rage+1","floor":46},{"not_picked":["Body Slam","Sentinel+1"],"picked":"Bloodletting+1","floor":47},{"not_picked":["Impervious+1","Headbutt+1"],"picked":"Twin Strike+1","floor":48}],"player_experience":100171,"relics_obtained":[{"floor":6,"key":"Strawberry"},{"floor":9,"key":"MawBank"},{"floor":10,"key":"StoneCalendar"},{"floor":26,"key":"Happy Flower"},{"floor":27,"key":"Calipers"},{"floor":36,"key":"War Paint"},{"floor":40,"key":"Anchor"},{"floor":42,"key":"Mercury Hourglass"},{"floor":43,"key":"Bottled Lightning"},{"floor":48,"key":"Question Card"}],"event_choices":[{"event_name":"WeMeetAgain","player_choice":"Potion","floor":12,"damage_taken":0},{"event_name":"FaceTrader","player_choice":"Trade","floor":14,"damage_taken":0},{"event_name":"Drug Dealer","player_choice":"Inject Mutagens","floor":28,"damage_taken":0}],"is_beta":false,"boss_relics":[{"not_picked":["Tiny House","Lizard Tail"],"picked":"Sozu"},{"not_picked":["Busted Crown","Empty Cage"],"picked":"Runic Cube"}],"items_purged_floors":[],"is_endless":false,"potions_floor_spawned":[1,3,4,8,18,21,30,33,38,40,47,48],"ascension_level":0}