{"gold_per_floor":[114,43,58,13,28,28,43,58,108,138,138,153,168,183,183,283,283,298,0,15,15],"floor_reached":21,"playtime":1515,"items_purged":[],"score":235,"play_id":"6791cb19-53ea-4a5b-bc49-c674409926c7","local_time":"20180705215705","daily_mods":["Specialized","Uncertain Future","Terminal"],"is_ascension_mode":false,"campfire_choices":[{"data":"Dualcast","floor":6,"key":"SMITH"},{"data":"Multi-Cast","floor":15,"key":"SMITH"}],"neow_cost":"","seed_source_timestamp":0,"circlet_count":0,"master_deck":["Strike_B+1","Strike_B+1","Strike_B","Strike_B","Defend_B","Defend_B","Defend_B","Defend_B","Zap","Dualcast+1","Rainbow","Rainbow","Rainbow","Rainbow","Rainbow","Reinforced Body","Capacitor","Coolheaded","Steam","Rip and Tear","Rebound","Tempest","Multi-Cast+1","Ball Lightning","Ball Lightning","Fission","Genetic Algorithm"],"special_seed":17717,"relics":["Cracked Core","Omamori","Mango","Runic Pyramid"],"potions_floor_usage":[10,16],"damage_taken":[{"damage":0,"enemies":"Cultist","floor":1,"turns":3},{"damage":1,"enemies":"2 Louse","floor":3,"turns":3},{"damage":0,"enemies":"Jaw Worm","floor":5,"turns":3},{"damage":5,"enemies":"Exordium Thugs","floor":7,"turns":5},{"damage":0,"enemies":"Large Slime","floor":8,"turns":3},{"damage":0,"enemies":"3 Sentries","floor":10,"turns":6},{"damage":5,"enemies":"Gremlin Gang","floor":12,"turns":4},{"damage":0,"enemies":"3 Louse","floor":13,"turns":2},{"damage":9,"enemies":"Lots of Slimes","floor":14,"turns":4},{"damage":9,"enemies":"Hexaghost","floor":16,"turns":9},{"damage":0,"enemies":"Spheric Guardian","floor":18,"turns":4},{"damage":0,"enemies":"Chosen","floor":20,"turns":4},{"damage":19,"enemies":"Slaver and Parasite","floor":21,"turns":3}],"seed_played":"-5958423263724567793","potions_obtained":[{"floor":3,"key":"Block Potion"},{"floor":10,"key":"Ancient Potion"},{"floor":12,"key":"Fire Potion"},{"floor":13,"key":"Weak Potion"},{"floor":14,"key":"Swift Potion"},{"floor":16,"key":"EntropicBrew"}],"is_trial":false,"path_per_floor":["M","$","M","$","M","R","M","M","T","E","?","M","M","M","R","B",null,"M","?","M"],"character_chosen":"DEFECT","items_purchased":["Capacitor","Steam"],"campfire_rested":0,"item_purchase_floors":[2,4],"current_hp_per_floor":[73,72,71,70,69,68,63,63,63,77,61,56,56,47,47,38,71,70,69,68,49],"gold":15,"neow_bonus":"","is_prod":false,"is_daily":true,"chose_seed":false,"campfire_upgraded":2,"win_rate":0.0,"timestamp":1530820625,"path_taken":["M","$","M","?","M","R","M","M","T","E","?","?","M","M","R","BOSS","M","?","M","M"],"build_version":"2018-06-28","purchased_purges":0,"victory":false,"max_hp_per_floor":[73,72,71,70,69,68,67,66,65,78,77,76,75,74,73,72,71,70,69,68,68],"card_choices":[{"not_picked":["Storm","Go for the Eyes"],"picked":"Reinforced Body","floor":1},{"not_picked":["Heatsinks","Streamline"],"picked":"Coolheaded","floor":3},{"not_picked":["Compile Driver","Sweeping Beam"],"picked":"Rip and Tear","floor":5},{"not_picked":["Hologram","Beam Cell"],"picked":"Rebound","floor":7},{"not_picked":["Thunder Strike","Hologram"],"picked":"Tempest","floor":8},{"not_picked":["Recycle","FTL"],"picked":"Multi-Cast","floor":10},{"not_picked":["Sweeping Beam","Streamline","Barrage"],"picked":"SKIP","floor":12},{"not_picked":["Rebound","Gash"],"picked":"Ball Lightning","floor":13},{"not_picked":["Sweeping Beam","Streamline"],"picked":"Ball Lightning","floor":14},{"not_picked":["Biased Cognition","Buffer"],"picked":"Fission","floor":16},{"not_picked":["Gash","Stack","Blizzard+1"],"picked":"SKIP","floor":18},{"not_picked":["White Noise","Gash+1"],"picked":"Genetic Algorithm","floor":20}],"player_experience":40250,"relics_obtained":[{"floor":9,"key":"Omamori"},{"floor":10,"key":"Mango"}],"event_choices":[{"event_name":"Shining Light","player_choice":"Entered Light","floor":11,"damage_taken":0},{"event_name":"Masked Bandits","player_choice":"Paid Bandits 298 gold","floor":19,"damage_taken":0}],"boss_relics":[{"not_picked":["Lizard Tail","White Beast Statue"],"picked":"Runic Pyramid"}],"items_purged_floors":[],"is_endless":false,"potions_floor_spawned":[3,10,12,13,14,16],"killed_by":"Slaver and Parasite","ascension_level":0}