{"gold_per_floor":[118,118,129,140,156,190,190,219,219,233,260,260,288,302,302,397,397,417,437,137,157,4,31,31,31,31,63,63,81,91,0,0,100,100,119,119,119,219,230,230,73,92,146,164,183,183,197,217,217,217],"floor_reached":51,"playtime":6165,"items_purged":[],"score":696,"play_id":"1b3fddf1-61e3-4747-b695-eaff2feca3a9","local_time":"20190629133635","is_ascension_mode":false,"campfire_choices":[{"floor":7,"key":"REST"},{"floor":12,"key":"REST"},{"data":"Flex","floor":15,"key":"SMITH"},{"data":"Dark Shackles","floor":24,"key":"SMITH"},{"data":"Impervious","floor":28,"key":"SMITH"},{"floor":32,"key":"REST"},{"data":"Madness","floor":40,"key":"SMITH"},{"floor":46,"key":"REST"},{"floor":49,"key":"REST"}],"neow_cost":"TEN_PERCENT_HP_LOSS","seed_source_timestamp":1437703788760401,"circlet_count":0,"master_deck":["Strike_R+1","Strike_R","Strike_R+1","Strike_R","Strike_R","Defend_R","Defend_R","Defend_R","Defend_R","Bash","Anger+1","Flex+1","Thunderclap","Thunderclap","Ghostly Armor","Ghostly Armor","Evolve","Reckless Charge+1","Impervious+1","Ghostly Armor","Reaper+1","Thunderclap+1","Wild Strike+1","Dark Shackles+1","Reaper+1","Flame Barrier","Carnage+1","Clash+1","Spot Weakness","Bash+1","Burning Pact","Blood for Blood+1","Sever Soul+1","Warcry","Reaper+1","Shrug It Off+1","Madness","Madness+1","Shockwave+1","Metallicize+1","Armaments+1","Flex","Parasite","Clothesline+1","Anger+1","Flex+1"],"relics":["Black Blood","Charon\u0027s Ashes","Juzu Bracelet","Molten Egg 2","Champion Belt","Incense Burner","Oddly Smooth Stone","Anchor","Bottled Lightning","Pocketwatch","Regal Pillow","Lizard Tail","Ginger","Happy Flower","Whetstone"],"potions_floor_usage":[11,13,16,18,19,23,33,33,33,33,33,35,44,48,50],"damage_taken":[{"damage":3,"enemies":"Jaw Worm","floor":1,"turns":5},{"damage":1,"enemies":"Cultist","floor":3,"turns":4},{"damage":5,"enemies":"Small Slimes","floor":4,"turns":2},{"damage":14,"enemies":"Gremlin Gang","floor":5,"turns":4},{"damage":24,"enemies":"Gremlin Nob","floor":6,"turns":4},{"damage":31,"enemies":"Lagavulin","floor":8,"turns":6},{"damage":2,"enemies":"Looter","floor":10,"turns":3},{"damage":13,"enemies":"Gremlin Nob","floor":11,"turns":4},{"damage":6,"enemies":"Lagavulin","floor":13,"turns":5},{"damage":3,"enemies":"2 Fungi Beasts","floor":14,"turns":3},{"damage":13,"enemies":"The Guardian","floor":16,"turns":11},{"damage":1,"enemies":"Chosen","floor":18,"turns":4},{"damage":8,"enemies":"Shell Parasite","floor":19,"turns":6},{"damage":6,"enemies":"Chosen and Byrds","floor":21,"turns":6},{"damage":16,"enemies":"Gremlin Leader","floor":23,"turns":6},{"damage":10,"enemies":"Book of Stabbing","floor":27,"turns":6},{"damage":19,"enemies":"Snecko","floor":29,"turns":6},{"damage":26,"enemies":"Sentry and Sphere","floor":30,"turns":6},{"damage":43,"enemies":"Champ","floor":33,"turns":11},{"damage":0,"enemies":"Orb Walker","floor":35,"turns":2},{"damage":28,"enemies":"Mind Bloom Boss Battle","floor":38,"turns":9},{"damage":3,"enemies":"3 Shapes","floor":39,"turns":6},{"damage":5,"enemies":"Maw","floor":42,"turns":10},{"damage":5,"enemies":"3 Darklings","floor":44,"turns":7},{"damage":40,"enemies":"Writhing Mass","floor":45,"turns":7},{"damage":28,"enemies":"Maw","floor":47,"turns":8},{"damage":24,"enemies":"Transient","floor":48,"turns":5},{"damage":62,"enemies":"Donu and Deca","floor":50,"turns":12}],"seed_played":"5921266467918401142","potions_obtained":[{"floor":1,"key":"Explosive Potion"},{"floor":5,"key":"Explosive Potion"},{"floor":8,"key":"Poison Potion"},{"floor":11,"key":"AttackPotion"},{"floor":13,"key":"Swift Potion"},{"floor":18,"key":"AttackPotion"},{"floor":27,"key":"Fire Potion"},{"floor":29,"key":"EntropicBrew"},{"floor":33,"key":"AttackPotion"},{"floor":39,"key":"SpeedPotion"},{"floor":42,"key":"GamblersBrew"},{"floor":44,"key":"FearPotion"},{"floor":47,"key":"BloodPotion"}],"is_trial":false,"path_per_floor":["M","?","M","M","M","E","R","E","T","M","E","R","E","M","R","B",null,"M","M","$","M","$","E","R","?","T","E","R","M","M","$","R","B",null,"M","?","?","?","M","R","$","M","T","M","M","R","M","M","R","B",null],"character_chosen":"IRONCLAD","items_purchased":["Dark Shackles","Reaper+1","Flame Barrier","Carnage+1","Anchor","Sever Soul+1","Warcry","Happy Flower"],"campfire_rested":5,"item_purchase_floors":[20,20,20,20,22,31,31,41],"current_hp_per_floor":[72,72,72,72,64,46,67,42,42,46,39,60,60,63,63,56,72,72,72,72,72,72,66,66,66,66,66,66,71,55,55,72,55,72,72,63,63,65,72,72,72,72,72,72,57,72,66,58,72,53],"gold":217,"neow_bonus":"ONE_RARE_RELIC","is_prod":false,"is_daily":false,"chose_seed":false,"campfire_upgraded":4,"win_rate":0.0,"timestamp":1561829795,"path_taken":["M","?","M","M","M","E","R","E","T","M","E","R","E","M","R","BOSS","M","M","?","M","?","E","R","?","T","E","R","M","M","$","R","BOSS","M","?","?","?","M","R","$","M","T","M","M","R","M","M","R","BOSS"],"build_version":"2019-01-23","purchased_purges":0,"victory":true,"max_hp_per_floor":[72,72,72,72,72,72,72,72,72,72,72,72,72,72,72,72,72,72,72,72,72,72,72,72,72,72,72,72,72,72,72,72,72,72,72,72,72,72,72,72,72,72,72,72,72,72,72,72,72,72],"card_choices":[{"not_picked":["Clash","Shrug It Off"],"picked":"Anger","floor":1},{"not_picked":["Havoc","Armaments"],"picked":"Flex","floor":3},{"not_picked":["Disarm","Headbutt"],"picked":"Thunderclap","floor":4},{"not_picked":["Burning Pact","Pommel Strike"],"picked":"Thunderclap","floor":5},{"not_picked":["Body Slam","Blood for Blood"],"picked":"Ghostly Armor","floor":6},{"not_picked":["Sword Boomerang","Body Slam"],"picked":"Ghostly Armor","floor":8},{"not_picked":["Thunderclap+1","Blood for Blood+1"],"picked":"Evolve","floor":10},{"not_picked":["Warcry","Ghostly Armor"],"picked":"Reckless Charge+1","floor":11},{"not_picked":["True Grit","Twin Strike+1"],"picked":"Impervious","floor":13},{"not_picked":["Flex","Shockwave"],"picked":"Ghostly Armor","floor":14},{"not_picked":["Impervious","Feed+1"],"picked":"Reaper+1","floor":16},{"not_picked":["Shrug It Off","Evolve+1"],"picked":"Thunderclap+1","floor":18},{"not_picked":["Carnage+1","Anger+1"],"picked":"Wild Strike+1","floor":19},{"not_picked":["Entrench+1","Uppercut+1"],"picked":"Clash+1","floor":21},{"not_picked":["Demon Form","Reckless Charge+1"],"picked":"Spot Weakness","floor":23},{"not_picked":["Sentinel","Battle Trance"],"picked":"Burning Pact","floor":27},{"not_picked":["Havoc","Perfected Strike+1"],"picked":"Searing Blow+1","floor":29},{"not_picked":["Hemokinesis+1","Perfected Strike+1"],"picked":"Blood for Blood+1","floor":30},{"not_picked":["Brutality","Offering"],"picked":"Reaper+1","floor":33},{"not_picked":["Pummel+1","Thunderclap+1"],"picked":"Shrug It Off+1","floor":35},{"not_picked":["Cleave+1","Twin Strike+1"],"picked":"Shockwave+1","floor":38},{"not_picked":["Shockwave","Havoc+1"],"picked":"Metallicize+1","floor":39},{"not_picked":["Pummel+1","Twin Strike+1"],"picked":"Armaments+1","floor":42},{"not_picked":["Headbutt+1","Twin Strike+1"],"picked":"Flex","floor":44},{"not_picked":["Juggernaut","Armaments"],"picked":"Clothesline+1","floor":45},{"not_picked":["Whirlwind+1","Flame Barrier"],"picked":"Anger+1","floor":47},{"not_picked":["Sever Soul+1","Flame Barrier+1"],"picked":"Flex+1","floor":48}],"player_experience":33317,"relics_obtained":[{"floor":6,"key":"Juzu Bracelet"},{"floor":8,"key":"Molten Egg 2"},{"floor":9,"key":"Champion Belt"},{"floor":11,"key":"Incense Burner"},{"floor":13,"key":"Oddly Smooth Stone"},{"floor":23,"key":"Bottled Lightning"},{"floor":26,"key":"Pocketwatch"},{"floor":27,"key":"Regal Pillow"},{"floor":38,"key":"Ginger"},{"floor":43,"key":"Whetstone"}],"event_choices":[{"damage_healed":0,"gold_gain":0,"player_choice":"Upgraded","damage_taken":0,"max_hp_gain":0,"max_hp_loss":0,"event_name":"Upgrade Shrine","floor":2,"gold_loss":0,"cards_upgraded":["Anger"]},{"damage_healed":0,"gold_gain":0,"player_choice":"1 cards matched","damage_taken":0,"max_hp_gain":0,"max_hp_loss":0,"event_name":"Match and Keep!","floor":25,"gold_loss":0,"cards_obtained":["Bash"]},{"damage_healed":0,"gold_gain":0,"player_choice":"Embrace Madness","damage_taken":9,"max_hp_gain":0,"max_hp_loss":0,"event_name":"Winding Halls","floor":36,"gold_loss":0,"cards_obtained":["Madness","Madness"]},{"cards_removed":["Searing Blow"],"damage_healed":0,"gold_gain":0,"player_choice":"Removed Attack","damage_taken":0,"max_hp_gain":0,"max_hp_loss":0,"event_name":"Falling","floor":37,"gold_loss":0},{"damage_healed":0,"gold_gain":0,"player_choice":"Fight","damage_taken":0,"max_hp_gain":0,"max_hp_loss":0,"event_name":"MindBloom","floor":38,"gold_loss":0}],"is_beta":false,"boss_relics":[{"not_picked":["Black Star","Tiny House"],"picked":"Black Blood"},{"not_picked":["Empty Cage","Runic Dome"],"picked":"Lizard Tail"}],"items_purged_floors":[],"is_endless":false,"potions_floor_spawned":[1,5,8,11,13,18,27,29,33,39,42,44,47],"ascension_level":0}