{"gold_per_floor":[218,218,218,147,147,147,162,162,162,162,177,23,33,33,33,159,159,183,199,199,199],"floor_reached":21,"playtime":612,"items_purged":[],"score":267,"play_id":"ea9cac0a-b499-465e-9644-a3072f63b437","local_time":"20190101122651","is_ascension_mode":true,"campfire_choices":[{"data":"Dualcast","floor":6.0,"key":"SMITH"},{"data":"Hologram","floor":8.0,"key":"SMITH"},{"data":"Redo","floor":10.0,"key":"SMITH"},{"data":"Zap","floor":15.0,"key":"SMITH"}],"neow_cost":"NONE","seed_source_timestamp":1017413077153298,"circlet_count":0,"master_deck":["AscendersBane","Strike_B","Strike_B","Strike_B","Strike_B","Defend_B","Defend_B","Defend_B","Defend_B","Zap+1","Dualcast+1","Hologram+1","Tempest","Redo+1","White Noise","Skim","Echo Form","Defragment+1"],"special_seed":0,"relics":["Cracked Core","Orichalcum","Symbiotic Virus","Omamori","Golden Idol","Sozu"],"potions_floor_usage":[],"damage_taken":[{"damage":0.0,"enemies":"2 Louse","floor":1.0,"turns":2.0},{"damage":0.0,"enemies":"Cultist","floor":7.0,"turns":3.0},{"damage":0.0,"enemies":"Small Slimes","floor":11.0,"turns":3.0},{"damage":0.0,"enemies":"2 Fungi Beasts","floor":13.0,"turns":2.0},{"damage":36.0,"enemies":"Slime Boss","floor":16.0,"turns":6.0},{"damage":18.0,"enemies":"2 Thieves","floor":18.0,"turns":4.0},{"damage":6,"enemies":"Chosen","floor":19,"turns":4},{"damage":22,"enemies":"Colosseum Slavers","floor":20,"turns":3},{"damage":21,"enemies":"Snecko","floor":21,"turns":3}],"seed_played":"-5108380316557152263","potions_obtained":[{"floor":16.0,"key":"FocusPotion"}],"is_trial":false,"path_per_floor":["M","?","?","$","?","R","M","R","T","R","M","$","M","?","R","B",null,"M","M","?","M"],"character_chosen":"DEFECT","items_purchased":["Tempest","Omamori"],"campfire_rested":0,"item_purchase_floors":[4,12],"current_hp_per_floor":[68,50,50,50,50,50,50,50,50,50,50,50,50,50,50,14,55,37,31,9,0],"gold":199,"neow_bonus":"HUNDRED_GOLD","is_prod":false,"is_daily":false,"chose_seed":false,"campfire_upgraded":4,"win_rate":0,"timestamp":1546342011,"path_taken":["M","?","?","$","?","R","M","R","T","R","?","$","M","?","R","BOSS","M","M","?","M"],"build_version":"2018-12-20","purchased_purges":0,"victory":false,"max_hp_per_floor":[75,75,75,75,75,75,75,75,75,75,75,75,75,69,69,69,69,69,69,69,69],"card_choices":[{"not_picked":["Coolheaded","Streamline"],"picked":"Hologram","floor":1.0},{"not_picked":["Stack","Force Field"],"picked":"Redo","floor":7.0},{"not_picked":["Conserve Battery","Go for the Eyes"],"picked":"White Noise","floor":11.0},{"not_picked":["Streamline","Cold Snap"],"picked":"Skim","floor":13.0},{"not_picked":["Electrodynamics","All For One"],"picked":"Echo Form","floor":16.0},{"not_picked":["Rebound","Gash+1","Compile Driver"],"picked":"SKIP","floor":18.0},{"not_picked":["Rebound","Gash+1","Compile Driver"],"picked":"SKIP","floor":18.0},{"not_picked":["Hologram","FTL"],"picked":"Defragment+1","floor":19}],"player_experience":380923,"relics_obtained":[{"floor":9.0,"key":"Symbiotic Virus"}],"event_choices":[{"damage_healed":0.0,"max_hp_gain":0.0,"max_hp_loss":0.0,"gold_gain":0.0,"event_name":"Scrap Ooze","player_choice":"Success","floor":2.0,"gold_loss":0.0,"damage_taken":18.0,"relics_obtained":["Orichalcum"]},{"damage_healed":0.0,"max_hp_gain":0.0,"max_hp_loss":0.0,"gold_gain":0.0,"event_name":"Golden Wing","player_choice":"Ignored","floor":3.0,"gold_loss":0.0,"damage_taken":0.0},{"damage_healed":0.0,"max_hp_gain":0.0,"max_hp_loss":0.0,"gold_gain":0.0,"event_name":"The Woman in Blue","player_choice":"Bought 0 Potions","floor":5.0,"gold_loss":0.0,"damage_taken":0.0},{"damage_healed":0.0,"max_hp_gain":0.0,"max_hp_loss":6.0,"gold_gain":0.0,"event_name":"Golden Idol","player_choice":"Lose Max HP","floor":14.0,"gold_loss":0.0,"damage_taken":0.0,"relics_obtained":["Golden Idol"]},{"damage_healed":0,"gold_gain":0,"player_choice":"Fight","damage_taken":0,"max_hp_gain":0,"max_hp_loss":0,"event_name":"Colosseum","floor":20,"gold_loss":0},{"damage_healed":0,"gold_gain":0,"player_choice":"Fled From Nobs","damage_taken":0,"max_hp_gain":0,"max_hp_loss":0,"event_name":"Colosseum","floor":20,"gold_loss":0}],"is_beta":false,"boss_relics":[{"not_picked":["Busted Crown","Nuclear Battery"],"picked":"Sozu"}],"items_purged_floors":[],"is_endless":false,"potions_floor_spawned":[16,18,20],"killed_by":"Snecko","ascension_level":12}