{"gold_per_floor":[20,20,20,36,1,1,1,45,45,120,145,145,21,21,21,145,145,116,116,67,105,120,120,120,120,120,120,140,140,140,114,114,114],"floor_reached":33,"playtime":2830,"items_purged":["Injury"],"score":262,"play_id":"5c5a0b42-057d-4b52-842f-0128d6e645ac","local_time":"20190912150759","is_ascension_mode":false,"campfire_choices":[{"data":"Feed","floor":6,"key":"SMITH"},{"floor":12,"key":"REST"},{"floor":15,"key":"REST"},{"floor":23,"key":"REST"},{"data":"Flex","floor":25,"key":"SMITH"},{"data":"Flex","floor":27,"key":"SMITH"},{"floor":29,"key":"REST"},{"data":"Metallicize","floor":32,"key":"SMITH"}],"neow_cost":"NO_GOLD","seed_source_timestamp":152619982448100,"circlet_count":0,"master_deck":["Strike_R","Strike_R","Strike_R+1","Strike_R","Strike_R","Defend_R+1","Defend_R","Defend_R","Defend_R","Bash","Feed+1","Heavy Blade","Anger","Metallicize+1","Flex+1","Cleave+1","Flex+1","Armaments+1","Flame Barrier+1","Iron Wave","Pommel Strike"],"relics":["Burning Blood","Golden Idol","Question Card","Shuriken","Dodecahedron","White Beast Statue","Red Mask","Ornamental Fan","Nilry\u0027s Codex"],"potions_floor_usage":[11,22,33,33,33],"damage_taken":[{"damage":15,"enemies":"Jaw Worm","floor":1,"turns":6},{"damage":8,"enemies":"Small Slimes","floor":4,"turns":6},{"damage":55,"enemies":"Lagavulin","floor":8,"turns":8},{"damage":9,"enemies":"2 Louse","floor":11,"turns":3},{"damage":55,"enemies":"Hexaghost","floor":16,"turns":8},{"damage":30,"enemies":"2 Thieves","floor":18,"turns":5},{"damage":44,"enemies":"Masked Bandits","floor":21,"turns":5},{"damage":7,"enemies":"3 Byrds","floor":22,"turns":6},{"damage":44,"enemies":"Cultist and Chosen","floor":28,"turns":7},{"damage":93,"enemies":"Automaton","floor":33,"turns":14}],"seed_played":"423004061020635338","potions_obtained":[{"floor":8,"key":"BloodPotion"},{"floor":18,"key":"SkillPotion"},{"floor":21,"key":"PowerPotion"},{"floor":22,"key":"EssenceOfSteel"},{"floor":28,"key":"Explosive Potion"}],"is_trial":false,"path_per_floor":["M","?","?","M","?","R","$","E","T","?","M","R","$","T","R","B",null,"M","?","$","?","M","R","?","R","T","R","M","R","?","$","R","B"],"character_chosen":"IRONCLAD","items_purchased":["Flex","Flex","Pommel Strike"],"campfire_rested":4,"item_purchase_floors":[13,20,31],"current_hp_per_floor":[74,74,57,58,79,79,79,34,34,23,46,74,74,74,94,45,94,70,70,70,36,39,69,102,102,102,102,68,99,83,83,83,0],"gold":114,"neow_bonus":"THREE_RARE_CARDS","is_prod":false,"is_daily":false,"chose_seed":false,"campfire_upgraded":4,"win_rate":0.0,"timestamp":1568293679,"path_taken":["M","?","?","M","?","R","?","E","T","?","M","R","?","?","R","BOSS","M","?","$","?","M","R","?","R","T","R","?","R","?","$","R","BOSS"],"build_version":"2019-07-17","purchased_purges":1,"victory":false,"max_hp_per_floor":[83,83,83,86,86,86,86,90,90,90,94,94,94,94,94,94,94,94,94,94,98,102,102,102,102,102,102,106,106,106,106,106,106],"card_choices":[{"not_picked":["Double Tap","Impervious"],"picked":"Feed","floor":0},{"not_picked":["Wild Strike","True Grit","Thunderclap"],"picked":"SKIP","floor":1},{"not_picked":["Corruption","Thunderclap"],"picked":"Heavy Blade","floor":4},{"not_picked":["Twin Strike","Perfected Strike"],"picked":"Anger","floor":8},{"not_picked":["Clash","Cleave","Combust"],"picked":"Metallicize","floor":11},{"not_picked":["Twin Strike+1","Heavy Blade","Body Slam"],"picked":"Cleave+1","floor":18},{"not_picked":["Heavy Blade","Combust","Twin Strike+1"],"picked":"Armaments+1","floor":21},{"not_picked":["Intimidate","Whirlwind","Inflame"],"picked":"Flame Barrier+1","floor":22},{"not_picked":["Twin Strike","Cleave","Bloodletting"],"picked":"Iron Wave","floor":28}],"player_experience":62485,"relics_obtained":[{"floor":8,"key":"Question Card"},{"floor":9,"key":"Shuriken"},{"floor":14,"key":"Dodecahedron"},{"floor":21,"key":"Red Mask"},{"floor":26,"key":"Ornamental Fan"},{"floor":30,"key":"Nilry\u0027s Codex"}],"event_choices":[{"damage_healed":0,"gold_gain":0,"player_choice":"Take Wound","damage_taken":0,"relics_obtained":["Golden Idol"],"max_hp_gain":0,"max_hp_loss":0,"event_name":"Golden Idol","floor":2,"gold_loss":0,"cards_obtained":["Injury"]},{"damage_healed":0,"gold_gain":0,"player_choice":"Entered Light","damage_taken":17,"max_hp_gain":0,"max_hp_loss":0,"event_name":"Shining Light","floor":3,"gold_loss":0,"cards_upgraded":["Defend_R","Strike_R"]},{"damage_healed":21,"gold_gain":0,"player_choice":"Healed","damage_taken":0,"max_hp_gain":0,"max_hp_loss":0,"event_name":"The Cleric","floor":5,"gold_loss":35},{"damage_healed":0,"gold_gain":75,"player_choice":"Gather Gold","damage_taken":11,"max_hp_gain":0,"max_hp_loss":0,"event_name":"World of Goop","floor":10,"gold_loss":0},{"damage_healed":0,"gold_gain":0,"player_choice":"Ignored","damage_taken":0,"max_hp_gain":0,"max_hp_loss":0,"event_name":"Vampires","floor":19,"gold_loss":0},{"damage_healed":0,"gold_gain":0,"player_choice":"Fought Bandits","damage_taken":0,"max_hp_gain":0,"max_hp_loss":0,"event_name":"Masked Bandits","floor":21,"gold_loss":0},{"damage_healed":34,"gold_gain":0,"player_choice":"Heal","damage_taken":0,"max_hp_gain":0,"max_hp_loss":0,"event_name":"The Library","floor":24,"gold_loss":0},{"damage_healed":0,"gold_gain":0,"player_choice":"Obtained Book","damage_taken":16,"max_hp_gain":0,"max_hp_loss":0,"event_name":"Cursed Tome","floor":30,"gold_loss":0}],"is_beta":false,"boss_relics":[{"not_picked":["Ectoplasm","Philosopher\u0027s Stone"],"picked":"White Beast Statue"}],"items_purged_floors":[13],"is_endless":false,"potions_floor_spawned":[8,18,21,22,28],"killed_by":"Automaton","ascension_level":0}