{"gold_per_floor":[114,80,80,97,22,22,38,38,38,58,91,91,106,134,134,234,234,253,271,291,310,144,144,144,157,231,231,249,268,268,286,286,387,387,402,162,180,180,33,33,33,43,43,54,73,77],"floor_reached":46,"playtime":1515,"items_purged":["Strike_G"],"score":461,"play_id":"1b1ca529-23b5-4224-b43c-3a53f89601b7","local_time":"20190209143449","is_ascension_mode":false,"campfire_choices":[{"data":"Skewer","floor":6,"key":"SMITH"},{"data":"Dash","floor":8,"key":"SMITH"},{"floor":12,"key":"DIG"},{"floor":15,"key":"DIG"},{"data":"Glass Knife","floor":23,"key":"SMITH"},{"floor":30,"key":"DIG"},{"floor":40,"key":"DIG"}],"neow_cost":"NONE","seed_source_timestamp":239547626960996,"circlet_count":0,"master_deck":["Defend_G+1","Defend_G+1","Defend_G+1","Defend_G+1","Defend_G+1","Strike_G+1","Strike_G+1","Strike_G+1","Strike_G+1","Survivor","Neutralize","Dash+1","Skewer+1","Quick Slash","Riddle With Holes+1","Backstab+1","Glass Knife+1","Predator","Secret Weapon","Dagger Spray","Bouncing Flask+1","Burst","Dagger Throw+1","Flying Knee+1","Parasite"],"relics":["Ring of the Snake","NeowsBlessing","hubris:Towel","hubris:AstralHammer","ReplayTheSpireMod:Multitool","Singing Bowl","Peace Pipe","Kunai","hubris:OldNail","Painkiller Herb","Garlic","Sundial","Snake Skull","Ring of Chaos","Chameleon Ring","Bag of Marbles","infinitespire:FocusingShard","infinitespire:Midas Blood","ReplayTheSpireMod:TigerMarble"],"potions_floor_usage":[16,16,21,33,42],"damage_taken":[{"damage":0,"enemies":"Small Slimes","floor":1,"turns":1},{"damage":0,"enemies":"Cultist","floor":4,"turns":1},{"damage":0,"enemies":"2 Louse","floor":7,"turns":1},{"damage":2,"enemies":"Exordium Wildlife","floor":10,"turns":3},{"damage":25,"enemies":"Gremlin Nob","floor":11,"turns":4},{"damage":13,"enemies":"Gremlin Gang","floor":13,"turns":4},{"damage":10,"enemies":"Lagavulin","floor":14,"turns":5},{"damage":8,"enemies":"Slime Boss","floor":16,"turns":9},{"damage":10,"enemies":"2 Thieves","floor":18,"turns":3},{"damage":0,"enemies":"Spheric Guardian","floor":19,"turns":2},{"damage":5,"enemies":"Snecko","floor":20,"turns":4},{"damage":9,"enemies":"Snake Plant","floor":21,"turns":5},{"damage":0,"enemies":"Centurion and Healer","floor":25,"turns":4},{"damage":5,"enemies":"Snecko","floor":28,"turns":5},{"damage":4,"enemies":"Snake Plant","floor":29,"turns":3},{"damage":0,"enemies":"Cultist and Chosen","floor":31,"turns":5},{"damage":59,"enemies":"Collector","floor":33,"turns":9},{"damage":8,"enemies":"3 Darklings","floor":35,"turns":4},{"damage":13,"enemies":"3 Shapes","floor":37,"turns":5},{"damage":57,"enemies":"Writhing Mass","floor":42,"turns":6},{"damage":0,"enemies":"Transient","floor":44,"turns":5},{"damage":0,"enemies":"3 Darklings","floor":45,"turns":4},{"damage":10,"enemies":"Writhing Mass","floor":46,"turns":2}],"seed_played":"2035448258267497023","potions_obtained":[{"floor":1,"key":"Fire Potion"},{"floor":4,"key":"GamblersBrew"},{"floor":11,"key":"Strength Potion"},{"floor":18,"key":"Block Potion"},{"floor":28,"key":"Fire Potion"},{"floor":29,"key":"GhostInAJar"},{"floor":35,"key":"SpeedPotion"},{"floor":44,"key":"Poison Potion"}],"is_trial":false,"path_per_floor":["M","$","?","M","$","R","M","R","T","M","E","R","M","E","R","B",null,"?","?","?","?","T","T","?","?","T","T","?","?","T","?","T","B",null,"?","T","?","?","T","T","T","?","T","?","?","?"],"character_chosen":"THE_SILENT","items_purchased":["Dash","Secret Weapon","Chameleon Ring","Bag of Marbles"],"campfire_rested":0,"item_purchase_floors":[2,22,36,39],"current_hp_per_floor":[70,70,70,70,70,70,70,70,70,68,43,43,32,22,22,14,72,64,66,61,54,54,54,54,54,54,54,51,49,49,49,73,14,82,74,74,61,61,61,61,61,6,6,8,10,0],"gold":77,"neow_bonus":"THREE_ENEMY_KILL","is_prod":false,"is_daily":false,"chose_seed":false,"campfire_upgraded":3,"win_rate":0,"timestamp":1549740889,"path_taken":["M","$","?","M","$","R","M","R","T","?","E","R","M","E","R","BOSS","?","?","?","?","T","T","?","?","T","?","?","?","T","?","T","BOSS","?","T","?","?","T","T","T","?","T","?","?","?"],"build_version":"2019-01-23","purchased_purges":1,"victory":false,"max_hp_per_floor":[70,70,70,70,70,70,70,70,70,70,70,70,72,72,72,72,72,74,76,76,78,78,78,78,78,78,78,80,82,82,82,82,82,82,82,82,82,82,82,82,82,84,84,86,88,88],"card_choices":[{"not_picked":["Dagger Spray","Flying Knee","Riddle With Holes"],"picked":"SKIP","floor":1},{"not_picked":["Dagger Throw","Outmaneuver"],"picked":"Skewer","floor":4},{"not_picked":["Choke","Poisoned Stab","hubris:SlightOfHand"],"picked":"SKIP","floor":7},{"not_picked":["Venomology","Toxin Wave"],"picked":"Quick Slash","floor":10},{"not_picked":["Expertise","All Out Attack"],"picked":"Riddle With Holes","floor":11},{"not_picked":["Dagger Spray","Skewer","Deadly Poison"],"picked":"Singing Bowl","floor":13},{"not_picked":["Fluid Movement","Hidden Blade"],"picked":"Backstab","floor":14},{"not_picked":["Atom Bomb","A Thousand Cuts"],"picked":"Glass Knife","floor":16},{"not_picked":["PiercingWail","Dodge and Roll","ReplayTheSpireMod:Speed Training+1"],"picked":"Singing Bowl","floor":18},{"not_picked":["Bane","Escape Plan","Dagger Throw"],"picked":"Singing Bowl","floor":19},{"not_picked":["Sucker Punch","Dodge and Roll+1"],"picked":"Predator","floor":20},{"not_picked":["hubris:SlightOfHand","hubris:Sniper","Hidden Blade+1"],"picked":"Singing Bowl","floor":21},{"not_picked":["ReplayTheSpireMod:Shiv Toss+1","Deflect"],"picked":"Dagger Spray","floor":25},{"not_picked":["Draining Mist","Toxin Wave","Sucker Punch"],"picked":"Singing Bowl","floor":28},{"not_picked":["Slice","Replay:Poison Smokescreen","Well Laid Plans"],"picked":"Singing Bowl","floor":29},{"not_picked":["Deflect","Riddle With Holes"],"picked":"Bouncing Flask+1","floor":31},{"not_picked":["Grand Finale","Phantasmal Killer"],"picked":"Burst","floor":33},{"not_picked":["Storm of Steel","Deadly Poison+1"],"picked":"Dagger Throw+1","floor":35},{"not_picked":["Hidden Blade+1","Outmaneuver"],"picked":"Flying Knee+1","floor":37},{"not_picked":["Bouncing Flask","Dodge and Roll+1","Riddle With Holes+1"],"picked":"Singing Bowl","floor":42},{"not_picked":["Underhanded Strike","Leg Sweep+1","Glass Knife"],"picked":"Singing Bowl","floor":44},{"not_picked":["Bane","Slice","Leg Sweep+1"],"picked":"Singing Bowl","floor":45}],"player_experience":602342,"relics_obtained":[{"floor":9,"key":"hubris:AstralHammer"},{"floor":11,"key":"ReplayTheSpireMod:Multitool"},{"floor":12,"key":"Singing Bowl"},{"floor":14,"key":"Kunai"},{"floor":15,"key":"hubris:OldNail"},{"floor":26,"key":"Garlic"},{"floor":27,"key":"Sundial"},{"floor":30,"key":"Snake Skull"},{"floor":40,"key":"infinitespire:FocusingShard"},{"floor":43,"key":"infinitespire:Midas Blood"}],"event_choices":[{"damage_healed":0,"gold_gain":0,"player_choice":"Simplicity","damage_taken":0,"max_hp_gain":0,"max_hp_loss":0,"event_name":"Back to Basics","floor":24,"gold_loss":0,"cards_upgraded":["Defend_G","Defend_G","Defend_G","Defend_G","Defend_G","Strike_G","Strike_G","Strike_G","Strike_G"]}],"is_beta":false,"boss_relics":[{"not_picked":["Calling Bell","Kintsugi"],"picked":"Painkiller Herb"},{"not_picked":["ReplayTheSpireMod:DimensionalGlitch","Sozu"],"picked":"Ring of Chaos"}],"items_purged_floors":[5],"is_endless":false,"potions_floor_spawned":[1,4,11,14,18,28,29,31,35,44],"killed_by":"Writhing Mass","ascension_level":0}