{"gold_per_floor":[216,227,237,256,21,21,55,55,55,55,55,83,39,49,49,49],"floor_reached":16,"playtime":777,"items_purged":[],"score":220,"play_id":"05e57161-9058-44a8-83fa-a3e209d17da8","local_time":"20190430153621","is_ascension_mode":true,"campfire_choices":[{"data":"Bash","floor":6,"key":"SMITH"},{"floor":8,"key":"REST"},{"data":"Offering","floor":11,"key":"SMITH"},{"data":"Corruption","floor":15,"key":"SMITH"}],"neow_cost":"NONE","seed_source_timestamp":28024847893551,"circlet_count":0,"master_deck":["AscendersBane","Strike_R","Strike_R","Strike_R","Strike_R","Strike_R","Defend_R","Defend_R","Defend_R","Defend_R","Bash+1","Perfected Strike","Whirlwind","Feel No Pain","Wild Strike","Feed","Metallicize","Offering+1","Combust","Corruption+1"],"relics":["Burning Blood","Oddly Smooth Stone","Letter Opener","Thread and Needle"],"potions_floor_usage":[7,7,12,14],"damage_taken":[{"damage":7,"enemies":"Cultist","floor":1,"turns":4},{"damage":2,"enemies":"2 Louse","floor":2,"turns":3},{"damage":7,"enemies":"Jaw Worm","floor":3,"turns":2},{"damage":17,"enemies":"Blue Slaver","floor":4,"turns":5},{"damage":31,"enemies":"Lagavulin","floor":7,"turns":6},{"damage":25,"enemies":"3 Sentries","floor":12,"turns":6},{"damage":30,"enemies":"Gremlin Gang","floor":14,"turns":4},{"damage":36,"enemies":"Slime Boss","floor":16,"turns":5}],"seed_played":"-7660619522714461627","potions_obtained":[{"floor":1,"key":"SkillPotion"},{"floor":4,"key":"SneckoOil"},{"floor":7,"key":"SpeedPotion"},{"floor":10,"key":"Regen Potion"}],"is_trial":false,"path_per_floor":["M","M","M","M","$","R","E","R","T","?","R","E","$","M","R","B"],"character_chosen":"IRONCLAD","items_purchased":["Feed","Metallicize","Combust"],"campfire_rested":1,"item_purchase_floors":[5,5,13],"current_hp_per_floor":[67,71,70,59,59,59,34,56,56,56,56,52,52,31,31,0],"gold":49,"neow_bonus":"HUNDRED_GOLD","is_prod":false,"is_daily":false,"chose_seed":false,"campfire_upgraded":3,"win_rate":0,"timestamp":1556631381,"path_taken":["M","M","M","M","$","R","E","R","T","?","R","E","?","M","R","BOSS"],"build_version":"2019-01-23","purchased_purges":0,"victory":false,"max_hp_per_floor":[75,75,75,75,75,75,75,75,75,75,75,75,75,78,78,78],"card_choices":[{"not_picked":["Second Wind","Heavy Blade"],"picked":"Perfected Strike","floor":1},{"not_picked":["Fire Breathing","Perfected Strike"],"picked":"Whirlwind","floor":2},{"not_picked":["Pommel Strike","Twin Strike"],"picked":"Feel No Pain","floor":3},{"not_picked":["Armaments","Power Through"],"picked":"Wild Strike","floor":4},{"not_picked":["Intimidate","Blood for Blood"],"picked":"Offering","floor":7},{"not_picked":["Sword Boomerang","Hemokinesis","Seeing Red"],"picked":"SKIP","floor":12},{"not_picked":["Ghostly Armor","Perfected Strike"],"picked":"Corruption","floor":14}],"player_experience":620696,"relics_obtained":[{"floor":7,"key":"Oddly Smooth Stone"},{"floor":9,"key":"Letter Opener"},{"floor":12,"key":"Thread and Needle"}],"event_choices":[{"damage_healed":0,"gold_gain":0,"player_choice":"Got Potions","damage_taken":0,"max_hp_gain":0,"max_hp_loss":0,"event_name":"Lab","floor":10,"gold_loss":0}],"is_beta":false,"boss_relics":[],"items_purged_floors":[],"is_endless":false,"potions_floor_spawned":[1,4,7],"killed_by":"Slime Boss","ascension_level":20}