{"gold_per_floor":[114,39,52,52,52,80,80,112,112,124,1,1,58,58,58,58],"floor_reached":16,"playtime":1052,"items_purged":["Defend_R","Strike_R"],"score":183,"play_id":"4f13ce99-8703-4e8d-b060-53345e19ec36","local_time":"20190205172522","is_ascension_mode":true,"campfire_choices":[{"data":"1","floor":7,"key":"LIFT"},{"data":"2","floor":15,"key":"LIFT"}],"neow_cost":"NONE","seed_source_timestamp":334980416211296,"circlet_count":0,"master_deck":["AscendersBane","Strike_R","Strike_R","Strike_R","Defend_R+1","Defend_R+1","Bash","Clothesline","Thunderclap","Ghostly Armor","True Grit","Cleave","True Grit","Offering"],"relics":["Burning Blood","War Paint","Girya","Bird Faced Urn","Torii","Tiny Chest"],"potions_floor_usage":[6,13,14],"damage_taken":[{"damage":12,"enemies":"Jaw Worm","floor":1,"turns":3},{"damage":0,"enemies":"2 Louse","floor":3,"turns":4},{"damage":20,"enemies":"Gremlin Nob","floor":6,"turns":4},{"damage":41,"enemies":"Lagavulin","floor":8,"turns":8},{"damage":1,"enemies":"Small Slimes","floor":10,"turns":3},{"damage":8,"enemies":"3 Sentries","floor":13,"turns":6},{"damage":0,"enemies":"3 Louse","floor":14,"turns":1},{"damage":35,"enemies":"Slime Boss","floor":16,"turns":5}],"seed_played":"-6650282323533651937","potions_obtained":[{"floor":1,"key":"Fire Potion"},{"floor":3,"key":"BloodPotion"},{"floor":13,"key":"SmokeBomb"}],"is_trial":false,"path_per_floor":["M","$","M","?","?","E","R","E","T","M","$","?","E","M","R","B"],"character_chosen":"IRONCLAD","items_purchased":["True Grit"],"campfire_rested":0,"item_purchase_floors":[11],"current_hp_per_floor":[66,66,72,65,65,59,59,24,24,29,29,29,27,33,33,0],"gold":58,"neow_bonus":"RANDOM_COMMON_RELIC","is_prod":false,"is_daily":false,"chose_seed":false,"campfire_upgraded":0,"win_rate":0,"timestamp":1549416322,"path_taken":["M","$","M","?","?","E","R","E","T","M","?","?","E","M","R","BOSS"],"build_version":"2019-01-23","purchased_purges":2,"victory":false,"max_hp_per_floor":[80,80,80,80,80,80,80,80,80,80,80,80,80,80,80,80],"card_choices":[{"not_picked":["Intimidate","Thunderclap"],"picked":"Clothesline","floor":1},{"not_picked":["Sword Boomerang","Carnage"],"picked":"Thunderclap","floor":3},{"not_picked":["Clothesline","Fire Breathing"],"picked":"Ghostly Armor","floor":6},{"not_picked":["Limit Break","Sever Soul"],"picked":"True Grit","floor":8},{"not_picked":["Clothesline","Warcry"],"picked":"Cleave","floor":10},{"not_picked":["Entrench","Seeing Red"],"picked":"Offering","floor":13}],"player_experience":471377,"relics_obtained":[{"floor":6,"key":"Girya"},{"floor":8,"key":"Bird Faced Urn"},{"floor":9,"key":"Torii"},{"floor":13,"key":"Tiny Chest"}],"event_choices":[{"cards_removed":["Strike_R"],"damage_healed":0,"gold_gain":0,"player_choice":"Card Removal","damage_taken":7,"max_hp_gain":0,"max_hp_loss":0,"event_name":"Golden Wing","floor":4,"gold_loss":0},{"cards_removed":["Defend_R"],"damage_healed":0,"gold_gain":0,"player_choice":"Forget","damage_taken":0,"max_hp_gain":0,"max_hp_loss":0,"event_name":"Living Wall","floor":5,"gold_loss":0},{"damage_healed":0,"gold_gain":0,"player_choice":"Leave","damage_taken":0,"max_hp_gain":0,"max_hp_loss":0,"event_name":"The Cleric","floor":12,"gold_loss":0}],"is_beta":false,"boss_relics":[],"items_purged_floors":[2,11],"is_endless":false,"potions_floor_spawned":[1,3,13,14],"killed_by":"Slime Boss","ascension_level":11}