{"gold_per_floor":[116,129,82,32,32,63,63,82,82,99,99,118,88,163,163,163],"floor_reached":16,"playtime":3222,"items_purged":[],"score":125,"play_id":"0d4a7669-5a7f-4db4-91ae-c544adede402","local_time":"20190917010356","is_ascension_mode":false,"campfire_choices":[{"data":"Body Slam","floor":7,"key":"SMITH"},{"data":"Shrug It Off","floor":11,"key":"SMITH"},{"data":"Body Slam","floor":15,"key":"SMITH"}],"neow_cost":"NONE","seed_source_timestamp":72157956774100,"circlet_count":0,"master_deck":["Strike_R","Strike_R","Strike_R","Strike_R","Defend_R","Defend_R","Defend_R","Defend_R","Bash","Shrug It Off+1","Body Slam+1","Body Slam+1"],"relics":["Burning Blood","NeowsBlessing","Gambling Chip","Pear","Bottled Flame"],"potions_floor_usage":[16,16,16],"damage_taken":[{"damage":0,"enemies":"2 Louse","floor":1,"turns":1},{"damage":0,"enemies":"Small Slimes","floor":2,"turns":1},{"damage":0,"enemies":"3 Sentries","floor":6,"turns":1},{"damage":0,"enemies":"Jaw Worm","floor":8,"turns":4},{"damage":8,"enemies":"2 Fungi Beasts","floor":10,"turns":5},{"damage":7,"enemies":"Blue Slaver","floor":12,"turns":4},{"damage":0,"enemies":"Looter","floor":13,"turns":4},{"damage":81,"enemies":"Slime Boss","floor":16,"turns":13}],"seed_played":"8673896016877387783","potions_obtained":[{"floor":2,"key":"FearPotion"},{"floor":6,"key":"EssenceOfSteel"},{"floor":12,"key":"Dexterity Potion"}],"is_trial":false,"path_per_floor":["M","M","$","?","?","E","R","M","T","M","R","M","M","?","R","B"],"character_chosen":"IRONCLAD","items_purchased":["Shrug It Off"],"campfire_rested":0,"item_purchase_floors":[3],"current_hp_per_floor":[80,80,80,80,77,90,90,90,90,88,88,87,90,79,79,0],"gold":163,"neow_bonus":"THREE_ENEMY_KILL","is_prod":false,"is_daily":false,"chose_seed":false,"campfire_upgraded":3,"win_rate":0,"timestamp":1568696636,"path_taken":["M","M","$","?","?","E","R","M","T","M","R","M","?","?","R","BOSS"],"build_version":"2019-07-17","purchased_purges":0,"victory":false,"max_hp_per_floor":[80,80,80,80,80,90,90,90,90,90,90,90,90,90,90,90],"card_choices":[{"not_picked":["Anger","Rampage","Shockwave"],"picked":"SKIP","floor":1},{"not_picked":["Inflame","Sever Soul","Sword Boomerang"],"picked":"SKIP","floor":2},{"not_picked":["Headbutt","Clash"],"picked":"Body Slam","floor":6},{"not_picked":["Wild Strike","Clothesline","Twin Strike"],"picked":"SKIP","floor":8},{"not_picked":["Pommel Strike","Anger","Sword Boomerang"],"picked":"SKIP","floor":10},{"not_picked":["Armaments","Iron Wave"],"picked":"Body Slam","floor":12},{"not_picked":["Uppercut","Armaments","Havoc"],"picked":"SKIP","floor":13}],"player_experience":546501,"relics_obtained":[{"floor":6,"key":"Pear"},{"floor":9,"key":"Bottled Flame"}],"event_choices":[{"cards_removed":["Strike_R"],"damage_healed":0,"gold_gain":0,"player_choice":"Card Removal","damage_taken":0,"max_hp_gain":0,"max_hp_loss":0,"event_name":"The Cleric","floor":4,"gold_loss":50},{"damage_healed":0,"gold_gain":0,"player_choice":"Success","damage_taken":3,"relics_obtained":["Gambling Chip"],"max_hp_gain":0,"max_hp_loss":0,"event_name":"Scrap Ooze","floor":5,"gold_loss":0},{"damage_healed":0,"gold_gain":75,"player_choice":"Gather Gold","damage_taken":11,"max_hp_gain":0,"max_hp_loss":0,"event_name":"World of Goop","floor":14,"gold_loss":0}],"is_beta":false,"boss_relics":[],"items_purged_floors":[],"is_endless":false,"potions_floor_spawned":[2,6,12],"killed_by":"Slime Boss","ascension_level":0}