{"gold_per_floor":[112,112,122,141,141,141,159,175,228,248,248,282,331,345,345,345],"floor_reached":16,"playtime":965,"items_purged":[],"score":104,"play_id":"8a32f8a6-8471-4501-aea9-6c24fdd6d017","local_time":"20190914170214","is_ascension_mode":false,"campfire_choices":[{"data":"Entrench","floor":6,"key":"SMITH"},{"floor":15,"key":"REST"}],"neow_cost":"NONE","seed_source_timestamp":2464719310795300,"circlet_count":0,"master_deck":["Strike_R","Strike_R","Strike_R","Strike_R","Defend_R","Defend_R","Defend_R","Defend_R","Bash","Entrench+1","Entrench"],"relics":["Burning Blood"],"potions_floor_usage":[8,10,14],"damage_taken":[{"damage":2,"enemies":"2 Louse","floor":1,"turns":3},{"damage":5,"enemies":"Jaw Worm","floor":3,"turns":6},{"damage":15,"enemies":"Small Slimes","floor":4,"turns":4},{"damage":24,"enemies":"Gremlin Gang","floor":7,"turns":8},{"damage":0,"enemies":"2 Fungi Beasts","floor":8,"turns":5},{"damage":2,"enemies":"3 Louse","floor":10,"turns":3},{"damage":59,"enemies":"Lagavulin","floor":12,"turns":10},{"damage":8,"enemies":"Large Slime","floor":14,"turns":8},{"damage":35,"enemies":"The Guardian","floor":16,"turns":5}],"seed_played":"-3290362567410287167","potions_obtained":[{"floor":1,"key":"SteroidPotion"},{"floor":4,"key":"Block Potion"},{"floor":10,"key":"Explosive Potion"}],"is_trial":false,"path_per_floor":["M","$","M","M","?","R","M","M","T","M","?","E","T","M","R","B"],"character_chosen":"IRONCLAD","items_purchased":[],"campfire_rested":1,"item_purchase_floors":[],"current_hp_per_floor":[88,88,88,79,79,79,61,67,67,71,64,11,11,9,35,0],"gold":345,"neow_bonus":"TEN_PERCENT_HP_BONUS","is_prod":false,"is_daily":false,"chose_seed":false,"campfire_upgraded":1,"win_rate":0,"timestamp":1568494934,"path_taken":["M","$","M","M","?","R","M","M","T","M","?","E","?","M","R","BOSS"],"build_version":"2019-07-17","purchased_purges":0,"victory":false,"max_hp_per_floor":[88,88,88,88,88,88,88,88,88,88,88,88,88,88,88,88],"card_choices":[{"not_picked":["Burning Pact","Rupture","Carnage"],"picked":"SKIP","floor":1},{"not_picked":["Flex","Anger"],"picked":"Entrench","floor":3},{"not_picked":["Corruption","Clothesline","Flex"],"picked":"SKIP","floor":4},{"not_picked":["Havoc","Warcry","Flex"],"picked":"SKIP","floor":7},{"not_picked":["Anger","Battle Trance","Demon Form"],"picked":"SKIP","floor":8},{"not_picked":["Perfected Strike","Rupture","Havoc"],"picked":"SKIP","floor":10},{"not_picked":["Hemokinesis","Blood for Blood"],"picked":"Entrench","floor":12},{"not_picked":["Pommel Strike","Clash","True Grit"],"picked":"SKIP","floor":14}],"player_experience":458308,"relics_obtained":[],"event_choices":[{"damage_healed":0,"gold_gain":0,"player_choice":"Ignored","damage_taken":0,"max_hp_gain":0,"max_hp_loss":0,"event_name":"Liars Game","floor":5,"gold_loss":0},{"cards_removed":["Strike_R"],"damage_healed":0,"gold_gain":0,"player_choice":"Card Removal","damage_taken":7,"max_hp_gain":0,"max_hp_loss":0,"event_name":"Golden Wing","floor":11,"gold_loss":0}],"is_beta":false,"boss_relics":[],"items_purged_floors":[],"is_endless":false,"potions_floor_spawned":[1,4,10],"killed_by":"The Guardian","ascension_level":0}