{"gold_per_floor":[115,115,131,77,90,90,107,125,151,151,151,185,197,223,235,344,356,379,391,318,340,370,382,408,420,511,537,580,609,621,633,645,758,770,795,807,819,851,878,890,917,929,966,996,552,571,144,0,0,0],"floor_reached":51,"playtime":1785,"items_purged":["Strike_R","Strike_R"],"score":696,"play_id":"9c1b219f-0ec5-4109-9422-e8d85859eac2","local_time":"20180720015310","is_ascension_mode":false,"campfire_choices":[{"data":"Body Slam","floor":6,"key":"SMITH"},{"data":"Disarm","floor":10,"key":"SMITH"},{"data":"Headbutt","floor":15,"key":"SMITH"},{"data":"Double Tap","floor":23,"key":"SMITH"},{"floor":25,"key":"REST"},{"floor":32,"key":"REST"},{"data":"Limit Break","floor":40,"key":"SMITH"},{"data":"Inflame","floor":42,"key":"SMITH"},{"data":"Flame Barrier","floor":49,"key":"SMITH"}],"neow_cost":"NONE","seed_source_timestamp":999216630144522,"circlet_count":0,"master_deck":["Strike_R","Strike_R","Defend_R","Defend_R","Defend_R","Defend_R+1","Bash+1","Headbutt+1","Disarm+1","Body Slam+1","Iron Wave+1","Uppercut+1","Inflame+1","Limit Break+1","Flame Barrier","Reaper+1","Whirlwind+1","Sword Boomerang+1","Flame Barrier+1","Sadistic Nature"],"relics":["Burning Blood","Pen Nib","Potion Belt","MawBank","Velvet Choker","Orichalcum","Molten Egg 2","Dream Catcher","Nilry\u0027s Codex","Mark of Pain","Vajra","Bronze Scales","Happy Flower","Red Mask"],"potions_floor_usage":[33,44,44,50,50],"damage_taken":[{"damage":6,"enemies":"2 Louse","floor":1,"turns":4},{"damage":0,"enemies":"Small Slimes","floor":3,"turns":3},{"damage":0,"enemies":"Cultist","floor":5,"turns":3},{"damage":13,"enemies":"2 Fungi Beasts","floor":7,"turns":4},{"damage":13,"enemies":"3 Louse","floor":8,"turns":3},{"damage":20,"enemies":"3 Sentries","floor":12,"turns":10},{"damage":0,"enemies":"Exordium Wildlife","floor":14,"turns":4},{"damage":30,"enemies":"Slime Boss","floor":16,"turns":10},{"damage":20,"enemies":"Spheric Guardian","floor":18,"turns":4},{"damage":7,"enemies":"3 Byrds","floor":21,"turns":6},{"damage":18,"enemies":"Snake Plant","floor":22,"turns":3},{"damage":8,"enemies":"Slaver and Parasite","floor":24,"turns":6},{"damage":0,"enemies":"Snecko","floor":27,"turns":4},{"damage":28,"enemies":"Book of Stabbing","floor":28,"turns":5},{"damage":14,"enemies":"Sentry and Sphere","floor":29,"turns":4},{"damage":42,"enemies":"Collector","floor":33,"turns":12},{"damage":12,"enemies":"Orb Walker","floor":35,"turns":4},{"damage":26,"enemies":"3 Shapes","floor":38,"turns":10},{"damage":56,"enemies":"3 Darklings","floor":39,"turns":6},{"damage":4,"enemies":"Flame Bruiser 2 Orb","floor":41,"turns":6},{"damage":19,"enemies":"Maw","floor":44,"turns":7},{"damage":0,"enemies":"Sphere and 2 Shapes","floor":46,"turns":2},{"damage":53,"enemies":"Awakened One","floor":50,"turns":11}],"seed_played":"-4620541144552461249","potions_obtained":[{"floor":3,"key":"Dexterity Potion"},{"floor":5,"key":"Ancient Potion"},{"floor":8,"key":"Weak Potion"},{"floor":12,"key":"BloodPotion"},{"floor":18,"key":"LiquidBronze"},{"floor":24,"key":"EssenceOfSteel"},{"floor":39,"key":"Block Potion"},{"floor":46,"key":"GamblersBrew"}],"is_trial":false,"path_per_floor":["M","?","M","$","M","R","M","M","T","R","?","E","?","M","R","B",null,"M","$","?","M","M","R","M","R","T","M","E","M","?","?","R","B",null,"M","?","?","M","M","R","M","R","T","M","$","M","$","?","R","B"],"character_chosen":"IRONCLAD","items_purchased":["Body Slam","Whirlwind+1","Bronze Scales","Happy Flower","Block Potion","Sword Boomerang+1","Flame Barrier","Sadistic Nature"],"campfire_rested":2,"item_purchase_floors":[4,45,45,45,45,47,47,47],"current_hp_per_floor":[80,64,70,70,76,76,69,62,62,62,62,48,48,54,54,30,80,66,66,66,65,53,53,51,75,75,80,58,50,34,34,58,22,80,74,74,74,70,20,20,22,22,22,45,45,55,55,55,55,39],"gold":0,"neow_bonus":"RANDOM_COMMON_RELIC","is_prod":false,"is_daily":false,"chose_seed":false,"campfire_upgraded":7,"win_rate":0,"timestamp":1532065990,"path_taken":["M","?","M","$","?","R","M","M","T","R","?","E","?","M","R","BOSS","M","$","?","M","?","R","M","R","T","M","E","M","?","?","R","BOSS","M","?","?","M","M","R","M","R","T","M","$","M","$","?","R","BOSS"],"build_version":"2018-07-19","purchased_purges":2,"victory":true,"max_hp_per_floor":[80,80,80,80,80,80,80,80,80,80,80,80,80,80,80,80,80,80,80,80,80,80,80,80,80,80,80,80,80,80,80,80,80,80,80,80,80,80,80,80,80,80,80,80,80,80,80,80,80,80],"card_choices":[{"not_picked":["True Grit","Pommel Strike"],"picked":"Headbutt","floor":1},{"not_picked":["Anger","Wild Strike"],"picked":"Disarm","floor":3},{"not_picked":["Clothesline","Bloodletting","Flex"],"picked":"SKIP","floor":5},{"not_picked":["Headbutt","Heavy Blade","Dropkick"],"picked":"SKIP","floor":7},{"not_picked":["Heavy Blade","Clash","Second Wind"],"picked":"SKIP","floor":8},{"not_picked":["Flame Barrier","Anger"],"picked":"Iron Wave","floor":12},{"not_picked":["Wild Strike","Clash","Twin Strike"],"picked":"SKIP","floor":14},{"not_picked":["Limit Break","Bludgeon"],"picked":"Double Tap","floor":16},{"not_picked":["True Grit","Corruption+1","Anger+1"],"picked":"SKIP","floor":18},{"not_picked":["Wild Strike+1","Second Wind","Armaments"],"picked":"SKIP","floor":21},{"not_picked":["Cleave","Twin Strike"],"picked":"Uppercut+1","floor":22},{"not_picked":["Spot Weakness+1","Clothesline","Shrug It Off"],"picked":"SKIP","floor":24},{"not_picked":["Double Tap","Headbutt+1","Rage"],"picked":"SKIP","floor":27},{"not_picked":["Rage","Ghostly Armor+1","Rupture"],"picked":"SKIP","floor":28},{"not_picked":["Reckless Charge+1","Evolve","Thunderclap+1"],"picked":"SKIP","floor":29},{"not_picked":["Shockwave+1","Flex"],"picked":"Inflame","floor":32},{"not_picked":["Bludgeon+1","Berserk"],"picked":"Limit Break","floor":33},{"not_picked":["Dropkick+1","Headbutt+1","Shrug It Off"],"picked":"SKIP","floor":35},{"not_picked":["Disarm","Infernal Blade","Heavy Blade+1"],"picked":"SKIP","floor":38},{"not_picked":["Pommel Strike+1","Flame Barrier","Clash+1"],"picked":"SKIP","floor":39},{"not_picked":["Pommel Strike+1","Clash+1"],"picked":"Flame Barrier","floor":39},{"not_picked":["Twin Strike+1","Iron Wave+1"],"picked":"Reaper+1","floor":41},{"not_picked":["Warcry+1","Shrug It Off+1","Clothesline+1"],"picked":"SKIP","floor":44},{"not_picked":["Second Wind","Flex+1","Pommel Strike+1"],"picked":"SKIP","floor":46}],"player_experience":762795,"relics_obtained":[{"floor":9,"key":"Potion Belt"},{"floor":12,"key":"MawBank"},{"floor":26,"key":"Molten Egg 2"},{"floor":28,"key":"Dream Catcher"},{"floor":30,"key":"Nilry\u0027s Codex"},{"floor":43,"key":"Vajra"}],"event_choices":[{"event_name":"Shining Light","player_choice":"Entered Light","floor":2,"damage_taken":0},{"event_name":"Liars Game","player_choice":"disagreed","floor":11,"damage_taken":0},{"event_name":"Living Wall","player_choice":"Grow","floor":13,"damage_taken":0},{"event_name":"Addict","player_choice":"Obtained Relic","floor":20,"damage_taken":0},{"event_name":"Cursed Tome","player_choice":"Obtained Book","floor":30,"damage_taken":0},{"event_name":"Ghosts","player_choice":"Ignored","floor":31,"damage_taken":0},{"event_name":"Falling","player_choice":"Removed Skill","floor":36,"damage_taken":0},{"event_name":"Purifier","player_choice":"One Purge","floor":37,"damage_taken":0},{"event_name":"Tomb of Lord Red Mask","player_choice":"Paid","floor":48,"damage_taken":0}],"is_beta":true,"boss_relics":[{"not_picked":["Snecko Eye","Calling Bell"],"picked":"Velvet Choker"},{"not_picked":["Orrery","Tiny House"],"picked":"Mark of Pain"}],"items_purged_floors":[45,47],"is_endless":false,"potions_floor_spawned":[3,5,8,12,18,22,24,29,39,46],"ascension_level":0}