{"gold_per_floor":[110,121,196,209,173,173,173,173,196,51,51,151,151,151,151,252,252,264,275,198,198,198,198,232,232],"floor_reached":25,"playtime":419,"items_purged":[],"score":230,"play_id":"eb3f7026-8ec2-478f-9d9e-533eb9dadf29","local_time":"20180720134407","is_ascension_mode":false,"campfire_choices":[{"data":"Inflame","floor":6,"key":"SMITH"},{"data":"Rampage","floor":8,"key":"SMITH"},{"data":"Demon Form","floor":11,"key":"SMITH"},{"data":"Shockwave","floor":13,"key":"SMITH"},{"data":"Barricade","floor":15,"key":"SMITH"},{"data":"J.A.X.","floor":23,"key":"SMITH"}],"neow_cost":"NONE","seed_source_timestamp":1043247084386146,"circlet_count":0,"master_deck":["Strike_R","Strike_R","Strike_R","Strike_R","Defend_R","Defend_R","Defend_R","Defend_R","Bash","Exhume","Rampage+1","Inflame+1","Shockwave+1","Demon Form+1","Barricade+1","Feed","Heavy Blade+1","J.A.X.+1"],"relics":["Burning Blood","Juzu Bracelet","Runic Dome","Ancient Tea Set"],"potions_floor_usage":[16],"damage_taken":[{"damage":6,"enemies":"Jaw Worm","floor":1,"turns":3},{"damage":8,"enemies":"2 Louse","floor":2,"turns":2},{"damage":1,"enemies":"Cultist","floor":4,"turns":4},{"damage":52,"enemies":"Hexaghost","floor":16,"turns":9},{"damage":29,"enemies":"2 Thieves","floor":18,"turns":4},{"damage":24,"enemies":"Spheric Guardian","floor":19,"turns":5},{"damage":42,"enemies":"Book of Stabbing","floor":24,"turns":5},{"damage":12,"enemies":"Centurion and Healer","floor":25,"turns":1}],"seed_played":"2253740630566463291","potions_obtained":[{"floor":2,"key":"PowerPotion"},{"floor":4,"key":"SpeedPotion"},{"floor":16,"key":"SkillPotion"},{"floor":24,"key":"EssenceOfSteel"}],"is_trial":false,"path_per_floor":["M","M","?","M","$","R","?","R","T","$","R","?","R","?","R","B",null,"M","M","?","$","?","R","E"],"character_chosen":"IRONCLAD","items_purchased":["Shockwave","Demon Form"],"campfire_rested":0,"item_purchase_floors":[5,10],"current_hp_per_floor":[80,78,67,72,72,72,77,77,77,77,77,77,77,77,77,31,85,65,47,47,47,47,47,11,0],"gold":232,"neow_bonus":"ONE_RANDOM_RARE_CARD","is_prod":false,"is_daily":false,"chose_seed":false,"campfire_upgraded":6,"win_rate":0,"timestamp":1532108647,"path_taken":["M","M","?","M","$","R","?","R","T","$","R","?","R","?","R","BOSS","M","M","?","$","?","R","E","M"],"build_version":"2018-07-19","purchased_purges":0,"victory":false,"max_hp_per_floor":[80,80,80,80,80,80,85,85,85,85,85,85,85,85,85,85,85,88,88,88,88,88,88,88,88],"card_choices":[{"not_picked":["True Grit","Headbutt"],"picked":"Rampage","floor":1},{"not_picked":["Burning Pact","Feel No Pain","Clash"],"picked":"SKIP","floor":2},{"not_picked":["Second Wind","Pommel Strike"],"picked":"Inflame","floor":4},{"not_picked":["Fiend Fire","Berserk"],"picked":"Feed","floor":16},{"not_picked":["Iron Wave","Twin Strike"],"picked":"Heavy Blade+1","floor":18},{"not_picked":["Flex","Power Through","Warcry"],"picked":"SKIP","floor":19},{"not_picked":["Headbutt","Flex","Burning Pact+1"],"picked":"SKIP","floor":24}],"player_experience":803889,"relics_obtained":[{"floor":9,"key":"Juzu Bracelet"},{"floor":24,"key":"Ancient Tea Set"}],"event_choices":[{"event_name":"World of Goop","player_choice":"Gather Gold","floor":3,"damage_taken":0},{"event_name":"Big Fish","player_choice":"Donut","floor":7,"damage_taken":0},{"event_name":"Golden Shrine","player_choice":"Pray","floor":12,"damage_taken":0},{"event_name":"Living Wall","player_choice":"Change","floor":14,"damage_taken":0},{"event_name":"Drug Dealer","player_choice":"Got JAXXED","floor":20,"damage_taken":0},{"event_name":"Vampires","player_choice":"Ignored","floor":22,"damage_taken":0}],"is_beta":true,"boss_relics":[{"not_picked":["Lizard Tail","Philosopher\u0027s Stone"],"picked":"Runic Dome"}],"items_purged_floors":[],"is_endless":false,"potions_floor_spawned":[2,4,16,24],"killed_by":"Centurion and Healer","ascension_level":0}