{"gold_per_floor":[114,39,56,69,69,102,102,102,102,118,118,131,159,23,23,100,100,118,135,135,135,135,135,162,177,177,17,29,29,29,58,58,137,137,147,547,547,561,109,109,125,125,176,176,100,134,134,165,165,165,165,165,165,39,66,66],"floor_reached":56,"playtime":6500,"items_purged":["Strike_B","Writhe"],"score":1948,"play_id":"c6402ab6-e525-435e-8787-df651f20cadf","local_time":"20190822012723","is_ascension_mode":true,"campfire_choices":[{"data":"Zap","floor":7.0,"key":"SMITH"},{"floor":11.0,"key":"REST"},{"data":"Fission","floor":15.0,"key":"SMITH"},{"floor":23.0,"key":"REST"},{"floor":29.0,"key":"REST"},{"floor":32.0,"key":"REST"},{"data":"Coolheaded","floor":40.0,"key":"SMITH"},{"data":"Dualcast","floor":42.0,"key":"SMITH"},{"data":"Conserve Battery","floor":47.0,"key":"SMITH"},{"floor":49.0,"key":"RECALL"},{"floor":53,"key":"REST"}],"neow_cost":"NONE","seed_source_timestamp":651850565346625,"circlet_count":0,"master_deck":["AscendersBane","Defend_B","Defend_B","Zap+1","Dualcast+1","Cold Snap","Hello World","Gash","Doom and Gloom+1","Barrage+1","Steam","Fission+1","Loop+1","Coolheaded+1","Machine Learning+1","BootSequence+1","Fusion+1","Meteor Strike+1","Go for the Eyes+1","Necronomicurse","Auto Shields+1","Melter+1","RitualDagger+1","Hologram+1","Cold Snap+1","Gash+1","Conserve Battery","Beam Cell+1","Biased Cognition+1","Conserve Battery+1","Leap+1","Sunder+1","Self Repair+1","Storm+1","Biased Cognition+1","Undo","Compile Driver+1","Defragment+1","White Noise"],"special_seed":0,"relics":["Cracked Core","NeowsBlessing","Molten Egg 2","Sundial","Frozen Egg 2","Gremlin Horn","Astrolabe","Necronomicon","Mercury Hourglass","Shuriken","Bag of Preparation","Mummified Hand","Dream Catcher","Busted Crown","Old Coin","War Paint","Bird Faced Urn","Darkstone Periapt","FossilizedHelix"],"potions_floor_usage":[56,56],"damage_taken":[{"damage":0.0,"enemies":"Cultist","floor":1.0,"turns":1.0},{"damage":0.0,"enemies":"Small Slimes","floor":3.0,"turns":1.0},{"damage":0.0,"enemies":"Jaw Worm","floor":4.0,"turns":1.0},{"damage":18.0,"enemies":"Lagavulin","floor":6.0,"turns":7.0},{"damage":2.0,"enemies":"Blue Slaver","floor":10.0,"turns":3.0},{"damage":0.0,"enemies":"3 Louse","floor":12.0,"turns":1.0},{"damage":21.0,"enemies":"Gremlin Nob","floor":13.0,"turns":4.0},{"damage":20.0,"enemies":"Hexaghost","floor":16.0,"turns":8.0},{"damage":14.0,"enemies":"2 Thieves","floor":18.0,"turns":4.0},{"damage":6.0,"enemies":"Spheric Guardian","floor":19.0,"turns":3.0},{"damage":21.0,"enemies":"Slavers","floor":24.0,"turns":2.0},{"damage":1.0,"enemies":"Cultist and Chosen","floor":25.0,"turns":4.0},{"damage":0.0,"enemies":"Snecko","floor":28.0,"turns":3.0},{"damage":15.0,"enemies":"Gremlin Leader","floor":31.0,"turns":5.0},{"damage":8.0,"enemies":"Automaton","floor":33.0,"turns":6.0},{"damage":7.0,"enemies":"Orb Walker","floor":35.0,"turns":3.0},{"damage":7.0,"enemies":"Mind Bloom Boss Battle","floor":36.0,"turns":7.0},{"damage":0.0,"enemies":"3 Shapes","floor":38.0,"turns":2.0},{"damage":0.0,"enemies":"Transient","floor":41.0,"turns":6.0},{"damage":0.0,"enemies":"Reptomancer","floor":46.0,"turns":3.0},{"damage":13.0,"enemies":"Giant Head","floor":48.0,"turns":4.0},{"damage":19.0,"enemies":"Donu and Deca","floor":50.0,"turns":6.0},{"damage":66,"enemies":"Time Eater","floor":51,"turns":8},{"damage":38,"enemies":"Shield and Spear","floor":55,"turns":4},{"damage":114,"enemies":"The Heart","floor":56,"turns":3}],"seed_played":"-2455137163889548670","potions_obtained":[{"floor":1.0,"key":"SpeedPotion"},{"floor":12.0,"key":"EssenceOfSteel"},{"floor":13.0,"key":"Explosive Potion"},{"floor":16.0,"key":"GamblersBrew"},{"floor":25.0,"key":"Block Potion"},{"floor":28.0,"key":"Poison Potion"},{"floor":33.0,"key":"Energy Potion"},{"floor":38.0,"key":"AttackPotion"},{"floor":46.0,"key":"Energy Potion"},{"floor":55,"key":"SkillPotion"}],"is_trial":false,"path_per_floor":["M","$","M","M","?","E","R","?","T","M","R","M","E","$","R","B",null,"M","M","?","?","?","R","E","M","T","$","M","R","?","E","R","B",null,"M","?","?","M","$","R","M","R","T","?","$","E","R","E","R","B","B",null,"R","$","E","B"],"character_chosen":"DEFECT","items_purchased":["Loop+1","Coolheaded","Bag of Preparation","Leap","War Paint","Sunder+1","Self Repair+1","Biased Cognition+1","Defragment+1","White Noise"],"campfire_rested":5,"item_purchase_floors":[14,14,27,39,39,39,39,45,54,54],"current_hp_per_floor":[64,64,64,64,64,46,46,28,28,26,47,47,26,26,26,6,55,41,35,14,14,8,29,8,7,7,7,7,28,28,13,34,26,60,53,46,46,46,46,46,56,56,56,56,56,66,66,71,71,71,19,58,71,71,51,0],"gold":66,"neow_bonus":"THREE_ENEMY_KILL","is_prod":false,"is_daily":false,"chose_seed":false,"campfire_upgraded":5,"win_rate":0,"timestamp":1566462443,"path_taken":["M","$","M","?","?","E","R","?","T","M","R","M","E","?","R","BOSS","M","M","?","?","?","R","E","M","T","$","M","R","?","E","R","BOSS","M","?","?","?","$","R","M","R","T","?","$","E","R","E","R","BOSS","BOSS","R","$","E","BOSS"],"build_version":"2019-07-17","purchased_purges":2,"victory":false,"max_hp_per_floor":[71,71,71,71,71,71,71,71,71,71,71,71,71,71,71,71,71,71,71,71,71,71,71,71,71,71,71,71,71,71,71,71,71,71,71,71,71,71,71,71,71,71,71,71,71,71,71,71,71,71,71,71,71,71,71,71],"card_choices":[{"not_picked":["Steam Power","Beam Cell"],"picked":"Cold Snap","floor":1.0},{"not_picked":["Tempest","Streamline"],"picked":"Hello World","floor":3.0},{"not_picked":["Beam Cell","Barrage"],"picked":"Gash","floor":4.0},{"not_picked":["Recycle","Go for the Eyes"],"picked":"Doom and Gloom","floor":6.0},{"not_picked":["Coolheaded","Hologram"],"picked":"Barrage+1","floor":10.0},{"not_picked":["Leap","Rebound+1"],"picked":"Steam","floor":12.0},{"not_picked":["Turbo","Sweeping Beam+1"],"picked":"Fission","floor":13.0},{"not_picked":["Rainbow","Amplify"],"picked":"Machine Learning+1","floor":16.0},{"not_picked":["Chaos","Reprogram"],"picked":"Go for the Eyes+1","floor":18.0},{"not_picked":["Stack","Fusion","Rebound+1"],"picked":"SKIP","floor":19.0},{"not_picked":["Heatsinks+1","Darkness"],"picked":"Hologram","floor":24.0},{"not_picked":["Aggregate","Gash+1"],"picked":"Cold Snap+1","floor":25.0},{"not_picked":["Ball Lightning+1","Stack"],"picked":"Gash+1","floor":28.0},{"not_picked":["Tempest","Coolheaded"],"picked":"Conserve Battery","floor":31.0},{"not_picked":["Coolheaded","Hologram"],"picked":"Beam Cell+1","floor":32.0},{"not_picked":["Fission","Amplify"],"picked":"Biased Cognition+1","floor":33.0},{"not_picked":["Consume"],"picked":"SKIP","floor":35.0},{"not_picked":[],"picked":"Conserve Battery","floor":36.0},{"not_picked":["Rebound+1"],"picked":"SKIP","floor":38.0},{"not_picked":[],"picked":"Storm+1","floor":41.0},{"not_picked":["Go for the Eyes+1"],"picked":"SKIP","floor":46.0},{"not_picked":[],"picked":"Undo","floor":48.0},{"not_picked":[],"picked":"Compile Driver+1","floor":53},{"not_picked":["Skim"],"picked":"SKIP","floor":55}],"player_experience":736460,"relics_obtained":[{"floor":6.0,"key":"Molten Egg 2"},{"floor":9.0,"key":"Frozen Egg 2"},{"floor":13.0,"key":"Gremlin Horn"},{"floor":20.0,"key":"Necronomicon"},{"floor":24.0,"key":"Mercury Hourglass"},{"floor":26.0,"key":"Shuriken"},{"floor":31.0,"key":"Dream Catcher"},{"floor":36.0,"key":"Old Coin"},{"floor":46.0,"key":"Bird Faced Urn"},{"floor":48.0,"key":"Darkstone Periapt"},{"floor":55,"key":"FossilizedHelix"}],"event_choices":[{"damage_healed":0.0,"max_hp_gain":0.0,"max_hp_loss":0.0,"gold_gain":0.0,"event_name":"Liars Game","player_choice":"Ignored","floor":5.0,"gold_loss":0.0,"damage_taken":0.0},{"damage_healed":0.0,"max_hp_gain":0.0,"max_hp_loss":0.0,"gold_gain":0.0,"event_name":"Scrap Ooze","player_choice":"Success","floor":8.0,"gold_loss":0.0,"damage_taken":18.0,"relics_obtained":["Sundial"]},{"damage_healed":0.0,"max_hp_gain":0.0,"max_hp_loss":0.0,"gold_gain":0.0,"event_name":"Cursed Tome","player_choice":"Obtained Book","floor":20.0,"gold_loss":0.0,"damage_taken":21.0},{"damage_healed":0.0,"max_hp_gain":0.0,"max_hp_loss":0.0,"gold_gain":0.0,"cards_transformed":["Defend_B","Defend_B"],"event_name":"Drug Dealer","player_choice":"Became Test Subject","floor":21.0,"gold_loss":0.0,"damage_taken":0.0,"cards_obtained":["Auto Shields","Melter"]},{"damage_healed":0.0,"max_hp_gain":0.0,"max_hp_loss":0.0,"gold_gain":0.0,"event_name":"Nest","player_choice":"Joined the Cult","floor":22.0,"gold_loss":0.0,"damage_taken":6.0,"cards_obtained":["RitualDagger"]},{"damage_healed":0.0,"max_hp_gain":0.0,"max_hp_loss":0.0,"gold_gain":0.0,"event_name":"The Mausoleum","player_choice":"Opened","floor":30.0,"gold_loss":0.0,"damage_taken":0.0,"relics_obtained":["Mummified Hand"],"cards_obtained":["Writhe"]},{"damage_healed":0.0,"max_hp_gain":0.0,"max_hp_loss":0.0,"gold_gain":0.0,"event_name":"MindBloom","player_choice":"Fight","floor":36.0,"gold_loss":0.0,"damage_taken":0.0},{"damage_healed":0.0,"max_hp_gain":0.0,"max_hp_loss":0.0,"gold_gain":0.0,"event_name":"Upgrade Shrine","player_choice":"Upgraded","floor":37.0,"gold_loss":0.0,"damage_taken":0.0,"cards_upgraded":["Hologram"]},{"damage_healed":0.0,"max_hp_gain":0.0,"max_hp_loss":0.0,"gold_gain":0.0,"event_name":"Tomb of Lord Red Mask","player_choice":"Ignored","floor":44.0,"gold_loss":0.0,"damage_taken":0.0}],"is_beta":false,"boss_relics":[{"not_picked":["Empty Cage","Cursed Key"],"picked":"Astrolabe"},{"not_picked":["Runic Pyramid","Pandora\u0027s Box"],"picked":"Busted Crown"}],"items_purged_floors":[2,39],"is_endless":false,"potions_floor_spawned":[1,12,13,16,18,25,28,33,38,46,48,55],"killed_by":"The Heart","ascension_level":20}