{"gold_per_floor":[115,135,56,56,56,56,75,75,101,124,139,101,112,124,124,199,199,213,213,230,230,240,274,274,274,300,300,315,315,240,7,7,85,85,99,80,100,100,100,100,200,200,276,276,276,276,42,55,55,55],"floor_reached":51,"playtime":1505,"items_purged":["Strike_B+1"],"score":1199,"play_id":"0a30caef-e9cf-4b5d-abb0-aecaaf61f852","local_time":"20190103140421","is_ascension_mode":true,"campfire_choices":[{"data":"Loop","floor":6.0,"key":"SMITH"},{"data":"Darkness","floor":8.0,"key":"SMITH"},{"data":"Consume","floor":15.0,"key":"SMITH"},{"floor":24,"key":"REST"},{"data":"Reboot","floor":27,"key":"SMITH"},{"floor":32,"key":"REST"},{"data":"Loop","floor":40,"key":"SMITH"},{"data":"Capacitor","floor":42,"key":"SMITH"},{"floor":44,"key":"REST"},{"data":"Dualcast","floor":46,"key":"SMITH"},{"data":"Leap","floor":49,"key":"SMITH"}],"neow_cost":"NONE","seed_source_timestamp":1195236438422887,"circlet_count":0,"master_deck":["AscendersBane","Strike_B+1","Defend_B+1","Defend_B+1","Defend_B+1","Defend_B+1","Zap","Dualcast+1","Darkness+1","BootSequence","Loop+1","Redo","Consume+1","Reboot+1","Lockon+1","Loop+1","Capacitor+1","Loop+1","Leap+1","Capacitor"],"special_seed":0,"relics":["FrozenCore","Art of War","Oddly Smooth Stone","Juzu Bracelet","Lantern","Blood Vial","Whetstone","Membership Card","Sozu","Prayer Wheel","Sundial","DollysMirror","Strawberry"],"potions_floor_usage":[18,23,33,37],"damage_taken":[{"damage":1.0,"enemies":"2 Louse","floor":1.0,"turns":3.0},{"damage":4.0,"enemies":"Jaw Worm","floor":2.0,"turns":4.0},{"damage":3.0,"enemies":"Small Slimes","floor":7.0,"turns":3.0},{"damage":2.0,"enemies":"3 Louse","floor":11.0,"turns":3.0},{"damage":5.0,"enemies":"Looter","floor":13.0,"turns":3.0},{"damage":10.0,"enemies":"Exordium Thugs","floor":14.0,"turns":4.0},{"damage":0,"enemies":"Slime Boss","floor":16,"turns":5},{"damage":9,"enemies":"3 Byrds","floor":18,"turns":6},{"damage":0,"enemies":"Spheric Guardian","floor":20,"turns":3},{"damage":6,"enemies":"Centurion and Healer","floor":22,"turns":6},{"damage":14,"enemies":"Slavers","floor":23,"turns":5},{"damage":8,"enemies":"Sentry and Sphere","floor":28,"turns":9},{"damage":55,"enemies":"Automaton","floor":33,"turns":9},{"damage":1,"enemies":"Orb Walker","floor":35,"turns":5},{"damage":20,"enemies":"3 Shapes","floor":37,"turns":4},{"damage":0,"enemies":"Mind Bloom Boss Battle","floor":41,"turns":6},{"damage":3,"enemies":"Sphere and 2 Shapes","floor":48,"turns":9},{"damage":19,"enemies":"Donu and Deca","floor":50,"turns":8}],"seed_played":"56607733463517925","potions_obtained":[{"floor":2.0,"key":"SkillPotion"},{"floor":7.0,"key":"Poison Potion"},{"floor":16,"key":"Poison Potion"},{"floor":20,"key":"Weak Potion"},{"floor":23,"key":"PowerPotion"},{"floor":33,"key":"Fire Potion"}],"is_trial":false,"path_per_floor":["M","M","$","?","?","R","M","R","T","T","M","$","M","M","R","B",null,"M","?","M","?","M","E","R","?","T","R","M","?","?","$","R","B",null,"M","$","M","?","?","R","?","R","T","R","?","R","$","M","R","B",null],"character_chosen":"DEFECT","items_purchased":["Loop","Consume","Membership Card","Ancient Potion","Capacitor","DollysMirror","Strawberry","Leap"],"campfire_rested":3,"item_purchase_floors":[3,12,31,31,36,47,47,47],"current_hp_per_floor":[63,59,59,59,52,52,49,49,49,49,47,47,42,32,32,32,61,52,52,52,52,46,32,53,53,53,53,47,47,47,47,68,15,57,58,58,40,40,40,40,42,42,42,62,62,62,69,68,68,51],"gold":55,"neow_bonus":"RANDOM_COMMON_RELIC","is_prod":false,"is_daily":false,"chose_seed":false,"campfire_upgraded":8,"win_rate":0,"timestamp":1546520661,"path_taken":["M","M","$","?","?","R","M","R","T","?","M","?","M","M","R","BOSS","M","?","M","?","M","E","R","?","T","R","M","?","?","$","R","BOSS","M","$","M","?","?","R","?","R","T","R","?","R","$","M","R","BOSS"],"build_version":"2018-12-20","purchased_purges":1,"victory":true,"max_hp_per_floor":[71,71,71,71,71,71,71,71,71,71,71,71,71,71,71,71,71,71,71,71,71,71,71,71,71,71,71,71,71,71,71,71,71,71,71,71,71,67,67,67,67,67,67,67,67,67,74,74,74,74],"card_choices":[{"not_picked":["Leap","Hello World"],"picked":"Darkness","floor":1.0},{"not_picked":["Coolheaded","Streamline"],"picked":"BootSequence","floor":2.0},{"not_picked":["Barrage","Go for the Eyes","Compile Driver"],"picked":"SKIP","floor":7.0},{"not_picked":["Turbo","Redo","Compile Driver"],"picked":"SKIP","floor":11.0},{"not_picked":["Turbo","Compile Driver"],"picked":"Redo","floor":11.0},{"not_picked":["Hello World","Hologram"],"picked":"Reboot","floor":13.0},{"not_picked":["Heatsinks","Rebound","Gash"],"picked":"SKIP","floor":14.0},{"not_picked":["Barrage","Doom and Gloom+1","Cold Snap"],"picked":"SKIP","floor":18},{"not_picked":["Steam Power","Reprogram","Barrage"],"picked":"SKIP","floor":20},{"not_picked":["Barrage","Gash","Turbo"],"picked":"SKIP","floor":22},{"not_picked":["Sweeping Beam","Steam"],"picked":"Lockon+1","floor":23},{"not_picked":["Compile Driver","Redo","Aggregate"],"picked":"SKIP","floor":28},{"not_picked":["Chaos","Turbo"],"picked":"Loop","floor":35},{"not_picked":["Scrape","Conserve Battery","Ball Lightning"],"picked":"SKIP","floor":37},{"not_picked":["Aggregate","Beam Cell"],"picked":"Capacitor","floor":48},{"not_picked":["Streamline","Leap","Force Field+1"],"picked":"SKIP","floor":48}],"player_experience":392780,"relics_obtained":[{"floor":9.0,"key":"Oddly Smooth Stone"},{"floor":10.0,"key":"Juzu Bracelet"},{"floor":23,"key":"Lantern"},{"floor":26,"key":"Whetstone"},{"floor":41,"key":"Prayer Wheel"},{"floor":43,"key":"Sundial"}],"event_choices":[{"damage_healed":0.0,"max_hp_gain":0.0,"max_hp_loss":0.0,"gold_gain":0.0,"event_name":"Liars Game","player_choice":"Ignored","floor":4.0,"gold_loss":0.0,"damage_taken":0.0},{"cards_removed":["Strike_B"],"damage_healed":0.0,"max_hp_gain":0.0,"max_hp_loss":0.0,"gold_gain":0.0,"event_name":"Golden Wing","player_choice":"Card Removal","floor":5.0,"gold_loss":0.0,"damage_taken":7.0},{"damage_healed":0,"gold_gain":0,"player_choice":"Ignored","damage_taken":0,"max_hp_gain":0,"max_hp_loss":0,"event_name":"Vampires","floor":19,"gold_loss":0},{"damage_healed":0,"gold_gain":0,"player_choice":"Simplicity","damage_taken":0,"max_hp_gain":0,"max_hp_loss":0,"event_name":"Back to Basics","floor":21,"gold_loss":0,"cards_upgraded":["Strike_B","Strike_B","Strike_B","Defend_B","Defend_B","Defend_B","Defend_B"]},{"damage_healed":0,"gold_gain":0,"player_choice":"Gave Potion","damage_taken":0,"relics_obtained":["Blood Vial"],"max_hp_gain":0,"max_hp_loss":0,"event_name":"WeMeetAgain","floor":25,"gold_loss":0},{"damage_healed":0,"gold_gain":0,"player_choice":"Ignored","damage_taken":0,"max_hp_gain":0,"max_hp_loss":0,"event_name":"N\u0027loth","floor":29,"gold_loss":0},{"cards_removed":["Strike_B"],"damage_healed":0,"gold_gain":0,"player_choice":"Gave Gold","damage_taken":0,"max_hp_gain":0,"max_hp_loss":0,"event_name":"Beggar","floor":30,"gold_loss":75},{"damage_healed":0,"gold_gain":0,"player_choice":"Max HP","damage_taken":0,"max_hp_gain":0,"max_hp_loss":4,"event_name":"Winding Halls","floor":38,"gold_loss":0},{"damage_healed":0,"gold_gain":0,"player_choice":"Memory 1","damage_taken":0,"max_hp_gain":0,"max_hp_loss":0,"event_name":"SensoryStone","floor":39,"gold_loss":0},{"damage_healed":0,"gold_gain":0,"player_choice":"Fight","damage_taken":0,"max_hp_gain":0,"max_hp_loss":0,"event_name":"MindBloom","floor":41,"gold_loss":0},{"damage_healed":0,"gold_gain":0,"player_choice":"Ignored","damage_taken":0,"max_hp_gain":0,"max_hp_loss":0,"event_name":"Tomb of Lord Red Mask","floor":45,"gold_loss":0}],"is_beta":false,"boss_relics":[{"not_picked":["Runic Pyramid","Astrolabe"],"picked":"FrozenCore"},{"not_picked":["Coffee Dripper","Nuclear Battery"],"picked":"Sozu"}],"items_purged_floors":[47],"is_endless":false,"potions_floor_spawned":[2,7,16,20,23,33,37,48],"ascension_level":14}