{"gold_per_floor":[112,112,112,112,130,130,160,176,176,176,187,187,222,27,27,27],"floor_reached":16,"playtime":814,"items_purged":[],"score":124,"play_id":"693e7963-44cf-43fa-b55c-c82294c497d4","local_time":"20190911153511","is_ascension_mode":true,"campfire_choices":[{"floor":6,"key":"DIG"},{"floor":15,"key":"REST"}],"neow_cost":"TEN_PERCENT_HP_LOSS","seed_source_timestamp":2200448013991400,"circlet_count":0,"master_deck":["Strike_R+1","Strike_R","Strike_R","Strike_R+1","Strike_R","Defend_R","Defend_R","Defend_R","Defend_R","Bash","Flex+1","Shrug It Off+1","Anger","Flex","Armaments+1","Injury"],"relics":["Burning Blood","Shovel","Bottled Lightning","War Paint","Toxic Egg 2","Golden Idol","FossilizedHelix","Toolbox"],"potions_floor_usage":[13,16],"damage_taken":[{"damage":6,"enemies":"Cultist","floor":1,"turns":3},{"damage":3,"enemies":"2 Louse","floor":5,"turns":2},{"damage":24,"enemies":"Gremlin Nob","floor":7,"turns":4},{"damage":2,"enemies":"Jaw Worm","floor":8,"turns":3},{"damage":16,"enemies":"Blue Slaver","floor":11,"turns":3},{"damage":32,"enemies":"Lagavulin","floor":13,"turns":7},{"damage":33,"enemies":"Hexaghost","floor":16,"turns":9}],"seed_played":"-5275317766056958916","potions_obtained":[{"floor":1,"key":"Poison Potion"},{"floor":8,"key":"SpeedPotion"}],"is_trial":false,"path_per_floor":["M","$","?","$","M","R","E","M","T","$","M","?","E","$","R","B"],"character_chosen":"IRONCLAD","items_purchased":["Toolbox"],"campfire_rested":1,"item_purchase_floors":[14],"current_hp_per_floor":[72,72,58,58,61,61,43,47,47,47,37,37,11,11,32,0],"gold":27,"neow_bonus":"ONE_RARE_RELIC","is_prod":false,"is_daily":false,"chose_seed":false,"campfire_upgraded":0,"win_rate":0,"timestamp":1568230511,"path_taken":["M","$","?","$","M","R","E","M","T","$","M","?","E","?","R","BOSS"],"build_version":"2019-07-17","purchased_purges":0,"victory":false,"max_hp_per_floor":[72,72,72,72,72,72,72,72,72,72,72,72,72,72,72,72],"card_choices":[{"not_picked":["Disarm","Armaments"],"picked":"Flex","floor":1},{"not_picked":["Havoc","Disarm"],"picked":"Shrug It Off","floor":5},{"not_picked":["Evolve","Headbutt"],"picked":"Anger","floor":7},{"not_picked":["Metallicize","Warcry"],"picked":"Flex","floor":8},{"not_picked":["Iron Wave","Power Through+1"],"picked":"Armaments+1","floor":11},{"not_picked":["Reckless Charge","Warcry+1","Dropkick"],"picked":"SKIP","floor":13}],"player_experience":355891,"relics_obtained":[{"floor":6,"key":"Bottled Lightning"},{"floor":7,"key":"War Paint"},{"floor":9,"key":"Toxic Egg 2"},{"floor":13,"key":"FossilizedHelix"}],"event_choices":[{"damage_healed":0,"gold_gain":0,"player_choice":"Entered Light","damage_taken":14,"max_hp_gain":0,"max_hp_loss":0,"event_name":"Shining Light","floor":3,"gold_loss":0,"cards_upgraded":["Strike_R","Strike_R"]},{"damage_healed":0,"gold_gain":0,"player_choice":"Take Wound","damage_taken":0,"relics_obtained":["Golden Idol"],"max_hp_gain":0,"max_hp_loss":0,"event_name":"Golden Idol","floor":12,"gold_loss":0,"cards_obtained":["Injury"]}],"is_beta":false,"boss_relics":[],"items_purged_floors":[],"is_endless":false,"potions_floor_spawned":[1,8],"killed_by":"Hexaghost","ascension_level":3}