{"gold_per_floor":[213,224,238,248,266,266,291,291,291,291,291,325,325],"floor_reached":13,"playtime":1363,"items_purged":[],"score":100,"play_id":"b026b0e9-daae-4fbd-9dc8-bb9a01b0ecee","local_time":"20190913205759","is_ascension_mode":true,"campfire_choices":[{"data":"Footwork","floor":6,"key":"SMITH"},{"data":"Corpse Explosion","floor":8,"key":"SMITH"}],"neow_cost":"NONE","seed_source_timestamp":25886164997600,"circlet_count":0,"master_deck":["Strike_G","Strike_G","Strike_G","Strike_G","Strike_G","Defend_G","Defend_G","Defend_G","Defend_G","Survivor","Neutralize","Leg Sweep","Footwork+1","Backflip","Accuracy","PiercingWail","Corpse Explosion+1","Catalyst"],"relics":["Ring of the Snake","Pantograph","Orichalcum","Juzu Bracelet"],"potions_floor_usage":[7,7,12],"damage_taken":[{"damage":1,"enemies":"2 Louse","floor":1,"turns":5},{"damage":0,"enemies":"Jaw Worm","floor":2,"turns":7},{"damage":0,"enemies":"Cultist","floor":3,"turns":5},{"damage":0,"enemies":"2 Fungi Beasts","floor":4,"turns":6},{"damage":7,"enemies":"3 Louse","floor":5,"turns":6},{"damage":45,"enemies":"Gremlin Nob","floor":7,"turns":8},{"damage":14,"enemies":"3 Sentries","floor":12,"turns":8},{"damage":15,"enemies":"Exordium Thugs","floor":13,"turns":3}],"seed_played":"8134409852920799892","potions_obtained":[{"floor":1,"key":"FearPotion"},{"floor":4,"key":"Regen Potion"},{"floor":7,"key":"Block Potion"}],"is_trial":false,"path_per_floor":["M","M","M","M","M","R","E","R","T","?","?","E","M"],"character_chosen":"THE_SILENT","items_purchased":[],"campfire_rested":0,"item_purchase_floors":[],"current_hp_per_floor":[69,69,69,69,62,62,31,31,31,24,24,10,0],"gold":325,"neow_bonus":"HUNDRED_GOLD","is_prod":false,"is_daily":false,"chose_seed":false,"campfire_upgraded":2,"win_rate":0,"timestamp":1568401079,"path_taken":["M","M","M","M","M","R","E","R","T","?","?","E","M"],"build_version":"2019-07-17","purchased_purges":0,"victory":false,"max_hp_per_floor":[70,70,70,70,70,70,70,70,70,70,70,70,70],"card_choices":[{"not_picked":["Finisher","Bane"],"picked":"Leg Sweep","floor":1},{"not_picked":["Outmaneuver","Escape Plan"],"picked":"Footwork","floor":2},{"not_picked":["Slice","Eviscerate"],"picked":"Backflip","floor":3},{"not_picked":["Underhanded Strike","Predator"],"picked":"Accuracy","floor":4},{"not_picked":["Escape Plan","Acrobatics"],"picked":"PiercingWail","floor":5},{"not_picked":["Eviscerate","Deadly Poison"],"picked":"Corpse Explosion","floor":7},{"not_picked":["Acrobatics","Expertise"],"picked":"Catalyst","floor":12}],"player_experience":93074,"relics_obtained":[{"floor":7,"key":"Pantograph"},{"floor":9,"key":"Orichalcum"},{"floor":12,"key":"Juzu Bracelet"}],"event_choices":[{"cards_removed":["Defend_G"],"damage_healed":0,"gold_gain":0,"player_choice":"Card Removal","damage_taken":7,"max_hp_gain":0,"max_hp_loss":0,"event_name":"Golden Wing","floor":10,"gold_loss":0},{"damage_healed":0,"gold_gain":0,"player_choice":"Ignored","damage_taken":0,"max_hp_gain":0,"max_hp_loss":0,"event_name":"NoteForYourself","floor":11,"gold_loss":0}],"is_beta":false,"boss_relics":[],"items_purged_floors":[],"is_endless":false,"potions_floor_spawned":[1,4,7],"killed_by":"Exordium Thugs","ascension_level":1}