{"gold_per_floor":[114,124,138,152,162,162,197,217,268,287,287,298,325,343,343,444,444,461,461,471,483,150,161,161,172,172,187,214,214,233,262,262,262],"floor_reached":33,"playtime":1975,"items_purged":[],"score":347,"play_id":"eacf7596-3716-41a1-9c59-b79570603875","local_time":"20190630010939","is_ascension_mode":true,"campfire_choices":[{"data":"Cleave","floor":6,"key":"SMITH"},{"data":"Rage","floor":11,"key":"SMITH"},{"data":"Immolate","floor":15,"key":"SMITH"},{"data":"Jack Of All Trades","floor":24,"key":"SMITH"},{"data":"Inflame","floor":29,"key":"SMITH"},{"data":"Perfected Strike","floor":32,"key":"SMITH"}],"neow_cost":"NONE","seed_source_timestamp":1483505956181647,"circlet_count":0,"master_deck":["Strike_R","Strike_R","Strike_R","Strike_R","Defend_R","Defend_R+1","Defend_R+1","Bash","Perfected Strike+1","Clash","Cleave+1","Pommel Strike","Pommel Strike","Cleave","Immolate+1","Pommel Strike","Rage+1","Perfected Strike","Shockwave","Flex","Reaper","Rupture+1","Perfected Strike","Body Slam","Jack Of All Trades+1","Twin Strike","Anger","Pommel Strike+1","Inflame+1","Second Wind+1","Evolve"],"relics":["Burning Blood","Bag of Marbles","War Paint","Paper Frog","Busted Crown","Bottled Lightning","Matryoshka","Toxic Egg 2","Ancient Tea Set"],"potions_floor_usage":[16,31,33],"damage_taken":[{"damage":1,"enemies":"Cultist","floor":1,"turns":3},{"damage":9,"enemies":"Small Slimes","floor":2,"turns":5},{"damage":1,"enemies":"Jaw Worm","floor":3,"turns":3},{"damage":9,"enemies":"Exordium Wildlife","floor":4,"turns":3},{"damage":0,"enemies":"Large Slime","floor":5,"turns":3},{"damage":14,"enemies":"Gremlin Nob","floor":7,"turns":3},{"damage":0,"enemies":"2 Fungi Beasts","floor":8,"turns":1},{"damage":0,"enemies":"Lots of Slimes","floor":10,"turns":1},{"damage":0,"enemies":"Looter","floor":12,"turns":1},{"damage":22,"enemies":"3 Sentries","floor":13,"turns":3},{"damage":0,"enemies":"Blue Slaver","floor":14,"turns":1},{"damage":28,"enemies":"Hexaghost","floor":16,"turns":7},{"damage":2,"enemies":"Shell Parasite","floor":18,"turns":2},{"damage":4,"enemies":"2 Thieves","floor":20,"turns":3},{"damage":0,"enemies":"Snake Plant","floor":21,"turns":2},{"damage":0,"enemies":"Snecko","floor":23,"turns":2},{"damage":6,"enemies":"Cultist and Chosen","floor":25,"turns":3},{"damage":0,"enemies":"Centurion and Healer","floor":27,"turns":2},{"damage":19,"enemies":"Gremlin Leader","floor":28,"turns":4},{"damage":6,"enemies":"Shelled Parasite and Fungi","floor":30,"turns":2},{"damage":12,"enemies":"Book of Stabbing","floor":31,"turns":4},{"damage":80,"enemies":"Champ","floor":33,"turns":7}],"seed_played":"2889910391105633930","potions_obtained":[{"floor":4,"key":"Explosive Potion"},{"floor":7,"key":"AttackPotion"},{"floor":8,"key":"Weak Potion"},{"floor":21,"key":"Regen Potion"},{"floor":31,"key":"SpeedPotion"}],"is_trial":false,"path_per_floor":["M","M","M","M","M","R","E","M","T","M","R","M","E","M","R","B",null,"M","?","M","M","$","M","R","M","T","M","E","R","M","E","R","B"],"character_chosen":"IRONCLAD","items_purchased":["Jack Of All Trades","Bottled Lightning"],"campfire_rested":0,"item_purchase_floors":[22,22],"current_hp_per_floor":[80,77,80,77,80,80,72,78,78,80,80,80,64,70,70,48,80,80,80,80,80,80,80,80,80,80,80,75,75,75,80,80,0],"gold":262,"neow_bonus":"TRANSFORM_CARD","is_prod":false,"is_daily":false,"chose_seed":false,"campfire_upgraded":6,"win_rate":0,"timestamp":1561871379,"path_taken":["M","M","M","M","M","R","E","M","T","M","R","M","E","?","R","BOSS","M","?","M","M","?","M","R","M","T","M","E","R","M","E","R","BOSS"],"build_version":"2019-01-23","purchased_purges":0,"victory":false,"max_hp_per_floor":[80,80,80,80,80,80,80,80,80,80,80,80,80,80,80,80,80,80,80,80,80,80,80,80,80,80,80,80,80,80,80,80,80],"card_choices":[{"not_picked":["Body Slam","Pummel"],"picked":"Clash","floor":1},{"not_picked":["Pommel Strike","Twin Strike"],"picked":"Cleave","floor":2},{"not_picked":["Sword Boomerang","True Grit"],"picked":"Pommel Strike","floor":3},{"not_picked":["True Grit","Anger"],"picked":"Pommel Strike","floor":4},{"not_picked":["Iron Wave","Burning Pact"],"picked":"Cleave","floor":5},{"not_picked":["Havoc","Headbutt"],"picked":"Immolate","floor":7},{"not_picked":["Armaments","Twin Strike"],"picked":"Pommel Strike","floor":8},{"not_picked":["Iron Wave","Headbutt"],"picked":"Rage","floor":10},{"not_picked":["Flame Barrier","Rage"],"picked":"Perfected Strike","floor":12},{"not_picked":["Dark Embrace","Sword Boomerang"],"picked":"Shockwave","floor":13},{"not_picked":["Entrench","Disarm"],"picked":"Flex","floor":14},{"not_picked":["Demon Form","Double Tap"],"picked":"Reaper","floor":16},{"not_picked":[],"picked":"Rupture+1","floor":18},{"not_picked":[],"picked":"Perfected Strike","floor":20},{"not_picked":[],"picked":"Body Slam","floor":21},{"not_picked":[],"picked":"Twin Strike","floor":23},{"not_picked":[],"picked":"Anger","floor":25},{"not_picked":[],"picked":"Pommel Strike+1","floor":27},{"not_picked":[],"picked":"Inflame","floor":28},{"not_picked":[],"picked":"Second Wind+1","floor":30},{"not_picked":[],"picked":"Evolve","floor":31}],"player_experience":43362,"relics_obtained":[{"floor":7,"key":"Bag of Marbles"},{"floor":9,"key":"War Paint"},{"floor":13,"key":"Paper Frog"},{"floor":26,"key":"Matryoshka"},{"floor":28,"key":"Toxic Egg 2"},{"floor":31,"key":"Ancient Tea Set"}],"event_choices":[{"cards_removed":["Defend_R"],"damage_healed":0,"gold_gain":0,"player_choice":"Purged","damage_taken":0,"max_hp_gain":0,"max_hp_loss":0,"event_name":"Purifier","floor":19,"gold_loss":0}],"is_beta":false,"boss_relics":[{"not_picked":["Runic Cube","Tiny House"],"picked":"Busted Crown"}],"items_purged_floors":[],"is_endless":false,"potions_floor_spawned":[4,7,8,13,14,21,27,28,31],"killed_by":"Champ","ascension_level":1}