{"gold_per_floor":[110,120,120,134,20,20,52,52,52,71,71,88,88,13,13,92,92,107,121,135,94,19,19,19,46,96,50,83,83,113,78,78,157,157,174,188,203,256,356,356,456,456,456,456,117,135,0,19,19,19,19,19,19,45,45],"floor_reached":56,"playtime":4998,"items_purged":["Strike_R","Writhe"],"score":1819,"play_id":"cceeb813-e3cc-4649-83b4-d4d027c461f7","local_time":"20190324113702","is_ascension_mode":true,"campfire_choices":[{"data":"Corruption","floor":6.0,"key":"SMITH"},{"data":"Uppercut","floor":8.0,"key":"SMITH"},{"data":"Disarm","floor":13.0,"key":"SMITH"},{"data":"Dark Embrace","floor":15.0,"key":"SMITH"},{"floor":24.0,"key":"REST"},{"data":"Feel No Pain","floor":29.0,"key":"SMITH"},{"data":"Metallicize","floor":32.0,"key":"SMITH"},{"floor":40,"key":"REST"},{"data":"Shame","floor":44,"key":"PURGE"},{"floor":49,"key":"RECALL"},{"data":"Metallicize","floor":52,"key":"SMITH"}],"neow_cost":"TEN_PERCENT_HP_LOSS","seed_source_timestamp":0,"circlet_count":0,"master_deck":["AscendersBane","Strike_R","Strike_R","Strike_R+1","Defend_R+1","Defend_R","Bash+1","Disarm+1","Second Wind+1","Uppercut+1","Spot Weakness","Corruption+1","Flame Barrier","Dark Embrace+1","Intimidate","Immolate","Feel No Pain+1","Havoc","Warcry","Metallicize+1","Feed","Warcry+1","Metallicize+1","Spot Weakness"],"special_seed":0,"relics":["Burning Blood","Dead Branch","Pocketwatch","Bottled Lightning","Lizard Tail","War Paint","Whetstone","Juzu Bracelet","Shuriken","Oddly Smooth Stone","Sozu","Prayer Wheel","Peace Pipe","Self Forming Clay","Red Mask","Pantograph"],"potions_floor_usage":[38,38],"damage_taken":[{"damage":0.0,"enemies":"Cultist","floor":1.0,"turns":4.0},{"damage":7.0,"enemies":"2 Louse","floor":2.0,"turns":3.0},{"damage":17.0,"enemies":"Small Slimes","floor":4.0,"turns":4.0},{"damage":28.0,"enemies":"Gremlin Nob","floor":7.0,"turns":4.0},{"damage":1.0,"enemies":"Exordium Wildlife","floor":10.0,"turns":2.0},{"damage":16.0,"enemies":"Large Slime","floor":12.0,"turns":7.0},{"damage":3.0,"enemies":"Hexaghost","floor":16.0,"turns":8.0},{"damage":6.0,"enemies":"3 Byrds","floor":18.0,"turns":2.0},{"damage":4.0,"enemies":"Chosen","floor":19.0,"turns":5.0},{"damage":6.0,"enemies":"Snake Plant","floor":20.0,"turns":5.0},{"damage":4.0,"enemies":"Gremlin Leader","floor":25.0,"turns":4.0},{"damage":26.0,"enemies":"Slavers","floor":28.0,"turns":4.0},{"damage":12.0,"enemies":"Book of Stabbing","floor":30.0,"turns":4.0},{"damage":23.0,"enemies":"Collector","floor":33.0,"turns":8.0},{"damage":3.0,"enemies":"3 Shapes","floor":35.0,"turns":4.0},{"damage":4,"enemies":"3 Darklings","floor":36,"turns":4},{"damage":0,"enemies":"Jaw Worm Horde","floor":37,"turns":5},{"damage":66,"enemies":"2 Orb Walkers","floor":38,"turns":7},{"damage":0,"enemies":"Mind Bloom Boss Battle","floor":41,"turns":7},{"damage":13,"enemies":"Writhing Mass","floor":46,"turns":5},{"damage":28,"enemies":"Spire Growth","floor":48,"turns":6},{"damage":25,"enemies":"Donu and Deca","floor":50,"turns":7},{"damage":28,"enemies":"Shield and Spear","floor":54,"turns":6},{"damage":69,"enemies":"The Heart","floor":55,"turns":9}],"seed_played":"-4639698702186040630","potions_obtained":[{"floor":1.0,"key":"Regen Potion"},{"floor":4.0,"key":"PowerPotion"},{"floor":16.0,"key":"EssenceOfSteel"},{"floor":19.0,"key":"SkillPotion"},{"floor":28.0,"key":"FearPotion"},{"floor":33.0,"key":"EssenceOfSteel"}],"is_trial":false,"path_per_floor":["M","M","$","M","$","R","E","R","T","M","T","M","R","$","R","B",null,"M","M","M","$","?","?","R","E","T","$","E","R","E","$","R","B",null,"M","M","M","?","?","R","?","?","T","R","$","M","?","M","R","B",null,"R","$","E","B",null],"character_chosen":"IRONCLAD","items_purchased":["Corruption","Flame Barrier","Feel No Pain","Warcry","Metallicize","Self Forming Clay"],"campfire_rested":2,"item_purchase_floors":[5,5,21,27,31,45],"current_hp_per_floor":[72,71,71,60,60,60,38,38,38,43,43,33,33,33,33,51,67,67,69,69,69,69,69,72,72,72,72,52,52,46,46,46,29,61,70,72,81,21,21,45,51,71,71,71,71,64,64,42,42,23,67,67,67,45,10],"gold":45,"neow_bonus":"TRANSFORM_TWO_CARDS","is_prod":false,"is_daily":false,"chose_seed":false,"campfire_upgraded":7,"win_rate":0,"timestamp":1553423822,"path_taken":["M","M","$","M","$","R","E","R","T","M","?","M","R","?","R","BOSS","M","M","M","$","?","?","R","E","T","$","E","R","E","?","R","BOSS","M","M","M","?","?","R","?","?","T","R","$","M","?","M","R","BOSS","R","$","E","BOSS"],"build_version":"2019-01-23","purchased_purges":2,"victory":true,"max_hp_per_floor":[72,72,72,72,72,72,72,72,72,72,72,72,72,72,72,72,72,72,72,72,72,72,72,72,72,72,72,72,72,72,72,72,72,72,78,78,81,81,81,81,81,81,81,81,81,81,81,81,81,81,81,81,81,81,84],"card_choices":[{"not_picked":["Flex","Iron Wave"],"picked":"Uppercut","floor":1.0},{"not_picked":["Evolve","Warcry"],"picked":"Spot Weakness","floor":2.0},{"not_picked":["Clash","Perfected Strike","Cleave"],"picked":"SKIP","floor":4.0},{"not_picked":["Flex","Blood for Blood","Sword Boomerang"],"picked":"SKIP","floor":7.0},{"not_picked":["Body Slam","Dual Wield"],"picked":"Dark Embrace","floor":10.0},{"not_picked":["Cleave","Sever Soul"],"picked":"Intimidate","floor":12.0},{"not_picked":["Dark Embrace","Impervious"],"picked":"Immolate","floor":16.0},{"not_picked":["Iron Wave","Sever Soul","Clothesline"],"picked":"SKIP","floor":18.0},{"not_picked":["Clash","Pummel","Perfected Strike"],"picked":"SKIP","floor":19.0},{"not_picked":["Dropkick","Clothesline","Perfected Strike"],"picked":"SKIP","floor":20.0},{"not_picked":["Anger","Berserk"],"picked":"Havoc","floor":25.0},{"not_picked":["Hemokinesis","Anger","Pommel Strike"],"picked":"SKIP","floor":28.0},{"not_picked":["Warcry","Iron Wave","True Grit"],"picked":"SKIP","floor":30.0},{"not_picked":["Impervious","Bludgeon"],"picked":"Feed","floor":33.0},{"not_picked":["Shrug It Off","Twin Strike","Dual Wield"],"picked":"SKIP","floor":35},{"not_picked":["Clothesline","Headbutt+1","Warcry"],"picked":"SKIP","floor":36},{"not_picked":["Whirlwind","Flame Barrier"],"picked":"Warcry+1","floor":37},{"not_picked":["Warcry","Clash+1","Sword Boomerang"],"picked":"SKIP","floor":46},{"not_picked":["Combust","True Grit","Armaments"],"picked":"SKIP","floor":46},{"not_picked":["Sword Boomerang+1","Armaments"],"picked":"Metallicize","floor":48},{"not_picked":["Dark Embrace","Armaments"],"picked":"Spot Weakness","floor":48},{"not_picked":["Dual Wield+1","Flex","Heavy Blade"],"picked":"SKIP","floor":54}],"player_experience":458633,"relics_obtained":[{"floor":7.0,"key":"Dead Branch"},{"floor":9.0,"key":"Pocketwatch"},{"floor":11.0,"key":"Bottled Lightning"},{"floor":25.0,"key":"Whetstone"},{"floor":26.0,"key":"Juzu Bracelet"},{"floor":28.0,"key":"Shuriken"},{"floor":30.0,"key":"Oddly Smooth Stone"},{"floor":38,"key":"Prayer Wheel"},{"floor":41,"key":"Peace Pipe"},{"floor":54,"key":"Pantograph"}],"event_choices":[{"cards_removed":["Strike_R"],"damage_healed":0.0,"max_hp_gain":0.0,"max_hp_loss":0.0,"gold_gain":0.0,"event_name":"Beggar","player_choice":"Gave Gold","floor":22.0,"gold_loss":75.0,"damage_taken":0.0},{"damage_healed":0.0,"max_hp_gain":0.0,"max_hp_loss":0.0,"gold_gain":0.0,"event_name":"Addict","player_choice":"Stole Relic","floor":23.0,"gold_loss":0.0,"damage_taken":0.0,"relics_obtained":["War Paint"],"cards_obtained":["Shame"]},{"damage_healed":0,"gold_gain":0,"player_choice":"Fight","damage_taken":0,"max_hp_gain":0,"max_hp_loss":0,"event_name":"Mysterious Sphere","floor":38,"gold_loss":0},{"damage_healed":0,"gold_gain":100,"player_choice":"Pray","damage_taken":0,"max_hp_gain":0,"max_hp_loss":0,"event_name":"Golden Shrine","floor":39,"gold_loss":0},{"damage_healed":0,"gold_gain":0,"player_choice":"Fight","damage_taken":0,"max_hp_gain":0,"max_hp_loss":0,"event_name":"MindBloom","floor":41,"gold_loss":0},{"damage_healed":20,"gold_gain":0,"player_choice":"Writhe","damage_taken":0,"max_hp_gain":0,"max_hp_loss":0,"event_name":"Winding Halls","floor":42,"gold_loss":0,"cards_obtained":["Writhe"]},{"damage_healed":0,"gold_gain":0,"player_choice":"Paid","damage_taken":0,"relics_obtained":["Red Mask"],"max_hp_gain":0,"max_hp_loss":0,"event_name":"Tomb of Lord Red Mask","floor":47,"gold_loss":135}],"is_beta":false,"boss_relics":[{"not_picked":["Tiny House","White Beast Statue"],"picked":"Lizard Tail"},{"not_picked":["Runic Cube","Mark of Pain"],"picked":"Sozu"}],"items_purged_floors":[14,45],"is_endless":false,"potions_floor_spawned":[1,4,16,19,28,33,36,37,46,48,54],"ascension_level":13}