{"gold_per_floor":[113,11,26,45,45,45,62,62,62,62,62,82,92,122,122,226,226,242,252,252],"floor_reached":20,"playtime":1064,"items_purged":[],"score":255,"play_id":"185a6b12-c11d-44c3-9300-ef33c9ef6ad7","local_time":"20190307072250","is_ascension_mode":true,"campfire_choices":[{"data":"Clothesline","floor":6,"key":"SMITH"},{"data":"Bash","floor":8,"key":"SMITH"},{"data":"Inflame","floor":10,"key":"SMITH"},{"data":"Corruption","floor":15,"key":"SMITH"}],"neow_cost":"NONE","seed_source_timestamp":312688188412,"circlet_count":0,"master_deck":["Strike_R","Strike_R","Strike_R","Strike_R","Strike_R","Defend_R","Defend_R","Defend_R","Defend_R","Bash+1","Corruption+1","Inflame+1","Battle Trance","Clothesline+1","Perfected Strike","Limit Break","Fire Breathing","True Grit","Feed"],"relics":["Burning Blood","Du-Vu Doll","Letter Opener","StoneCalendar","Busted Crown"],"potions_floor_usage":[16,18,20,20],"damage_taken":[{"damage":6,"enemies":"Cultist","floor":1,"turns":3},{"damage":8,"enemies":"2 Louse","floor":3,"turns":3},{"damage":2,"enemies":"Jaw Worm","floor":4,"turns":4},{"damage":7,"enemies":"Looter","floor":7,"turns":5},{"damage":12,"enemies":"Blue Slaver","floor":12,"turns":3},{"damage":14,"enemies":"3 Louse","floor":13,"turns":4},{"damage":25,"enemies":"3 Sentries","floor":14,"turns":7},{"damage":43,"enemies":"Hexaghost","floor":16,"turns":8},{"damage":23,"enemies":"2 Thieves","floor":18,"turns":4},{"damage":27,"enemies":"Spheric Guardian","floor":19,"turns":4},{"damage":48,"enemies":"Masked Bandits","floor":20,"turns":3}],"seed_played":"4048607827004667445","potions_obtained":[{"floor":1,"key":"Energy Potion"},{"floor":13,"key":"Explosive Potion"},{"floor":14,"key":"Swift Potion"},{"floor":16,"key":"SteroidPotion"},{"floor":19,"key":"Weak Potion"}],"is_trial":false,"path_per_floor":["M","$","M","M","?","R","M","R","T","R","$","M","M","E","R","B",null,"M","M","?"],"character_chosen":"IRONCLAD","items_purchased":["Inflame","Battle Trance"],"campfire_rested":0,"item_purchase_floors":[2,2],"current_hp_per_floor":[80,80,78,82,82,82,81,81,81,81,81,75,67,48,48,11,69,52,31,0],"gold":252,"neow_bonus":"TEN_PERCENT_HP_BONUS","is_prod":false,"is_daily":false,"chose_seed":false,"campfire_upgraded":4,"win_rate":0,"timestamp":1551939770,"path_taken":["M","?","?","M","?","R","?","R","T","R","?","M","M","E","R","BOSS","M","M","?"],"build_version":"2019-01-23","purchased_purges":0,"victory":false,"max_hp_per_floor":[88,88,88,88,88,88,88,88,88,88,88,88,88,88,88,88,88,88,88,91],"card_choices":[{"not_picked":["Dropkick","Havoc"],"picked":"Corruption","floor":1},{"not_picked":["Havoc","Body Slam"],"picked":"Clothesline","floor":3},{"not_picked":["Twin Strike","Dual Wield","Sword Boomerang"],"picked":"SKIP","floor":4},{"not_picked":["Pommel Strike","Cleave"],"picked":"Perfected Strike","floor":7},{"not_picked":["Bloodletting","Cleave"],"picked":"Limit Break","floor":12},{"not_picked":["Hemokinesis","Second Wind"],"picked":"Fire Breathing","floor":13},{"not_picked":["Warcry","Heavy Blade"],"picked":"True Grit","floor":14},{"not_picked":["Berserk","Limit Break"],"picked":"Feed","floor":16},{"not_picked":["Clash"],"picked":"SKIP","floor":18},{"not_picked":["Wild Strike"],"picked":"SKIP","floor":19}],"player_experience":328823,"relics_obtained":[{"floor":9,"key":"Letter Opener"},{"floor":14,"key":"StoneCalendar"}],"event_choices":[{"damage_healed":0,"gold_gain":0,"player_choice":"Gave Potion","damage_taken":0,"relics_obtained":["Du-Vu Doll"],"max_hp_gain":0,"max_hp_loss":0,"event_name":"WeMeetAgain","floor":5,"gold_loss":0},{"damage_healed":0,"gold_gain":0,"player_choice":"Fought Bandits","damage_taken":0,"max_hp_gain":0,"max_hp_loss":0,"event_name":"Masked Bandits","floor":20,"gold_loss":0}],"is_beta":false,"boss_relics":[{"not_picked":["Runic Dome","Ectoplasm"],"picked":"Busted Crown"}],"items_purged_floors":[],"is_endless":false,"potions_floor_spawned":[1,13,14,16,19],"killed_by":"Masked Bandits","ascension_level":9}