{"gold_per_floor":[119,119,119,142,112,112,147,147,147,178,195,195,213,243,243,338,338,348,374,374,374,374,374,408,408,438,450,484,494,404,423,423,525,525,542,561,41,52,69,98,98,149,149,64,77,77,77],"floor_reached":47,"playtime":3983,"items_purged":[],"score":585,"play_id":"ca0a0d5d-4a7d-4ca4-a290-d4c38e90e37b","local_time":"20190718135803","is_ascension_mode":true,"campfire_choices":[{"data":"Pommel Strike","floor":6,"key":"SMITH"},{"data":"Armaments","floor":8,"key":"SMITH"},{"floor":12,"key":"REST"},{"floor":15,"key":"REST"},{"data":"Juggernaut","floor":23,"key":"SMITH"},{"data":"Reaper","floor":25,"key":"SMITH"},{"floor":32,"key":"REST"},{"floor":41,"key":"REST"}],"neow_cost":"CURSE","seed_source_timestamp":722689004021785,"circlet_count":0,"master_deck":["Defend_R","Defend_R","Defend_R","Defend_R","Bloodletting","Metallicize","Pommel Strike+1","Armaments+1","Flex","Juggernaut+1","Intimidate","Searing Blow","Ghostly Armor","Ghostly Armor","Reaper+1","Shockwave","Anger","Iron Wave+1","Battle Trance","Disarm","Shrug It Off+1","Infernal Blade","Rage+1","Dual Wield+1","Sword Boomerang+1","Anger","Double Tap","Whirlwind+1","True Grit+1","Reckless Charge+1","Pommel Strike+1","Shrug It Off","Flex+1","Ghostly Armor+1","Shockwave+1","Armaments","Infernal Blade","Wild Strike+1","Shrug It Off+1","Finesse","Cleave+1","True Grit+1"],"relics":["Burning Blood","Anchor","Bottled Lightning","Letter Opener","Prayer Wheel","Bottled Tornado","Eternal Feather","Red Mask","Shuriken","Matryoshka","Tiny Chest","Bag of Preparation","Bottled Flame","Astrolabe","Nunchaku","Strange Spoon","Boot","Meat on the Bone","Blood Vial","Lantern"],"potions_floor_usage":[7,14,24,24,24,28,29,31,38,39,40,40],"damage_taken":[{"damage":18,"enemies":"Jaw Worm","floor":1,"turns":5},{"damage":43,"enemies":"Lagavulin","floor":7,"turns":7},{"damage":16,"enemies":"3 Sentries","floor":10,"turns":9},{"damage":0,"enemies":"Cultist","floor":11,"turns":3},{"damage":0,"enemies":"2 Louse","floor":13,"turns":2},{"damage":17,"enemies":"Lagavulin","floor":14,"turns":6},{"damage":12,"enemies":"Hexaghost","floor":16,"turns":10},{"damage":20,"enemies":"Chosen","floor":18,"turns":6},{"damage":53,"enemies":"Masked Bandits","floor":19,"turns":5},{"damage":46,"enemies":"Slavers","floor":24,"turns":5},{"damage":11,"enemies":"Shell Parasite","floor":27,"turns":5},{"damage":6,"enemies":"Book of Stabbing","floor":28,"turns":6},{"damage":17,"enemies":"Cultist and Chosen","floor":29,"turns":5},{"damage":38,"enemies":"3 Cultists","floor":31,"turns":6},{"damage":58,"enemies":"Champ","floor":33,"turns":11},{"damage":28,"enemies":"3 Darklings","floor":35,"turns":7},{"damage":3,"enemies":"3 Shapes","floor":36,"turns":4},{"damage":47,"enemies":"Jaw Worm Horde","floor":38,"turns":4},{"damage":3,"enemies":"4 Shapes","floor":39,"turns":4},{"damage":44,"enemies":"Nemesis","floor":40,"turns":9},{"damage":46,"enemies":"Transient","floor":45,"turns":5},{"damage":62,"enemies":"Giant Head","floor":47,"turns":8}],"seed_played":"-3200754410169328489","potions_obtained":[{"floor":1,"key":"Dexterity Potion"},{"floor":5,"key":"SteroidPotion"},{"floor":5,"key":"AttackPotion"},{"floor":14,"key":"BloodPotion"},{"floor":16,"key":"SpeedPotion"},{"floor":19,"key":"LiquidBronze"},{"floor":24,"key":"GamblersBrew"},{"floor":27,"key":"Block Potion"},{"floor":28,"key":"Energy Potion"},{"floor":33,"key":"Weak Potion"},{"floor":35,"key":"AttackPotion"},{"floor":38,"key":"SkillPotion"},{"floor":39,"key":"Swift Potion"}],"is_trial":false,"path_per_floor":["M","?","$","T","?","R","E","R","T","E","M","R","M","E","R","B",null,"M","?","?","?","?","R","E","R","T","M","E","M","?","M","R","B",null,"M","M","$","M","M","E","R","T","T","$","M","$","E"],"character_chosen":"IRONCLAD","items_purchased":["Nunchaku","Strange Spoon","Finesse"],"campfire_rested":4,"item_purchase_floors":[37,37,44],"current_hp_per_floor":[68,68,68,68,68,68,31,31,31,21,27,51,57,46,70,64,80,72,33,33,33,59,71,75,80,80,75,80,72,72,52,80,28,80,76,79,79,42,45,16,61,61,61,61,35,35,0],"gold":77,"neow_bonus":"TRANSFORM_TWO_CARDS","is_prod":false,"is_daily":false,"chose_seed":false,"campfire_upgraded":4,"win_rate":0,"timestamp":1563472683,"path_taken":["M","?","$","?","?","R","E","R","T","E","M","R","?","E","R","BOSS","M","?","?","?","?","R","E","R","T","M","E","M","?","M","R","BOSS","M","M","$","M","M","E","R","?","T","$","M","$","E"],"build_version":"2019-07-17","purchased_purges":0,"victory":false,"max_hp_per_floor":[80,80,80,80,80,80,80,80,80,80,80,80,80,80,80,80,80,80,80,80,80,80,80,80,80,80,80,80,80,80,80,80,80,80,80,80,80,80,80,80,80,80,80,80,80,80,80],"card_choices":[{"not_picked":["Havoc","Flex"],"picked":"Pommel Strike","floor":1},{"not_picked":["Havoc","Shrug It Off"],"picked":"Armaments","floor":7},{"not_picked":["Dropkick","Havoc"],"picked":"Flex","floor":10},{"not_picked":["Clothesline","Iron Wave"],"picked":"Juggernaut","floor":11},{"not_picked":["Uppercut","Twin Strike"],"picked":"Intimidate","floor":11},{"not_picked":["Bloodletting","Second Wind"],"picked":"Searing Blow","floor":13},{"not_picked":["Shrug It Off","Heavy Blade"],"picked":"Ghostly Armor","floor":13},{"not_picked":["Headbutt","Anger"],"picked":"Ghostly Armor","floor":14},{"not_picked":["Feed","Exhume"],"picked":"Reaper","floor":16},{"not_picked":["Flex","Entrench"],"picked":"Shockwave","floor":18},{"not_picked":["Rage","Headbutt"],"picked":"Anger","floor":18},{"not_picked":["Twin Strike+1","Rage"],"picked":"Iron Wave+1","floor":19},{"not_picked":["Pommel Strike","Spot Weakness"],"picked":"Battle Trance","floor":24},{"not_picked":["Evolve","True Grit"],"picked":"Disarm","floor":27},{"not_picked":["Searing Blow","Pommel Strike"],"picked":"Shrug It Off+1","floor":27},{"not_picked":["Clash","Impervious"],"picked":"Infernal Blade","floor":28},{"not_picked":["Pommel Strike","Carnage"],"picked":"Rage+1","floor":29},{"not_picked":["Perfected Strike","Headbutt"],"picked":"Dual Wield+1","floor":29},{"not_picked":["Uppercut","Sever Soul"],"picked":"Sword Boomerang+1","floor":31},{"not_picked":["Sever Soul+1","Twin Strike"],"picked":"Anger","floor":31},{"not_picked":["Offering","Fiend Fire"],"picked":"Double Tap","floor":33},{"not_picked":["Headbutt+1","Body Slam"],"picked":"Pommel Strike+1","floor":35},{"not_picked":["Armaments","Headbutt+1"],"picked":"Shrug It Off","floor":35},{"not_picked":["Heavy Blade","Uppercut+1"],"picked":"Flex+1","floor":36},{"not_picked":["Pommel Strike","Anger+1"],"picked":"Ghostly Armor+1","floor":36},{"not_picked":["Feel No Pain","Pommel Strike"],"picked":"Shockwave+1","floor":38},{"not_picked":["Pummel+1","Limit Break"],"picked":"Armaments","floor":38},{"not_picked":["Headbutt+1","Clothesline"],"picked":"Infernal Blade","floor":39},{"not_picked":["True Grit","Dark Embrace"],"picked":"Wild Strike+1","floor":39},{"not_picked":["Clash+1","Dropkick+1"],"picked":"Shrug It Off+1","floor":40},{"not_picked":["Reckless Charge","Intimidate"],"picked":"Cleave+1","floor":45},{"not_picked":["Pommel Strike","Evolve"],"picked":"True Grit+1","floor":45}],"player_experience":150103,"relics_obtained":[{"floor":4,"key":"Anchor"},{"floor":7,"key":"Bottled Lightning"},{"floor":9,"key":"Letter Opener"},{"floor":10,"key":"Prayer Wheel"},{"floor":14,"key":"Bottled Tornado"},{"floor":19,"key":"Red Mask"},{"floor":24,"key":"Matryoshka"},{"floor":26,"key":"Tiny Chest"},{"floor":26,"key":"Bag of Preparation"},{"floor":28,"key":"Bottled Flame"},{"floor":40,"key":"Boot"},{"floor":42,"key":"Meat on the Bone"},{"floor":42,"key":"Blood Vial"},{"floor":43,"key":"Lantern"}],"event_choices":[{"cards_removed":["Pain"],"damage_healed":0,"gold_gain":0,"player_choice":"Card Removal","damage_taken":0,"max_hp_gain":0,"max_hp_loss":0,"event_name":"Wheel of Change","floor":2,"gold_loss":0},{"damage_healed":0,"gold_gain":0,"player_choice":"Bought 2 Potions","damage_taken":0,"max_hp_gain":0,"max_hp_loss":0,"event_name":"The Woman in Blue","floor":5,"gold_loss":0},{"damage_healed":0,"gold_gain":0,"player_choice":"Fought Bandits","damage_taken":0,"max_hp_gain":0,"max_hp_loss":0,"event_name":"Masked Bandits","floor":19,"gold_loss":0},{"damage_healed":0,"gold_gain":0,"player_choice":"Ignored","damage_taken":0,"max_hp_gain":0,"max_hp_loss":0,"event_name":"Ghosts","floor":20,"gold_loss":0},{"damage_healed":0,"gold_gain":0,"player_choice":"Opened","damage_taken":0,"relics_obtained":["Shuriken"],"max_hp_gain":0,"max_hp_loss":0,"event_name":"The Mausoleum","floor":21,"gold_loss":0},{"damage_healed":26,"gold_gain":0,"player_choice":"Heal","damage_taken":0,"max_hp_gain":0,"max_hp_loss":0,"event_name":"The Library","floor":22,"gold_loss":0},{"cards_removed":["Strike_R"],"damage_healed":0,"gold_gain":0,"player_choice":"Upgrade and Remove","damage_taken":0,"max_hp_gain":0,"max_hp_loss":0,"event_name":"Designer","floor":30,"gold_loss":90,"cards_upgraded":["Strike_R"]}],"is_beta":false,"boss_relics":[{"not_picked":["Orrery","Runic Dome"],"picked":"Eternal Feather"},{"not_picked":["Lizard Tail","Tiny House"],"picked":"Astrolabe"}],"items_purged_floors":[],"is_endless":false,"potions_floor_spawned":[1,14,16,19,24,27,28,33,35,38,39],"killed_by":"Giant Head","ascension_level":2}