{"path_per_floor":["M","?","M","?","M","R","E","R","T","M","?","E","M","?","R","B",null,"M","M","?","M","M","R"],"character_chosen":"DEFECT","items_purchased":[],"gold_per_floor":[109,109,124,124,134,134,161,161,161,179,179,205,225,225,225,299,299,317,336,336,347,360,360,360],"floor_reached":24,"campfire_rested":3,"playtime":1785,"current_hp_per_floor":[62,41,39,4,9,30,14,35,35,29,71,63,58,63,63,24,63,60,49,49,30,9,31,0],"items_purged":[],"gold":360,"score":364,"play_id":"54a9e7c0-e271-4de7-b8e7-d8023da97bfc","local_time":"20180509132255","is_prod":false,"is_daily":false,"chose_seed":false,"is_ascension_mode":true,"campfire_upgraded":1,"timestamp":1525897375,"path_taken":["M","?","M","?","M","R","E","R","T","M","?","E","?","?","R","BOSS","M","M","?","M","M","R","E"],"build_version":"2018-05-08","seed_source_timestamp":353999780281623,"purchased_purges":0,"victory":false,"master_deck":["Defend_B","Defend_B","Defend_B+1","Zap+1","Dualcast+1","AscendersBane","Defragment","Beam Cell","Hologram","Doom and Gloom","Scrape","Conserve Battery","Creative AI","Heatsinks+1","All For One+1","Reinforced Body+1","Axe Kick","Capacitor","Consume","Streamline+1"],"max_hp_per_floor":[71,71,71,71,71,71,71,71,71,71,71,71,71,76,76,76,76,76,76,76,76,76,76,76],"relics":["Cracked Core","Sundial","Matryoshka","Omamori","Gremlin Horn","Shuriken","Astrolabe"],"card_choices":[{"not_picked":["Doom and Gloom","Beam Cell"],"picked":"Defragment","floor":1.0},{"not_picked":["Skim","Coolheaded"],"picked":"Redo","floor":3.0},{"not_picked":["Aggregate","Skim"],"picked":"Beam Cell","floor":5.0},{"not_picked":["Melter","Reprogram"],"picked":"Hologram","floor":7.0},{"not_picked":["Coolheaded","Streamline"],"picked":"Doom and Gloom","floor":10.0},{"not_picked":["Turbo","Barrage"],"picked":"Scrape","floor":12},{"not_picked":["Scrape","Hologram"],"picked":"Conserve Battery","floor":13},{"not_picked":["Fission","Amplify"],"picked":"Creative AI","floor":16},{"not_picked":["Beam Cell","Conserve Battery"],"picked":"Axe Kick","floor":18},{"not_picked":["Static Discharge","Axe Kick"],"picked":"Capacitor","floor":19},{"not_picked":["Streamline","Aggregate"],"picked":"Consume","floor":21},{"not_picked":["Impulse","Stack"],"picked":"Streamline","floor":22}],"player_experience":629200,"potions_floor_usage":[18,18],"damage_taken":[{"damage":2.0,"enemies":"Jaw Worm","floor":1.0,"turns":3.0},{"damage":2.0,"enemies":"Small Slimes","floor":3.0,"turns":3.0},{"damage":1.0,"enemies":"Cultist","floor":5.0,"turns":3.0},{"damage":16.0,"enemies":"Lagavulin","floor":7.0,"turns":6.0},{"damage":6.0,"enemies":"Blue Slaver","floor":10.0,"turns":4.0},{"damage":8,"enemies":"Gremlin Nob","floor":12,"turns":3},{"damage":5,"enemies":"Large Slime","floor":13,"turns":3},{"damage":39,"enemies":"The Guardian","floor":16,"turns":9},{"damage":3,"enemies":"3 Byrds","floor":18,"turns":3},{"damage":11,"enemies":"Shell Parasite","floor":19,"turns":5},{"damage":19,"enemies":"Snecko","floor":21,"turns":4},{"damage":21,"enemies":"Sentry and Sphere","floor":22,"turns":5},{"damage":32,"enemies":"Gremlin Leader","floor":24,"turns":4}],"event_choices":[{"event_name":"Shining Light","player_choice":"Entered Light","floor":2.0,"damage_taken":0.0},{"event_name":"Scrap Ooze","player_choice":"success","floor":4.0,"damage_taken":35.0},{"event_name":"Bonfire Elementals","player_choice":"UNCOMMON","floor":11.0,"damage_taken":0.0},{"event_name":"Big Fish","player_choice":"Donut","floor":14,"damage_taken":0},{"event_name":"Back to Basics","player_choice":"Elegance","floor":20,"damage_taken":0}],"boss_relics":[{"not_picked":["Tiny House","Pandora\u0027s Box"],"picked":"Astrolabe"}],"potions_floor_spawned":[1,3,10,16,19,21],"seed_played":"-7816997881487000957","killed_by":"Gremlin Leader","ascension_level":15,"is_trial":false}