{"gold_per_floor":[109,74,85,85,5,5,25,40,94,144,157,170,170,182,182,254,254,272,283,283,283,295,295,295,295,344,344,355,378,85,98,98,98],"floor_reached":33,"playtime":1301,"items_purged":[],"score":454,"play_id":"14fc3c6a-be40-40c7-a479-2c671ff09f16","local_time":"20190407122832","is_ascension_mode":true,"campfire_choices":[{"data":"Bash","floor":6.0,"key":"SMITH"},{"data":"Shockwave","floor":13.0,"key":"SMITH"},{"data":"Battle Trance","floor":15.0,"key":"SMITH"},{"data":"Berserk","floor":23,"key":"SMITH"},{"data":"Inflame","floor":25,"key":"SMITH"},{"data":"Immolate","floor":27,"key":"SMITH"},{"floor":32,"key":"REST"}],"neow_cost":"NONE","seed_source_timestamp":0,"circlet_count":0,"master_deck":["AscendersBane","Strike_R+1","Strike_R+1","Strike_R+1","Strike_R+1","Defend_R+1","Defend_R+1","Defend_R+1","Defend_R+1","Bash+1","Havoc","Anger","Immolate+1","Inflame+1","Shockwave+1","Berserk+1","Shrug It Off","Battle Trance+1","Immolate","Warcry","RitualDagger","Shrug It Off","Havoc"],"special_seed":0,"relics":["Burning Blood","Bag of Marbles","Snecko Eye","Orichalcum","Ancient Tea Set","Membership Card","Art of War"],"potions_floor_usage":[19,33],"damage_taken":[{"damage":12.0,"enemies":"Jaw Worm","floor":1.0,"turns":2.0},{"damage":3.0,"enemies":"2 Louse","floor":3.0,"turns":4.0},{"damage":6.0,"enemies":"Cultist","floor":7.0,"turns":3.0},{"damage":15.0,"enemies":"Gremlin Gang","floor":8.0,"turns":2.0},{"damage":11.0,"enemies":"Blue Slaver","floor":11.0,"turns":3.0},{"damage":17.0,"enemies":"Lots of Slimes","floor":12.0,"turns":3.0},{"damage":0.0,"enemies":"2 Fungi Beasts","floor":14.0,"turns":2.0},{"damage":60.0,"enemies":"Slime Boss","floor":16.0,"turns":7.0},{"damage":22,"enemies":"2 Thieves","floor":18,"turns":2},{"damage":6,"enemies":"Chosen","floor":19,"turns":4},{"damage":12,"enemies":"3 Cultists","floor":22,"turns":3},{"damage":30,"enemies":"Snake Plant","floor":28,"turns":3},{"damage":0,"enemies":"Chosen and Byrds","floor":31,"turns":3},{"damage":89,"enemies":"Automaton","floor":33,"turns":6}],"seed_played":"-1670295321795092128","potions_obtained":[{"floor":3.0,"key":"Regen Potion"},{"floor":11.0,"key":"Dexterity Potion"},{"floor":14.0,"key":"Explosive Potion"},{"floor":22,"key":"Poison Potion"},{"floor":28,"key":"Fire Potion"}],"is_trial":false,"path_per_floor":["M","?","M","?","$","R","M","M","T","?","M","M","R","M","R","B",null,"M","M","?","?","M","R","?","R","T","R","M","T","$","M","R","B"],"character_chosen":"IRONCLAD","items_purchased":["Inflame","Membership Card","Art of War"],"campfire_rested":1,"item_purchase_floors":[5,30,30],"current_hp_per_floor":[69,82,82,82,82,82,82,73,73,73,68,57,57,63,63,9,64,48,48,48,42,36,36,52,52,52,52,28,28,28,34,58,0],"gold":98,"neow_bonus":"TEN_PERCENT_HP_BONUS","is_prod":false,"is_daily":false,"chose_seed":false,"campfire_upgraded":6,"win_rate":0,"timestamp":1554632912,"path_taken":["M","?","M","?","$","R","?","?","T","?","M","M","R","M","R","BOSS","M","?","?","?","M","R","?","R","T","R","M","?","?","M","R","BOSS"],"build_version":"2019-01-23","purchased_purges":0,"victory":false,"max_hp_per_floor":[82,82,82,82,82,82,82,82,82,82,82,82,82,82,82,82,82,82,82,82,82,82,82,82,82,82,82,82,82,82,82,82,82],"card_choices":[{"not_picked":["Clash","Warcry"],"picked":"Havoc","floor":1.0},{"not_picked":["Perfected Strike","Havoc"],"picked":"Anger","floor":3.0},{"not_picked":["Power Through","Rage"],"picked":"Shockwave","floor":7.0},{"not_picked":["Uppercut","Headbutt"],"picked":"Berserk","floor":8.0},{"not_picked":["Wild Strike","Body Slam"],"picked":"Shrug It Off","floor":11.0},{"not_picked":["Armaments","Headbutt"],"picked":"Battle Trance","floor":12.0},{"not_picked":["Fire Breathing","Second Wind","Iron Wave"],"picked":"SKIP","floor":14.0},{"not_picked":["Offering","Juggernaut"],"picked":"Immolate","floor":16.0},{"not_picked":["Thunderclap+1","True Grit"],"picked":"Warcry","floor":18},{"not_picked":["Disarm","Body Slam","True Grit"],"picked":"SKIP","floor":19},{"not_picked":["Body Slam","True Grit"],"picked":"Shrug It Off","floor":22},{"not_picked":["Iron Wave","Anger"],"picked":"Havoc","floor":28},{"not_picked":["Carnage","Dropkick+1","Sentinel"],"picked":"SKIP","floor":31}],"player_experience":566078,"relics_obtained":[{"floor":9.0,"key":"Bag of Marbles"},{"floor":26,"key":"Orichalcum"},{"floor":29,"key":"Ancient Tea Set"}],"event_choices":[{"damage_healed":20.0,"max_hp_gain":0.0,"max_hp_loss":0.0,"gold_gain":0.0,"event_name":"The Cleric","player_choice":"Healed","floor":2.0,"gold_loss":35.0,"damage_taken":0.0},{"damage_healed":0.0,"max_hp_gain":0.0,"max_hp_loss":0.0,"gold_gain":0.0,"cards_transformed":["Strike_R"],"event_name":"Transmorgrifier","player_choice":"Transformed","floor":4.0,"gold_loss":0.0,"damage_taken":0.0,"cards_obtained":["Immolate"]},{"damage_healed":0.0,"max_hp_gain":0.0,"max_hp_loss":0.0,"gold_gain":50.0,"event_name":"Golden Shrine","player_choice":"Pray","floor":10.0,"gold_loss":0.0,"damage_taken":0.0},{"damage_healed":0,"gold_gain":0,"player_choice":"Simplicity","damage_taken":0,"max_hp_gain":0,"max_hp_loss":0,"event_name":"Back to Basics","floor":20,"gold_loss":0,"cards_upgraded":["Strike_R","Strike_R","Strike_R","Strike_R","Defend_R","Defend_R","Defend_R","Defend_R"]},{"damage_healed":0,"gold_gain":0,"player_choice":"Joined the Cult","damage_taken":6,"max_hp_gain":0,"max_hp_loss":0,"event_name":"Nest","floor":21,"gold_loss":0,"cards_obtained":["RitualDagger"]},{"damage_healed":16,"gold_gain":0,"player_choice":"Heal","damage_taken":0,"max_hp_gain":0,"max_hp_loss":0,"event_name":"The Library","floor":24,"gold_loss":0}],"is_beta":false,"boss_relics":[{"not_picked":["Lizard Tail","Astrolabe"],"picked":"Snecko Eye"}],"items_purged_floors":[],"is_endless":false,"potions_floor_spawned":[3,11,12,14,22,28],"killed_by":"Automaton","ascension_level":18}