{"gold_per_floor":[14,14,30,30,30,30,55,55,81,114,289,289,310,345,345,345],"floor_reached":16,"playtime":1642,"items_purged":[],"score":113,"play_id":"13b470d0-3f7d-424c-839f-cf42da3beb9a","local_time":"20190723171119","is_ascension_mode":true,"campfire_choices":[{"floor":6,"key":"REST"},{"data":"Infinite Blades","floor":8,"key":"SMITH"},{"floor":12,"key":"REST"},{"floor":15,"key":"REST"}],"neow_cost":"NO_GOLD","seed_source_timestamp":49958953937713,"circlet_count":0,"master_deck":["Strike_G","Strike_G","Strike_G","Defend_G","Defend_G+1","Defend_G+1","Defend_G","Survivor","Neutralize","Outmaneuver","Dash","Heel Hook","Infinite Blades+1","Deflect","Doubt","Accuracy","Burst"],"relics":["Ring of the Snake","Golden Idol","Anchor","Question Card","Pen Nib"],"potions_floor_usage":[14,16],"damage_taken":[{"damage":0,"enemies":"2 Louse","floor":1,"turns":3},{"damage":0,"enemies":"Jaw Worm","floor":3,"turns":8},{"damage":0,"enemies":"Small Slimes","floor":7,"turns":3},{"damage":20,"enemies":"3 Sentries","floor":10,"turns":11},{"damage":0,"enemies":"Looter","floor":13,"turns":4},{"damage":18,"enemies":"Gremlin Nob","floor":14,"turns":6},{"damage":74,"enemies":"Hexaghost","floor":16,"turns":14}],"seed_played":"2097299729258002909","potions_obtained":[{"floor":3,"key":"GhostInAJar"},{"floor":7,"key":"FairyPotion"},{"floor":13,"key":"SteroidPotion"}],"is_trial":false,"path_per_floor":["M","?","M","?","?","R","M","R","T","E","?","R","M","E","R","B"],"character_chosen":"THE_SILENT","items_purchased":[],"campfire_rested":3,"item_purchase_floors":[],"current_hp_per_floor":[70,53,53,53,39,60,60,60,60,40,40,61,61,43,64,0],"gold":345,"neow_bonus":"REMOVE_TWO","is_prod":false,"is_daily":false,"chose_seed":false,"campfire_upgraded":1,"win_rate":0,"timestamp":1563916279,"path_taken":["M","?","M","?","?","R","M","R","T","E","?","R","M","E","R","BOSS"],"build_version":"2019-07-17","purchased_purges":0,"victory":false,"max_hp_per_floor":[70,70,70,70,70,70,70,70,70,70,70,70,70,70,70,70],"card_choices":[{"not_picked":["Dodge and Roll","Catalyst"],"picked":"Outmaneuver","floor":1},{"not_picked":["Infinite Blades","Sucker Punch"],"picked":"Dash","floor":3},{"not_picked":["Leg Sweep","Expertise"],"picked":"Infinite Blades","floor":7},{"not_picked":["Underhanded Strike","Caltrops"],"picked":"Deflect","floor":10},{"not_picked":["Blade Dance","Cloak And Dagger","Caltrops"],"picked":"Accuracy","floor":13},{"not_picked":["Quick Slash","Noxious Fumes","Terror"],"picked":"Burst","floor":14}],"player_experience":171904,"relics_obtained":[{"floor":9,"key":"Anchor"},{"floor":10,"key":"Question Card"},{"floor":14,"key":"Pen Nib"}],"event_choices":[{"damage_healed":0,"gold_gain":0,"player_choice":"Take Damage","damage_taken":17,"relics_obtained":["Golden Idol"],"max_hp_gain":0,"max_hp_loss":0,"event_name":"Golden Idol","floor":2,"gold_loss":0},{"damage_healed":0,"gold_gain":0,"cards_transformed":["Strike_G"],"player_choice":"Change","damage_taken":0,"max_hp_gain":0,"max_hp_loss":0,"event_name":"Living Wall","floor":4,"gold_loss":0,"cards_obtained":["Heel Hook"]},{"damage_healed":0,"gold_gain":0,"player_choice":"Entered Light","damage_taken":14,"max_hp_gain":0,"max_hp_loss":0,"event_name":"Shining Light","floor":5,"gold_loss":0,"cards_upgraded":["Defend_G","Defend_G"]},{"damage_healed":0,"gold_gain":175,"player_choice":"AGREE","damage_taken":0,"max_hp_gain":0,"max_hp_loss":0,"event_name":"Liars Game","floor":11,"gold_loss":0,"cards_obtained":["Doubt"]}],"is_beta":false,"boss_relics":[],"items_purged_floors":[],"is_endless":false,"potions_floor_spawned":[3,7,13],"killed_by":"Hexaghost","ascension_level":1}