{"gold_per_floor":[117,136,136,136,154,182,182,202,202,213,223,223,236,263,275,392,404,430,357,93,110,127,127,54,54,108,108,0,0,16,42,42,142,142,159,259,270,283,298,298,308,328,355,80,97,97,116,127,127,127],"floor_reached":51,"playtime":7917,"items_purged":[],"score":675,"play_id":"b805dce6-0d2c-4053-a3d6-e8d3bbaf1210","local_time":"20190917221127","is_ascension_mode":false,"campfire_choices":[{"floor":7,"key":"REST"},{"data":"Shrug It Off","floor":12,"key":"SMITH"},{"floor":15,"key":"REST"},{"floor":23,"key":"REST"},{"floor":25,"key":"REST"},{"data":"Heavy Blade","floor":27,"key":"SMITH"},{"floor":32,"key":"REST"},{"floor":40,"key":"REST"},{"floor":46,"key":"REST"},{"data":"Perfected Strike","floor":49,"key":"SMITH"}],"neow_cost":"NONE","seed_source_timestamp":143501850980800,"circlet_count":0,"master_deck":["Strike_R","Strike_R","Strike_R","Strike_R","Strike_R","Defend_R","Defend_R","Defend_R","Bash","Wild Strike","Shrug It Off+1","Wild Strike","Clash+1","Heavy Blade+1","Clothesline+1","Perfected Strike+1","Flex","Shrug It Off","Armaments","Clothesline","Warcry+1","Perfected Strike+1","Perfected Strike","Shrug It Off","Thunderclap","Body Slam","Twin Strike+1","Clothesline"],"relics":["Philosopher\u0027s Stone","Bag of Marbles","Paper Frog","MawBank","Snecko Eye","Prayer Wheel","Membership Card","Ancient Tea Set","Anchor","Omamori","Unceasing Top","Busted Crown","Pocketwatch","Smiling Mask","Calipers","Shuriken"],"potions_floor_usage":[11,16,16,22,33,33,33,39,45,50],"damage_taken":[{"damage":0,"enemies":"Cultist","floor":1,"turns":3},{"damage":10,"enemies":"2 Louse","floor":2,"turns":3},{"damage":6,"enemies":"Small Slimes","floor":5,"turns":3},{"damage":28,"enemies":"Lagavulin","floor":6,"turns":7},{"damage":0,"enemies":"Exordium Wildlife","floor":8,"turns":3},{"damage":0,"enemies":"Looter","floor":10,"turns":2},{"damage":0,"enemies":"2 Fungi Beasts","floor":11,"turns":1},{"damage":13,"enemies":"Exordium Thugs","floor":13,"turns":2},{"damage":63,"enemies":"The Guardian","floor":16,"turns":17},{"damage":19,"enemies":"2 Thieves","floor":18,"turns":4},{"damage":7,"enemies":"Chosen","floor":21,"turns":4},{"damage":29,"enemies":"Centurion and Healer","floor":22,"turns":4},{"damage":1,"enemies":"Snecko","floor":30,"turns":3},{"damage":24,"enemies":"Slavers","floor":31,"turns":6},{"damage":68,"enemies":"Champ","floor":33,"turns":9},{"damage":17,"enemies":"3 Darklings","floor":35,"turns":6},{"damage":18,"enemies":"Mind Bloom Boss Battle","floor":36,"turns":5},{"damage":0,"enemies":"3 Shapes","floor":37,"turns":2},{"damage":19,"enemies":"Maw","floor":38,"turns":4},{"damage":0,"enemies":"Writhing Mass","floor":39,"turns":3},{"damage":0,"enemies":"Transient","floor":41,"turns":5},{"damage":0,"enemies":"Spire Growth","floor":42,"turns":1},{"damage":3,"enemies":"Maw","floor":45,"turns":5},{"damage":0,"enemies":"Sphere and 2 Shapes","floor":47,"turns":2},{"damage":0,"enemies":"Jaw Worm Horde","floor":48,"turns":2},{"damage":69,"enemies":"Donu and Deca","floor":50,"turns":7}],"seed_played":"287904765039456112","potions_obtained":[{"floor":1,"key":"Ancient Potion"},{"floor":8,"key":"Fire Potion"},{"floor":10,"key":"Dexterity Potion"},{"floor":13,"key":"Swift Potion"},{"floor":18,"key":"Explosive Potion"},{"floor":22,"key":"Regen Potion"},{"floor":30,"key":"EssenceOfSteel"},{"floor":37,"key":"AttackPotion"},{"floor":38,"key":"BloodPotion"},{"floor":39,"key":"FearPotion"},{"floor":47,"key":"SpeedPotion"}],"is_trial":false,"path_per_floor":["M","M","?","$","M","E","R","M","T","M","M","R","M","T","R","B",null,"M","?","$","M","M","R","$","R","T","R","?","?","M","E","R","B",null,"M","?","M","M","M","R","M","M","T","$","M","R","M","M","R","B",null],"character_chosen":"IRONCLAD","items_purchased":["Membership Card","Ancient Tea Set","Anchor","Calipers","Shuriken"],"campfire_rested":7,"item_purchase_floors":[20,20,24,44,44],"current_hp_per_floor":[80,70,70,70,64,36,60,60,60,60,60,60,47,47,71,8,80,61,61,61,54,25,49,49,73,73,73,73,73,72,48,72,17,80,63,45,45,26,46,70,70,70,70,70,67,80,80,80,80,11],"gold":127,"neow_bonus":"BOSS_RELIC","is_prod":false,"is_daily":false,"chose_seed":false,"campfire_upgraded":3,"win_rate":0,"timestamp":1568772687,"path_taken":["M","?","?","$","M","E","R","?","T","M","M","R","M","?","R","BOSS","M","?","$","M","M","R","$","R","T","R","?","?","M","E","R","BOSS","M","?","M","M","M","R","M","M","T","$","M","R","M","M","R","BOSS"],"build_version":"2019-07-17","purchased_purges":0,"victory":true,"max_hp_per_floor":[80,80,80,80,80,80,80,80,80,80,80,80,80,80,80,80,80,80,80,80,80,80,80,80,80,80,80,80,80,80,80,80,80,80,80,80,80,80,80,80,80,80,80,80,80,80,80,80,80,80],"card_choices":[{"not_picked":["Intimidate","Sever Soul","Flame Barrier"],"picked":"SKIP","floor":1},{"not_picked":["Metallicize","Dropkick","Thunderclap"],"picked":"SKIP","floor":2},{"not_picked":["True Grit","Clothesline"],"picked":"Wild Strike","floor":5},{"not_picked":["Double Tap","Sever Soul"],"picked":"Shrug It Off","floor":6},{"not_picked":["Corruption","Rupture","Fire Breathing"],"picked":"SKIP","floor":8},{"not_picked":["Clash","Anger","Battle Trance"],"picked":"SKIP","floor":10},{"not_picked":["True Grit","Iron Wave","Warcry"],"picked":"SKIP","floor":11},{"not_picked":["Havoc","Clothesline","Inflame"],"picked":"SKIP","floor":13},{"not_picked":["Twin Strike","Carnage"],"picked":"Wild Strike","floor":18},{"not_picked":["Rupture","Evolve"],"picked":"Clash+1","floor":21},{"not_picked":["Entrench","Combust+1","Burning Pact"],"picked":"SKIP","floor":21},{"not_picked":["Disarm","Ghostly Armor+1"],"picked":"Heavy Blade","floor":22},{"not_picked":["Clash+1","Warcry"],"picked":"Clothesline+1","floor":22},{"not_picked":["Second Wind","Wild Strike"],"picked":"Perfected Strike","floor":30},{"not_picked":["Cleave","Bloodletting+1"],"picked":"Flex","floor":30},{"not_picked":["Second Wind","Hemokinesis"],"picked":"Shrug It Off","floor":31},{"not_picked":[],"picked":"Armaments","floor":35},{"not_picked":[],"picked":"Clothesline","floor":35},{"not_picked":[],"picked":"Warcry+1","floor":36},{"not_picked":[],"picked":"Perfected Strike+1","floor":37},{"not_picked":[],"picked":"Perfected Strike","floor":37},{"not_picked":[],"picked":"Shrug It Off","floor":38},{"not_picked":[],"picked":"Thunderclap","floor":38},{"not_picked":[],"picked":"Body Slam","floor":39},{"not_picked":["Cleave"],"picked":"SKIP","floor":39},{"not_picked":["Dropkick+1"],"picked":"SKIP","floor":41},{"not_picked":["Seeing Red"],"picked":"SKIP","floor":41},{"not_picked":[],"picked":"Twin Strike+1","floor":42},{"not_picked":["Iron Wave+1"],"picked":"SKIP","floor":42},{"not_picked":[],"picked":"Clothesline","floor":45},{"not_picked":["Disarm"],"picked":"SKIP","floor":45},{"not_picked":["Evolve"],"picked":"SKIP","floor":47},{"not_picked":["Clothesline"],"picked":"SKIP","floor":47},{"not_picked":["Anger"],"picked":"SKIP","floor":48},{"not_picked":["Brutality"],"picked":"SKIP","floor":48}],"player_experience":558040,"relics_obtained":[{"floor":6,"key":"Bag of Marbles"},{"floor":9,"key":"Paper Frog"},{"floor":14,"key":"MawBank"},{"floor":26,"key":"Omamori"},{"floor":31,"key":"Unceasing Top"},{"floor":36,"key":"Pocketwatch"},{"floor":43,"key":"Smiling Mask"}],"event_choices":[{"cards_removed":["Defend_R"],"damage_healed":0,"gold_gain":0,"player_choice":"Card Removal","damage_taken":0,"max_hp_gain":0,"max_hp_loss":0,"event_name":"Wheel of Change","floor":3,"gold_loss":0},{"damage_healed":0,"gold_gain":0,"player_choice":"Obtained Relic","damage_taken":0,"relics_obtained":["Prayer Wheel"],"max_hp_gain":0,"max_hp_loss":0,"event_name":"Addict","floor":19,"gold_loss":85},{"damage_healed":0,"gold_gain":0,"player_choice":"Paid Fearfully","damage_taken":0,"max_hp_gain":0,"max_hp_loss":0,"event_name":"Masked Bandits","floor":28,"gold_loss":108},{"damage_healed":0,"gold_gain":0,"player_choice":"Ignored","damage_taken":0,"max_hp_gain":0,"max_hp_loss":0,"event_name":"Vampires","floor":29,"gold_loss":0},{"damage_healed":0,"gold_gain":0,"player_choice":"Fight","damage_taken":0,"max_hp_gain":0,"max_hp_loss":0,"event_name":"MindBloom","floor":36,"gold_loss":0}],"is_beta":false,"boss_relics":[{"not_picked":["White Beast Statue","Orrery"],"picked":"Snecko Eye"},{"not_picked":["Velvet Choker","Eternal Feather"],"picked":"Busted Crown"}],"items_purged_floors":[],"is_endless":false,"potions_floor_spawned":[1,8,10,13,18,22,30,37,38,39,47],"ascension_level":0}