{"gold_per_floor":[118,135,60,60,60,60,79,79,105,116,116,116,141,141,141,141],"floor_reached":16,"playtime":232,"items_purged":["Defend_R"],"score":90,"play_id":"4e487b82-a0f4-42e6-b6a6-b4fba03dfee2","local_time":"20190426200008","is_ascension_mode":false,"campfire_choices":[{"data":"Bash","floor":6,"key":"SMITH"},{"floor":8,"key":"RECALL"},{"floor":12,"key":"REST"},{"data":"Offering","floor":15,"key":"SMITH"}],"neow_cost":"NONE","seed_source_timestamp":354838694669330,"circlet_count":0,"master_deck":["Strike_R","Strike_R","Strike_R","Defend_R","Defend_R","Defend_R","Bash+1","Offering+1","Headbutt"],"relics":["Burning Blood","Lantern","Golden Idol","hubris:MedicalManual"],"potions_floor_usage":[16,16],"damage_taken":[{"damage":2,"enemies":"Small Slimes","floor":1,"turns":4},{"damage":1,"enemies":"Jaw Worm","floor":2,"turns":5},{"damage":7,"enemies":"2 Louse","floor":7,"turns":3},{"damage":10,"enemies":"Looter","floor":10,"turns":3},{"damage":18,"enemies":"3 Louse","floor":13,"turns":4},{"damage":72,"enemies":"Hexaghost","floor":16,"turns":9}],"seed_played":"5745552209837424609","potions_obtained":[{"floor":10,"key":"Regen Potion"},{"floor":13,"key":"Dexterity Potion"}],"is_trial":false,"path_per_floor":["M","M","$","?","?","R","M","R","T","M","?","R","M","T","R","B"],"character_chosen":"IRONCLAD","items_purchased":[],"campfire_rested":1,"item_purchase_floors":[],"current_hp_per_floor":[80,80,80,80,73,73,72,72,72,68,48,72,60,60,60,0],"gold":141,"neow_bonus":"REMOVE_CARD","is_prod":false,"is_daily":false,"chose_seed":false,"campfire_upgraded":2,"win_rate":0,"timestamp":1556323208,"path_taken":["M","M","$","?","?","R","M","R","T","M","?","R","M","?","R","BOSS"],"build_version":"2019-01-23","purchased_purges":1,"victory":false,"max_hp_per_floor":[80,80,80,80,80,80,80,80,80,80,80,80,80,80,80,80],"card_choices":[{"not_picked":["Iron Wave","strawberrySpire:ZonePlayer","Sword Boomerang"],"picked":"SKIP","floor":1},{"not_picked":["strawberrySpire:DraftPunk","Run Through","ReplayTheSpireMod:Strike From Hell"],"picked":"SKIP","floor":2},{"not_picked":["Clothesline","Flame Barrier","Sentinel"],"picked":"SKIP","floor":7},{"not_picked":["Corruption","Sentinel"],"picked":"Offering","floor":10},{"not_picked":["Armaments","True Grit"],"picked":"Headbutt","floor":13}],"player_experience":753900,"relics_obtained":[{"floor":9,"key":"Lantern"},{"floor":14,"key":"hubris:MedicalManual"}],"event_choices":[{"cards_removed":["Strike_R"],"damage_healed":0,"gold_gain":0,"player_choice":"Card Removal","damage_taken":7,"max_hp_gain":0,"max_hp_loss":0,"event_name":"Golden Wing","floor":5,"gold_loss":0},{"damage_healed":0,"gold_gain":0,"player_choice":"Take Damage","damage_taken":20,"relics_obtained":["Golden Idol"],"max_hp_gain":0,"max_hp_loss":0,"event_name":"Golden Idol","floor":11,"gold_loss":0}],"is_beta":false,"boss_relics":[],"items_purged_floors":[3],"is_endless":false,"potions_floor_spawned":[10,13],"killed_by":"Hexaghost","ascension_level":0}