{"path_per_floor":["M","?","$","?","M","R","M","R","T","M","?","M","R","?","R","B",null,"M","?","?","?","$","R","M","R","T","R","M","M","?","$","R","B",null,"M","M","$","?","$","R","E","R","T","R","M","?","T","?","R","B"],"character_chosen":"DEFECT","items_purchased":["Anchor","Deep Breath","Buffer","Sunder","Turbo","Mind Blast","Static Discharge"],"gold_per_floor":[419,369,150,150,165,165,177,177,203,214,214,233,233,233,233,362,362,375,375,298,298,55,55,73,73,73,73,88,102,102,7,7,136,136,160,178,44,44,44,44,87,87,87,87,100,100,145,145,145,145],"floor_reached":51,"campfire_rested":0,"playtime":5352,"current_hp_per_floor":[70,70,70,70,70,70,70,70,70,69,69,69,69,51,51,29,75,57,57,57,41,41,41,41,41,51,51,44,48,48,48,48,55,85,85,85,85,85,85,85,85,85,85,85,85,85,85,85,85,85],"items_purged":["Writhe","Cold Snap"],"gold":145,"score":860,"play_id":"71a681b4-2381-4cef-bcbe-7340be10b486","local_time":"20180428120453","is_prod":false,"is_daily":false,"chose_seed":false,"is_ascension_mode":true,"campfire_upgraded":12,"timestamp":1524942293,"path_taken":["M","?","$","?","?","R","M","R","T","M","?","M","R","?","R","BOSS","M","?","?","?","$","R","M","R","T","R","M","M","?","?","R","BOSS","M","M","$","?","?","R","E","R","T","R","M","?","?","?","R","BOSS"],"build_version":"2018-04-26v2","seed_source_timestamp":222939486520198,"purchased_purges":2,"victory":true,"master_deck":["Zap+1","Dualcast+1","Chill+1","Gash+1","Leap+1","Rebound","FTL","Rainbow","Hello World","Streamline+1","Ball Lightning","Stack","Force Field+1","Buffer+1","J.A.X.+1","Deep Breath+1","Buffer+1","Sunder","Turbo","Self Repair","Storm","White Noise+1","Mind Blast","Machine Learning","Capacitor+1","Static Discharge","Capacitor+1"],"max_hp_per_floor":[75,75,75,75,75,75,75,75,75,75,75,75,75,75,75,75,75,75,75,75,75,75,75,75,75,85,85,85,85,85,85,85,85,85,85,85,85,85,85,85,85,85,85,85,85,85,85,85,85,85],"relics":["Bag of Preparation","Mummified Hand","Old Coin","Anchor","Juzu Bracelet","Golden Idol","Pandora\u0027s Box","Nloth\u0027s Gift","Enchiridion","Pear","Nuclear Battery","Unceasing Top","Meat on the Bone","Singing Bowl"],"card_choices":[{"not_picked":["Tempest","Capacitor"],"picked":"Chill","floor":1},{"not_picked":["Hologram","Cold Snap"],"picked":"Gash","floor":5},{"not_picked":["Skim","Glacier"],"picked":"Leap","floor":7},{"not_picked":["Impulse","Ball Lightning"],"picked":"Rebound","floor":10},{"not_picked":["Axe Kick","Blizzard"],"picked":"FTL","floor":12},{"not_picked":["Multi-Cast","Meteor Strike"],"picked":"Rainbow","floor":16},{"not_picked":["Auto Shields","Loop"],"picked":"Buffer","floor":18},{"not_picked":["Streamline","Go for the Eyes"],"picked":"Self Repair","floor":24},{"not_picked":["Leap","Impulse"],"picked":"Storm","floor":28},{"not_picked":["Beam Cell","Coolheaded"],"picked":"White Noise","floor":29},{"not_picked":["Multi-Cast","Hyperbeam"],"picked":"Machine Learning","floor":33},{"not_picked":["Barrage","Axe Kick"],"picked":"Capacitor","floor":35},{"not_picked":["Multi-Cast","Streamline"],"picked":"Capacitor","floor":41}],"player_experience":445968,"potions_floor_usage":[16,16,35,50,50],"damage_taken":[{"damage":5,"enemies":"Cultist","floor":1,"turns":5},{"damage":0,"enemies":"Jaw Worm","floor":5,"turns":5},{"damage":0,"enemies":"Small Slimes","floor":7,"turns":3},{"damage":1,"enemies":"Blue Slaver","floor":10,"turns":5},{"damage":0,"enemies":"Looter","floor":12,"turns":3},{"damage":22,"enemies":"Slime Boss","floor":16,"turns":10},{"damage":18,"enemies":"Shell Parasite","floor":18,"turns":4},{"damage":0,"enemies":"2 Thieves","floor":24,"turns":3},{"damage":14,"enemies":"3 Cultists","floor":28,"turns":5},{"damage":3,"enemies":"Sentry and Sphere","floor":29,"turns":4},{"damage":0,"enemies":"Champ","floor":33,"turns":11},{"damage":0,"enemies":"Flame Bruiser 1 Orb","floor":35,"turns":4},{"damage":0,"enemies":"Orb Walker","floor":36,"turns":3},{"damage":0,"enemies":"Nemesis","floor":41,"turns":8},{"damage":0,"enemies":"4 Shapes","floor":45,"turns":4},{"damage":0,"enemies":"Donu and Deca","floor":50,"turns":7}],"event_choices":[{"event_name":"The Cleric","player_choice":"Card Removal","floor":2,"damage_taken":0},{"event_name":"Living Wall","player_choice":"Forget","floor":4,"damage_taken":0},{"event_name":"Upgrade Shrine","player_choice":"Upgraded","floor":11,"damage_taken":0},{"event_name":"Golden Idol","player_choice":"Take Damage","floor":14,"damage_taken":0},{"event_name":"N\u0027loth","player_choice":"Traded a Calling Bell","floor":19,"damage_taken":0},{"event_name":"Drug Dealer","player_choice":"Got JAXXED","floor":20,"damage_taken":0},{"event_name":"Cursed Tome","player_choice":"Obtained Book","floor":21,"damage_taken":0},{"event_name":"Vampires","player_choice":"Ignored","floor":30,"damage_taken":0},{"event_name":"Fountain of Cleansing","player_choice":"Removed Curse","floor":38,"damage_taken":0},{"event_name":"The Lab","player_choice":"Got Potions","floor":46,"damage_taken":0}],"boss_relics":[{"not_picked":["Runic Pyramid","Philosopher\u0027s Stone"],"picked":"Pandora\u0027s Box"},{"not_picked":["White Beast Statue","Astrolabe"],"picked":"Nuclear Battery"}],"potions_floor_spawned":[5,7,12,18,29,33,35,45],"seed_played":"-6995061491995967860","ascension_level":2,"is_trial":false}