{"gold_per_floor":[129,158,180,208,240,284,312,340,352,364,99,132,132,150,150,253,253,265,281,196,14,28,28,45,45],"floor_reached":25,"playtime":1374,"items_purged":["Defend_P"],"score":219,"play_id":"682d958a-814e-4e05-9585-e8a7f1e7deaa","local_time":"20190912004426","is_ascension_mode":false,"campfire_choices":[{"floor":10,"key":"REST"},{"floor":13,"key":"REST"},{"data":"WindmillStrike","floor":15,"key":"SMITH"},{"data":"DevaForm","floor":23,"key":"SMITH"}],"neow_cost":"NONE","seed_source_timestamp":39052240083900,"circlet_count":0,"master_deck":["Strike_P","Strike_P","Strike_P","Strike_P","Defend_P","Defend_P","Defend_P","Eruption","Vigilance","MentalFortress","Protect","Conclude","EmptyFist","BattleHymn","WindmillStrike+1","Consecrate","Devotion","SignatureMove","DeusExMachina","DevaForm+1","EmptyBody+1","Metamorphosis","ClearTheMind+1","SandsOfTime"],"relics":["PureWater","MawBank","Smiling Mask","Juzu Bracelet","Vajra","Bottled Flame","VioletLotus","Ginger"],"potions_floor_usage":[2,12,16,16,22,22,22],"damage_taken":[{"damage":2,"enemies":"2 Louse","floor":1,"turns":3},{"damage":12,"enemies":"Jaw Worm","floor":2,"turns":4},{"damage":15,"enemies":"Cultist","floor":3,"turns":4},{"damage":14,"enemies":"Gremlin Gang","floor":4,"turns":3},{"damage":0,"enemies":"Large Slime","floor":5,"turns":6},{"damage":17,"enemies":"3 Sentries","floor":6,"turns":13},{"damage":0,"enemies":"Exordium Wildlife","floor":7,"turns":4},{"damage":4,"enemies":"3 Louse","floor":8,"turns":3},{"damage":14,"enemies":"Gremlin Nob","floor":12,"turns":3},{"damage":7,"enemies":"Blue Slaver","floor":14,"turns":2},{"damage":14,"enemies":"Slime Boss","floor":16,"turns":5},{"damage":12,"enemies":"Shell Parasite","floor":18,"turns":5},{"damage":1,"enemies":"3 Byrds","floor":19,"turns":6},{"damage":8,"enemies":"3 Cultists","floor":22,"turns":3},{"damage":19,"enemies":"Sentry and Sphere","floor":24,"turns":6},{"damage":32,"enemies":"Gremlin Leader","floor":25,"turns":3}],"seed_played":"8816773819723859270","potions_obtained":[{"floor":1,"key":"Weak Potion"},{"floor":6,"key":"Strength Potion"},{"floor":8,"key":"StancePotion"},{"floor":12,"key":"Fire Potion"},{"floor":14,"key":"Energy Potion"},{"floor":16,"key":"Energy Potion"},{"floor":18,"key":"SteroidPotion"}],"is_trial":false,"path_per_floor":["M","M","M","M","M","E","M","M","T","R","$","E","R","M","R","B",null,"M","M","?","$","M","R","M","E"],"character_chosen":"WATCHER","items_purchased":["Vajra","SignatureMove","Metamorphosis"],"campfire_rested":2,"item_purchase_floors":[11,11,21],"current_hp_per_floor":[63,51,36,22,22,5,5,1,1,20,20,6,25,18,18,4,65,53,52,52,52,44,44,25,0],"gold":45,"neow_bonus":"RANDOM_COMMON_RELIC","is_prod":false,"is_daily":false,"chose_seed":false,"campfire_upgraded":2,"win_rate":0,"timestamp":1568263466,"path_taken":["M","M","M","M","M","E","M","M","T","R","$","E","R","M","R","BOSS","M","M","?","$","M","R","M","E"],"build_version":"2019-09-10","purchased_purges":1,"victory":false,"max_hp_per_floor":[65,65,65,65,65,65,65,65,65,65,65,65,65,65,65,65,65,65,65,65,65,65,65,65,65],"card_choices":[{"not_picked":["Devotion","Sanctity"],"picked":"MentalFortress","floor":1},{"not_picked":["EmptyFist","CrushJoints"],"picked":"Protect","floor":2},{"not_picked":["JustLucky","CleanseEvil"],"picked":"Conclude","floor":3},{"not_picked":["Worship","EmptyBody"],"picked":"EmptyFist","floor":4},{"not_picked":["Sanctity","Perseverance"],"picked":"BattleHymn","floor":5},{"not_picked":["Fasting","ForeignInfluence"],"picked":"WindmillStrike","floor":6},{"not_picked":["CrushJoints","JustLucky"],"picked":"Consecrate","floor":7},{"not_picked":["EmptyBody","CrushJoints"],"picked":"Devotion","floor":8},{"not_picked":["EmptyMind","FlyingSleeves"],"picked":"DeusExMachina","floor":12},{"not_picked":["WindmillStrike","Weave","EmptyMind"],"picked":"SKIP","floor":14},{"not_picked":["MasterReality","Metaphysics"],"picked":"DevaForm","floor":16},{"not_picked":["JustLucky","CutThroughFate"],"picked":"EmptyBody+1","floor":18},{"not_picked":["SpiritShield","FollowUp","Collect"],"picked":"SKIP","floor":19},{"not_picked":["Vengeance","Scrawl+1"],"picked":"ClearTheMind+1","floor":22},{"not_picked":["CarveReality","ThirdEye"],"picked":"SandsOfTime","floor":24}],"player_experience":1006850,"relics_obtained":[{"floor":6,"key":"Smiling Mask"},{"floor":9,"key":"Juzu Bracelet"},{"floor":12,"key":"Bottled Flame"}],"event_choices":[{"damage_healed":0,"gold_gain":0,"player_choice":"Obtained Relic","damage_taken":0,"relics_obtained":["Ginger"],"max_hp_gain":0,"max_hp_loss":0,"event_name":"Addict","floor":20,"gold_loss":85}],"is_beta":true,"boss_relics":[{"not_picked":["Runic Pyramid","Pandora\u0027s Box"],"picked":"VioletLotus"}],"items_purged_floors":[11],"is_endless":false,"potions_floor_spawned":[1,6,8,12,14,16,18,19],"killed_by":"Gremlin Leader","ascension_level":0}