{"gold_per_floor":[118,118,118,293,307,319,319,319,319,354,374,389,389,400,400,501,501,490,490,509,509,96,96,96,96,121,139,69,69],"floor_reached":29,"playtime":2597,"items_purged":[],"score":248,"play_id":"b605d736-9202-41fb-864f-466c6360bbd5","local_time":"20190916210325","is_ascension_mode":false,"campfire_choices":[{"data":"Iron Wave","floor":7,"key":"SMITH"},{"data":"Barricade","floor":15,"key":"SMITH"},{"data":"Demon Form","floor":23,"key":"SMITH"},{"data":"Perfected Strike","floor":24,"key":"SMITH"}],"neow_cost":"","seed_source_timestamp":254722951089400,"circlet_count":0,"master_deck":["Strike_R+1","Strike_R+1","Strike_R+1","Strike_R+1","Strike_R+1","Defend_R+1","Defend_R+1","Defend_R+1","Defend_R+1","Bash","Perfected Strike+1","Doubt","Anger","Iron Wave+1","Fire Breathing","Armaments+1","Cleave","Barricade+1","Demon Form+1","Thunderclap","Ghostly Armor+1","Metallicize"],"relics":["Black Blood","Pear","Gambling Chip","WingedGreaves","Oddly Smooth Stone","Matryoshka","Vajra","Anchor"],"potions_floor_usage":[16,16,16,20,27],"damage_taken":[{"damage":8,"enemies":"Jaw Worm","floor":1,"turns":4},{"damage":12,"enemies":"2 Louse","floor":5,"turns":3},{"damage":5,"enemies":"Small Slimes","floor":6,"turns":3},{"damage":21,"enemies":"Gremlin Nob","floor":10,"turns":5},{"damage":1,"enemies":"3 Louse","floor":11,"turns":4},{"damage":14,"enemies":"Red Slaver","floor":12,"turns":3},{"damage":7,"enemies":"Blue Slaver","floor":14,"turns":4},{"damage":34,"enemies":"The Guardian","floor":16,"turns":14},{"damage":15,"enemies":"2 Thieves","floor":18,"turns":4},{"damage":61,"enemies":"3 Byrds","floor":20,"turns":6},{"damage":28,"enemies":"Centurion and Healer","floor":27,"turns":8},{"damage":22,"enemies":"Shelled Parasite and Fungi","floor":29,"turns":5}],"seed_played":"6221804190052521495","potions_obtained":[{"floor":5,"key":"SteroidPotion"},{"floor":11,"key":"Swift Potion"},{"floor":14,"key":"Explosive Potion"},{"floor":16,"key":"FearPotion"},{"floor":20,"key":"PowerPotion"}],"is_trial":false,"path_per_floor":["M","?","$","?","M","M","R","?","T","E","M","M","?","M","R","B",null,"M","?","M","?","$","R","R","?","T","M","$","M"],"character_chosen":"IRONCLAD","items_purchased":["Oddly Smooth Stone","Matryoshka","Metallicize"],"campfire_rested":0,"item_purchase_floors":[22,22,28],"current_hp_per_floor":[78,78,78,78,72,73,73,78,88,73,78,70,70,69,69,41,95,90,90,39,39,39,39,39,39,39,21,21,0],"gold":69,"neow_bonus":"","is_prod":false,"is_daily":false,"chose_seed":false,"campfire_upgraded":4,"win_rate":0.0,"timestamp":1568689405,"path_taken":["M","?","$","?","M","M","R","?","T","E","M","M","?","M","R","BOSS","M","?","M","?","$","R","R","?","T","M","?","?"],"build_version":"2019-01-23","purchased_purges":0,"victory":false,"max_hp_per_floor":[80,80,80,80,80,80,80,85,95,95,95,95,95,95,95,95,95,95,95,95,95,95,95,95,95,95,95,95,95],"card_choices":[{"not_picked":["Clash","Body Slam"],"picked":"Perfected Strike","floor":1},{"not_picked":["Power Through","Twin Strike"],"picked":"Anger","floor":5},{"not_picked":["Uppercut","Headbutt"],"picked":"Iron Wave","floor":6},{"not_picked":["Sword Boomerang","Disarm"],"picked":"Fire Breathing","floor":10},{"not_picked":["Headbutt","Infernal Blade"],"picked":"Armaments","floor":11},{"not_picked":["Warcry","Shrug It Off"],"picked":"Cleave","floor":12},{"not_picked":["Perfected Strike","Flex"],"picked":"Barricade","floor":14},{"not_picked":["Fiend Fire","Barricade"],"picked":"Demon Form","floor":16},{"not_picked":["Pummel","Twin Strike"],"picked":"Thunderclap","floor":18},{"not_picked":["Searing Blow","Warcry"],"picked":"Ghostly Armor+1","floor":20},{"not_picked":["Sever Soul","Reckless Charge","Sword Boomerang"],"picked":"SKIP","floor":27}],"player_experience":0,"relics_obtained":[{"floor":9,"key":"Pear"},{"floor":10,"key":"Gambling Chip"},{"floor":26,"key":"Vajra"},{"floor":26,"key":"Anchor"}],"event_choices":[{"damage_healed":0,"gold_gain":0,"player_choice":"Leave","damage_taken":0,"max_hp_gain":0,"max_hp_loss":0,"event_name":"The Cleric","floor":2,"gold_loss":0},{"damage_healed":0,"gold_gain":175,"player_choice":"AGREE","damage_taken":0,"max_hp_gain":0,"max_hp_loss":0,"event_name":"Liars Game","floor":4,"gold_loss":0,"cards_obtained":["Doubt"]},{"damage_healed":0,"gold_gain":0,"player_choice":"Donut","damage_taken":0,"max_hp_gain":5,"max_hp_loss":0,"event_name":"Big Fish","floor":8,"gold_loss":0},{"damage_healed":0,"gold_gain":0,"player_choice":"Upgraded","damage_taken":0,"max_hp_gain":0,"max_hp_loss":0,"event_name":"Upgrade Shrine","floor":13,"gold_loss":0,"cards_upgraded":["Armaments"]},{"damage_healed":0,"gold_gain":0,"player_choice":"Ignored","damage_taken":0,"max_hp_gain":0,"max_hp_loss":0,"event_name":"Ghosts","floor":19,"gold_loss":0},{"damage_healed":0,"gold_gain":0,"player_choice":"Opened","damage_taken":0,"relics_obtained":["WingedGreaves"],"max_hp_gain":0,"max_hp_loss":0,"event_name":"The Mausoleum","floor":21,"gold_loss":0},{"damage_healed":0,"gold_gain":0,"player_choice":"Simplicity","damage_taken":0,"max_hp_gain":0,"max_hp_loss":0,"event_name":"Back to Basics","floor":25,"gold_loss":0,"cards_upgraded":["Strike_R","Strike_R","Strike_R","Strike_R","Strike_R","Defend_R","Defend_R","Defend_R","Defend_R"]}],"is_beta":false,"boss_relics":[{"not_picked":["Orrery","Black Star"],"picked":"Black Blood"}],"items_purged_floors":[],"is_endless":false,"potions_floor_spawned":[5,11,14,16,20],"killed_by":"Shelled Parasite and Fungi","ascension_level":0}