{"gold_per_floor":[13,29,49,49,68,93,108,108,184,199,219,237,237,255,255,360,360,371,391,34,54,68,101,101,135,135,135,135,64,64,75,75,75],"floor_reached":33,"playtime":2965,"items_purged":[],"score":343,"play_id":"b10bab54-0124-4d95-81d1-d21daaa5175b","local_time":"20190912030048","is_ascension_mode":false,"campfire_choices":[{"floor":15,"key":"REST"},{"floor":24,"key":"REST"},{"floor":27,"key":"REST"},{"floor":30,"key":"DIG"},{"floor":32,"key":"REST"}],"neow_cost":"NO_GOLD","seed_source_timestamp":81986480491100,"circlet_count":0,"master_deck":["Strike_R","Strike_R","Strike_R","Strike_R","Strike_R","Defend_R","Defend_R","Defend_R","Defend_R","Bash","Feel No Pain","Twin Strike","Iron Wave","Heavy Blade+1","Perfected Strike","Thunderclap","Flex","Thunderclap","Blood for Blood","Flex","Sword Boomerang","Iron Wave","Disarm","Dual Wield","Spot Weakness","Twin Strike","Heavy Blade","Heavy Blade","Iron Wave","Limit Break","Injury","Doubt","Pain","Armaments","Rage","Demon Form","Shockwave","Transmutation","Inflame","Flex","Shrug It Off","Seeing Red+1","Perfected Strike","Fire Breathing","Twin Strike+1","Ghostly Armor+1","Impervious","Rage","Limit Break","Uppercut","Headbutt+1"],"relics":["Burning Blood","Prayer Wheel","Mercury Hourglass","Bottled Lightning","Ice Cream","Calling Bell","Orichalcum","Shovel","Ornamental Fan","Anchor","Bag of Preparation","Shuriken","Mango"],"potions_floor_usage":[22,22,23,33,33],"damage_taken":[{"damage":14,"enemies":"2 Louse","floor":1,"turns":3},{"damage":5,"enemies":"Cultist","floor":2,"turns":4},{"damage":8,"enemies":"Jaw Worm","floor":3,"turns":3},{"damage":11,"enemies":"Red Slaver","floor":5,"turns":4},{"damage":22,"enemies":"Gremlin Nob","floor":6,"turns":4},{"damage":5,"enemies":"Looter","floor":7,"turns":3},{"damage":23,"enemies":"Exordium Thugs","floor":10,"turns":3},{"damage":12,"enemies":"Red Slaver","floor":11,"turns":4},{"damage":10,"enemies":"Looter","floor":12,"turns":2},{"damage":0,"enemies":"2 Fungi Beasts","floor":14,"turns":2},{"damage":44,"enemies":"The Guardian","floor":16,"turns":11},{"damage":19,"enemies":"Shell Parasite","floor":18,"turns":4},{"damage":14,"enemies":"2 Thieves","floor":19,"turns":4},{"damage":16,"enemies":"3 Cultists","floor":21,"turns":6},{"damage":35,"enemies":"Shelled Parasite and Fungi","floor":22,"turns":7},{"damage":34,"enemies":"Slavers","floor":23,"turns":7},{"damage":24,"enemies":"Book of Stabbing","floor":25,"turns":5},{"damage":36,"enemies":"Snake Plant","floor":31,"turns":6},{"damage":75,"enemies":"Collector","floor":33,"turns":6}],"seed_played":"7550103218338489864","potions_obtained":[{"floor":1,"key":"BloodPotion"},{"floor":2,"key":"SkillPotion"},{"floor":6,"key":"Ancient Potion"},{"floor":7,"key":"Explosive Potion"},{"floor":11,"key":"GamblersBrew"},{"floor":14,"key":"Poison Potion"},{"floor":19,"key":"BloodPotion"},{"floor":25,"key":"FearPotion"},{"floor":31,"key":"Block Potion"}],"is_trial":false,"path_per_floor":["M","M","M","?","M","E","M","?","T","M","M","M","?","M","R","B",null,"M","M","$","M","M","E","R","E","T","R","?","$","R","M","R","B"],"character_chosen":"IRONCLAD","items_purchased":["Transmutation","Inflame","Flex","Shrug It Off","Body Slam","Limit Break"],"campfire_rested":4,"item_purchase_floors":[20,20,20,20,20,29],"current_hp_per_floor":[72,73,71,71,66,50,51,51,51,34,28,24,24,30,54,16,80,67,59,59,49,60,32,56,38,38,62,62,62,76,46,74,0],"gold":75,"neow_bonus":"ONE_RARE_RELIC","is_prod":false,"is_daily":false,"chose_seed":false,"campfire_upgraded":0,"win_rate":0.0,"timestamp":1568250048,"path_taken":["M","M","M","?","M","E","M","?","T","M","M","?","?","?","R","BOSS","M","M","$","M","M","E","R","E","T","R","?","?","R","M","R","BOSS"],"build_version":"2019-07-17","purchased_purges":0,"victory":false,"max_hp_per_floor":[80,80,80,80,80,80,80,80,80,80,80,80,80,80,80,80,80,80,80,80,80,80,80,80,80,80,80,80,80,94,94,94,94],"card_choices":[{"not_picked":["Carnage","Pummel"],"picked":"Feel No Pain","floor":1},{"not_picked":["Sword Boomerang","True Grit"],"picked":"Twin Strike","floor":1},{"not_picked":["Pummel","Headbutt"],"picked":"Iron Wave","floor":2},{"not_picked":["Warcry","Searing Blow"],"picked":"Heavy Blade","floor":2},{"not_picked":["Pummel","Iron Wave"],"picked":"Perfected Strike","floor":3},{"not_picked":["Brutality","Uppercut"],"picked":"Thunderclap","floor":3},{"not_picked":["Rage","Dual Wield"],"picked":"Flex","floor":5},{"not_picked":["Entrench","Cleave"],"picked":"Thunderclap","floor":5},{"not_picked":["Flame Barrier","Feel No Pain"],"picked":"Blood for Blood","floor":6},{"not_picked":["Wild Strike","Fiend Fire"],"picked":"Flex","floor":7},{"not_picked":["Hemokinesis","Thunderclap"],"picked":"Sword Boomerang","floor":7},{"not_picked":["True Grit","Wild Strike"],"picked":"Iron Wave","floor":10},{"not_picked":["Feel No Pain","Entrench"],"picked":"Disarm","floor":10},{"not_picked":["Searing Blow","Power Through"],"picked":"Dual Wield","floor":11},{"not_picked":["Heavy Blade","Wild Strike"],"picked":"Spot Weakness","floor":11},{"not_picked":["Wild Strike","Burning Pact"],"picked":"Twin Strike","floor":12},{"not_picked":["Sword Boomerang","Headbutt"],"picked":"Heavy Blade","floor":12},{"not_picked":["Pummel","Clothesline"],"picked":"Heavy Blade","floor":14},{"not_picked":["Brutality","Intimidate"],"picked":"Iron Wave","floor":14},{"not_picked":["Berserk","Offering"],"picked":"Limit Break","floor":16},{"not_picked":["Warcry","Headbutt"],"picked":"Armaments","floor":18},{"not_picked":["Cleave","Clash"],"picked":"Rage","floor":18},{"not_picked":["Burning Pact+1","Ghostly Armor"],"picked":"Demon Form","floor":19},{"not_picked":["Thunderclap","Cleave"],"picked":"Shockwave","floor":19},{"not_picked":["Spot Weakness","Thunderclap+1"],"picked":"Seeing Red+1","floor":21},{"not_picked":["True Grit","Feel No Pain"],"picked":"Perfected Strike","floor":21},{"not_picked":["Wild Strike","Entrench"],"picked":"Fire Breathing","floor":22},{"not_picked":["Metallicize","Barricade"],"picked":"Twin Strike+1","floor":22},{"not_picked":["Second Wind","Shrug It Off"],"picked":"Ghostly Armor+1","floor":23},{"not_picked":["Juggernaut","Second Wind+1"],"picked":"Impervious","floor":25},{"not_picked":["Wild Strike","Thunderclap"],"picked":"Uppercut","floor":31},{"not_picked":["Combust","Twin Strike"],"picked":"Headbutt+1","floor":31}],"player_experience":29468,"relics_obtained":[{"floor":6,"key":"Mercury Hourglass"},{"floor":9,"key":"Bottled Lightning"},{"floor":17,"key":"Orichalcum"},{"floor":17,"key":"Shovel"},{"floor":17,"key":"Ornamental Fan"},{"floor":23,"key":"Anchor"},{"floor":25,"key":"Bag of Preparation"},{"floor":26,"key":"Shuriken"},{"floor":30,"key":"Mango"}],"event_choices":[{"damage_healed":0,"gold_gain":0,"player_choice":"Grow","damage_taken":0,"max_hp_gain":0,"max_hp_loss":0,"event_name":"Living Wall","floor":4,"gold_loss":0,"cards_upgraded":["Heavy Blade"]},{"damage_healed":0,"gold_gain":0,"player_choice":"Bought 0 Potions","damage_taken":0,"max_hp_gain":0,"max_hp_loss":0,"event_name":"The Woman in Blue","floor":8,"gold_loss":0},{"damage_healed":0,"gold_gain":0,"player_choice":"Gave Potion","damage_taken":0,"relics_obtained":["Ice Cream"],"max_hp_gain":0,"max_hp_loss":0,"event_name":"WeMeetAgain","floor":13,"gold_loss":0},{"damage_healed":0,"gold_gain":0,"cards_transformed":["Body Slam"],"player_choice":"Transformed","damage_taken":0,"max_hp_gain":0,"max_hp_loss":0,"event_name":"Transmorgrifier","floor":28,"gold_loss":0,"cards_obtained":["Rage"]}],"is_beta":false,"boss_relics":[{"not_picked":["Lizard Tail","Velvet Choker"],"picked":"Calling Bell"}],"items_purged_floors":[],"is_endless":false,"potions_floor_spawned":[1,2,6,7,11,14,18,19,25,31],"killed_by":"Collector","ascension_level":0}