{"path_per_floor":["M","?","?","?","?","E","$","?","T","M","R","M","R","M","R"],"character_chosen":"DEFECT","items_purchased":["Undo","Capacitor"],"gold_per_floor":[113,63,138,138,138,173,13,13,13,33,33,54,54,68,68,68],"floor_reached":16,"campfire_rested":0,"playtime":544,"current_hp_per_floor":[68,68,57,57,39,39,39,44,44,44,44,44,44,36,36,0],"items_purged":["Strike_B"],"gold":68,"score":166,"play_id":"5b249943-0cb7-418b-ad7e-cc5512c6930c","local_time":"20180502104825","is_prod":false,"is_daily":false,"chose_seed":false,"is_ascension_mode":true,"campfire_upgraded":3,"timestamp":1525283305,"path_taken":["M","?","?","?","?","E","$","?","T","M","R","M","R","M","R","BOSS"],"build_version":"2018-05-01v2","seed_source_timestamp":85683139319394,"purchased_purges":1,"victory":false,"master_deck":["Strike_B","Defend_B","Defend_B","Defend_B","Defend_B","Zap+1","Dualcast","Streamline","Leap","Undo","Capacitor","Hologram+1","Leap","Fusion+1"],"max_hp_per_floor":[75,75,75,75,75,75,75,80,80,80,80,80,80,80,80,80],"relics":["Cracked Core","NeowsBlessing","Golden Idol","The Courier","Dead Branch"],"card_choices":[{"not_picked":["Rebound","Turbo"],"picked":"Streamline","floor":1.0},{"not_picked":["Aggregate","Darkness"],"picked":"Leap","floor":6.0},{"not_picked":["Sweeping Beam","Go for the Eyes"],"picked":"Hologram","floor":10.0},{"not_picked":["Axe Kick","Stack"],"picked":"Leap","floor":12.0},{"not_picked":["Coolheaded","Loop"],"picked":"Fusion","floor":14.0}],"player_experience":524134,"potions_floor_usage":[],"damage_taken":[{"damage":0.0,"enemies":"Small Slimes","floor":1.0,"turns":1.0},{"damage":0.0,"enemies":"3 Sentries","floor":6.0,"turns":1.0},{"damage":0.0,"enemies":"Cultist","floor":10.0,"turns":1.0},{"damage":0.0,"enemies":"Jaw Worm","floor":12.0,"turns":4.0},{"damage":8.0,"enemies":"3 Louse","floor":14.0,"turns":4.0},{"damage":38,"enemies":"Slime Boss","floor":16,"turns":3}],"event_choices":[{"event_name":"The Cleric","player_choice":"Card Removal","floor":2.0,"damage_taken":0.0},{"event_name":"World of Goop","player_choice":"Gather Gold","floor":3.0,"damage_taken":0.0},{"event_name":"Living Wall","player_choice":"Forget","floor":4.0,"damage_taken":0.0},{"event_name":"Golden Idol","player_choice":"Take Damage","floor":5.0,"damage_taken":0.0},{"event_name":"Big Fish","player_choice":"Donut","floor":8.0,"damage_taken":0.0}],"boss_relics":[],"potions_floor_spawned":[1,12],"seed_played":"1199913445004025521","killed_by":"Slime Boss","ascension_level":7,"is_trial":false}