{"path_per_floor":["M","M","$","M","?","R","E","M","T","M","R","?","?","M","R","B",null,"M","M","?","?","M","R","E","M","T","M","M","M","M","?","R","B",null,"M","$","M","?","M","E","R","M","T","$","?","M","R","$","R"],"character_chosen":"IRONCLAD","items_purchased":["Sword Boomerang","Kunai","SteroidPotion"],"gold_per_floor":[110,129,0,19,19,19,51,61,140,159,159,237,265,276,276,377,377,395,415,330,330,347,347,372,389,389,408,423,436,448,373,373,478,478,490,131,144,144,161,186,186,199,199,74,74,88,88,39,39,39],"floor_reached":50,"campfire_rested":2,"playtime":1759,"item_purchase_floors":[3,36,48],"current_hp_per_floor":[77,77,77,80,85,85,63,69,69,73,73,73,53,59,59,25,85,85,74,74,74,49,49,17,38,38,27,53,61,68,68,68,41,104,103,103,113,113,118,83,83,58,58,58,88,45,81,81,117,0],"items_purged":["Strike_R","Strike_R","Defend_R"],"gold":39,"score":573,"play_id":"9e2cf0ce-3641-4949-8325-eb5397983a4a","local_time":"20180523155338","is_prod":false,"is_daily":false,"chose_seed":false,"is_ascension_mode":false,"campfire_upgraded":6,"win_rate":0.14492753,"timestamp":1527105218,"campfire_choices":[{"data":"Reckless Charge","floor":6,"key":"SMITH"},{"data":"Flex","floor":11,"key":"SMITH"},{"data":"True Grit","floor":15,"key":"SMITH"},{"data":"Rampage","floor":23,"key":"SMITH"},{"data":"Limit Break","floor":32,"key":"SMITH"},{"data":"Inflame","floor":41,"key":"SMITH"},{"floor":47,"key":"REST"},{"floor":49,"key":"REST"}],"path_taken":["M","M","$","M","?","R","E","M","T","M","R","?","?","M","R","BOSS","M","M","?","?","M","R","E","M","T","M","M","M","M","?","R","BOSS","M","$","M","?","M","E","R","M","T","$","?","?","R","$","R","BOSS"],"build_version":"2018-05-22","seed_source_timestamp":53026497378383,"purchased_purges":3,"victory":false,"master_deck":["Strike_R","Strike_R","Defend_R","Defend_R","Bash","Flex+1","Shrug It Off","Sword Boomerang","Reckless Charge+1","True Grit+1","Metallicize","Thunderclap","Fiend Fire","Disarm","Rampage+1","Headbutt","Limit Break+1","Whirlwind","Sentinel+1","Ghostly Armor+1","Feed","Reaper","Armaments+1","Flex","Dropkick","Immolate","Inflame+1","Feed","Pummel","Sword Boomerang","Bloodletting","Thunderclap","Writhe","Flex+1"],"max_hp_per_floor":[80,80,80,80,85,85,85,85,85,85,85,85,85,85,85,85,85,85,85,85,85,87,87,87,89,89,94,98,102,104,104,104,104,104,106,106,116,116,118,118,118,120,120,120,120,122,122,122,122,125],"relics":["Black Blood","Prayer Wheel","Bottled Lightning","Odd Mushroom","Cursed Key","Singing Bowl","Vajra","Red Skull","Kunai","Calipers"],"card_choices":[{"not_picked":["Headbutt","Spot Weakness"],"picked":"Flex","floor":1},{"not_picked":["Uppercut","Infernal Blade"],"picked":"Shrug It Off","floor":2},{"not_picked":["Havoc","Pommel Strike"],"picked":"Reckless Charge","floor":4},{"not_picked":["Ghostly Armor","Carnage"],"picked":"True Grit","floor":7},{"not_picked":["Warcry","Cleave"],"picked":"Metallicize","floor":8},{"not_picked":["Pommel Strike","Sever Soul"],"picked":"Thunderclap","floor":8},{"not_picked":["Clash","Uppercut"],"picked":"Fiend Fire","floor":10},{"not_picked":["Rage","Thunderclap","Second Wind"],"picked":"SKIP","floor":10},{"not_picked":["Clothesline","Armaments"],"picked":"Disarm","floor":13},{"not_picked":["Iron Wave","Pommel Strike"],"picked":"Rampage","floor":14},{"not_picked":["Reckless Charge","Combust"],"picked":"Headbutt","floor":14},{"not_picked":["Exhume","Double Tap"],"picked":"Limit Break","floor":16},{"not_picked":["Body Slam","Armaments"],"picked":"Whirlwind","floor":18},{"not_picked":["Thunderclap","Perfected Strike"],"picked":"Sentinel+1","floor":18},{"not_picked":["Blood for Blood","Anger+1"],"picked":"Ghostly Armor+1","floor":19},{"not_picked":["Rampage+1","Sentinel+1"],"picked":"Feed","floor":19},{"not_picked":["Cleave","Twin Strike"],"picked":"Armaments+1","floor":22},{"not_picked":["True Grit","Brutality","Sword Boomerang"],"picked":"Singing Bowl","floor":22},{"not_picked":["Ghostly Armor","Thunderclap+1"],"picked":"Flex","floor":24},{"not_picked":["Body Slam","Warcry"],"picked":"Dropkick","floor":25},{"not_picked":["Headbutt","Cleave","Pommel Strike"],"picked":"Singing Bowl","floor":25},{"not_picked":["Body Slam","Armaments","Thunderclap+1"],"picked":"Singing Bowl","floor":27},{"not_picked":["Uppercut+1","Thunderclap"],"picked":"Immolate","floor":27},{"not_picked":["Iron Wave","Body Slam","Rupture"],"picked":"Singing Bowl","floor":28},{"not_picked":["Uppercut","Havoc","Pommel Strike+1"],"picked":"Singing Bowl","floor":28},{"not_picked":["Cleave+1","Body Slam","True Grit"],"picked":"Singing Bowl","floor":29},{"not_picked":["Warcry","Flex","Dual Wield"],"picked":"Singing Bowl","floor":29},{"not_picked":["Carnage+1","Flex"],"picked":"Inflame","floor":30},{"not_picked":["Carnage","Infernal Blade+1","Double Tap"],"picked":"Singing Bowl","floor":30},{"not_picked":["Demon Form","Brutality"],"picked":"Feed","floor":33},{"not_picked":["Iron Wave","Anger","Sword Boomerang"],"picked":"Singing Bowl","floor":35},{"not_picked":["Flex+1","Flame Barrier"],"picked":"Pummel","floor":35},{"not_picked":["Rampage+1","Perfected Strike+1","True Grit"],"picked":"Singing Bowl","floor":37},{"not_picked":["Power Through","Shrug It Off","Perfected Strike"],"picked":"Singing Bowl","floor":37},{"not_picked":["Dual Wield","Entrench+1"],"picked":"Sword Boomerang","floor":39},{"not_picked":["Armaments+1","Power Through+1","Dark Embrace"],"picked":"Singing Bowl","floor":39},{"not_picked":["Heavy Blade","Havoc+1"],"picked":"Bloodletting","floor":40},{"not_picked":["Flex+1","Havoc"],"picked":"Thunderclap","floor":42},{"not_picked":["Power Through+1","Entrench+1","Perfected Strike"],"picked":"Singing Bowl","floor":42},{"not_picked":["Dual Wield+1","Intimidate+1"],"picked":"Flex+1","floor":46},{"not_picked":["Shrug It Off","Clothesline+1","Burning Pact+1"],"picked":"Singing Bowl","floor":46}],"player_experience":489610,"potions_floor_usage":[7,8,18,18,24,25,25,30,35,39,42,50,50],"damage_taken":[{"damage":9,"enemies":"Small Slimes","floor":1,"turns":4},{"damage":6,"enemies":"2 Louse","floor":2,"turns":2},{"damage":1,"enemies":"Jaw Worm","floor":4,"turns":3},{"damage":28,"enemies":"Lagavulin","floor":7,"turns":4},{"damage":0,"enemies":"2 Fungi Beasts","floor":8,"turns":2},{"damage":2,"enemies":"Gremlin Gang","floor":10,"turns":3},{"damage":26,"enemies":"The Mushroom Lair","floor":13,"turns":4},{"damage":0,"enemies":"Large Slime","floor":14,"turns":4},{"damage":40,"enemies":"Hexaghost","floor":16,"turns":10},{"damage":5,"enemies":"2 Thieves","floor":18,"turns":4},{"damage":17,"enemies":"Spheric Guardian","floor":19,"turns":4},{"damage":33,"enemies":"Snake Plant","floor":22,"turns":5},{"damage":38,"enemies":"Book of Stabbing","floor":24,"turns":8},{"damage":16,"enemies":"3 Cultists","floor":25,"turns":4},{"damage":22,"enemies":"Sentry and Sphere","floor":27,"turns":5},{"damage":2,"enemies":"Chosen and Byrds","floor":28,"turns":4},{"damage":20,"enemies":"Snecko","floor":29,"turns":5},{"damage":1,"enemies":"3 Cultists","floor":30,"turns":3},{"damage":33,"enemies":"Champ","floor":33,"turns":9},{"damage":13,"enemies":"Orb Walker","floor":35,"turns":3},{"damage":10,"enemies":"3 Shapes","floor":37,"turns":2},{"damage":17,"enemies":"Flame Bruiser 2 Orb","floor":39,"turns":3},{"damage":45,"enemies":"2 Orb Walkers","floor":40,"turns":4},{"damage":52,"enemies":"Transient","floor":42,"turns":5},{"damage":55,"enemies":"Spire Growth","floor":46,"turns":5},{"damage":138,"enemies":"Donu and Deca","floor":50,"turns":6}],"relics_obtained":[{"floor":7,"key":"Prayer Wheel"},{"floor":9,"key":"Bottled Lightning"},{"floor":13,"key":"Odd Mushroom"},{"floor":24,"key":"Vajra"},{"floor":26,"key":"Red Skull"},{"floor":40,"key":"Calipers"}],"event_choices":[{"event_name":"Big Fish","player_choice":"Donut","floor":5,"damage_taken":0},{"event_name":"Golden Wing","player_choice":"Gained Gold","floor":12,"damage_taken":0},{"event_name":"Mushrooms","player_choice":"Fought Mushrooms","floor":13,"damage_taken":0},{"event_name":"Addict","player_choice":"Obtained Relic","floor":20,"damage_taken":0},{"event_name":"Transmorgrifier","player_choice":"Transform","floor":21,"damage_taken":0},{"event_name":"Beggar","player_choice":"Gave Gold","floor":31,"damage_taken":0},{"event_name":"Tomb of Lord Red Mask","player_choice":"Ignored","floor":38,"damage_taken":0},{"event_name":"Winding Halls","player_choice":"Writhe","floor":45,"damage_taken":0}],"boss_relics":[{"not_picked":["Runic Dome","Eternal Feather"],"picked":"Cursed Key"},{"not_picked":["Orrery","Snecko Eye"],"picked":"Black Blood"}],"items_purged_floors":[3,36,44],"potions_floor_spawned":[2,7,8,14,16,22,24,25,29,33,35,40,42],"seed_played":"4210757585899814604","killed_by":"Donu and Deca","ascension_level":0,"potions_obtained":[{"floor":2,"key":"Poison Potion"},{"floor":7,"key":"Explosive Potion"},{"floor":8,"key":"Regen Potion"},{"floor":14,"key":"Block Potion"},{"floor":16,"key":"Fire Potion"},{"floor":22,"key":"AttackPotion"},{"floor":24,"key":"Regen Potion"},{"floor":25,"key":"Explosive Potion"},{"floor":29,"key":"Swift Potion"},{"floor":33,"key":"Explosive Potion"},{"floor":35,"key":"SkillPotion"},{"floor":40,"key":"Regen Potion"},{"floor":42,"key":"BloodPotion"}],"is_trial":false}