{"path_per_floor":["M","?","$","?","M","R","E","M","T","M","$","R","?","M","R","B",null,"M","M","M","M","?","R","$","M","T","M","$","M","$","M","R"],"character_chosen":"IRONCLAD","items_purchased":["Searing Blow","Clash","Bandage Up"],"gold_per_floor":[116,291,115,65,83,83,115,133,133,145,45,45,45,55,55,152,152,171,185,203,223,223,223,98,115,115,129,129,141,44,57,57,57],"floor_reached":33,"campfire_rested":3,"playtime":968,"current_hp_per_floor":[80,80,80,80,80,80,51,51,51,51,51,51,35,26,50,9,80,51,50,32,14,14,38,38,23,23,23,23,13,13,13,37,0],"items_purged":["Doubt","Clothesline","Sever Soul"],"gold":57,"score":251,"play_id":"45eaf86f-698b-48de-8154-6e87df592cd0","local_time":"20180406024508","is_prod":false,"is_daily":false,"is_ascension_mode":false,"campfire_upgraded":2,"timestamp":1522997108,"path_taken":["M","?","$","?","M","R","E","M","T","M","$","R","?","M","R","BOSS","M","?","M","M","?","R","?","M","T","M","$","M","$","M","R","BOSS"],"build_version":"2018-04-05","purchased_purges":3,"victory":false,"master_deck":["Bash","Whirlwind","Bludgeon+1","Headbutt","Metallicize","Rage","Pommel Strike","Rampage+1","Searing Blow+2","Clash","Double Tap","Seeing Red","True Grit+1","Bloodletting","Bandage Up","Ghostly Armor+1"],"max_hp_per_floor":[80,80,80,80,80,80,80,80,80,80,80,80,80,80,80,80,80,80,80,80,80,80,80,80,80,80,80,80,80,80,80,80,80],"relics":["Pandora\u0027s Box"],"card_choices":[{"not_picked":["Iron Wave","Second Wind"],"picked":"Rampage","floor":1},{"not_picked":["Fiend Fire","Barricade"],"picked":"Double Tap","floor":16},{"not_picked":["Shockwave","Feel No Pain"],"picked":"Seeing Red","floor":19},{"not_picked":["Intimidate","Clothesline"],"picked":"True Grit","floor":25},{"not_picked":["Thunderclap","Anger"],"picked":"Bloodletting","floor":27},{"not_picked":["Twin Strike","Anger"],"picked":"Ghostly Armor","floor":31}],"player_experience":319372,"potions_floor_usage":[16,16,21,29,31,33],"damage_taken":[{"damage":0,"enemies":"Small Slimes","floor":1,"turns":2},{"damage":0,"enemies":"2 Louse","floor":5,"turns":1},{"damage":29,"enemies":"3 Sentries","floor":7,"turns":5},{"damage":0,"enemies":"Cultist","floor":8,"turns":2},{"damage":0,"enemies":"3 Louse","floor":10,"turns":2},{"damage":9,"enemies":"Exordium Wildlife","floor":14,"turns":3},{"damage":41,"enemies":"The Guardian","floor":16,"turns":8},{"damage":29,"enemies":"Chosen","floor":18,"turns":5},{"damage":1,"enemies":"3 Byrds","floor":19,"turns":4},{"damage":18,"enemies":"Snake Plant","floor":20,"turns":3},{"damage":18,"enemies":"Cultist and Chosen","floor":21,"turns":5},{"damage":15,"enemies":"Snecko","floor":25,"turns":3},{"damage":0,"enemies":"Chosen and Byrds","floor":27,"turns":4},{"damage":19,"enemies":"Centurion and Healer","floor":29,"turns":6},{"damage":4,"enemies":"Cultist and Chosen","floor":31,"turns":6},{"damage":58,"enemies":"Automaton","floor":33,"turns":6}],"event_choices":[{"event_name":"Liars Game","player_choice":"agreed","floor":2,"damage_taken":0},{"event_name":"The Cleric","player_choice":"Card Removal","floor":4,"damage_taken":0},{"event_name":"Shining Light","player_choice":"Entered Light","floor":13,"damage_taken":0},{"event_name":"Drug Dealer","player_choice":"Ignored","floor":22,"damage_taken":0}],"boss_relics":[{"not_picked":["Black Star","Cursed Key","Runic Dome"]}],"potions_floor_spawned":[5,7,14,19,21,29,31],"seed_played":"-2697859783151312245","killed_by":"Automaton","ascension_level":0,"is_trial":false}