{"path_per_floor":["M","?","?","M","?","R","E","M","T","R","?","R","T","M","R","B",null,"M","$","M","T","M","R","?","?","T","R","M","R","?","M","R"],"character_chosen":"DEFECT","items_purchased":["Mummified Hand"],"gold_per_floor":[109,109,109,128,103,103,138,156,183,183,183,183,206,225,225,326,326,326,7,7,7,7,7,7,7,7,7,7,7,7,7,7,7],"floor_reached":33,"campfire_rested":1,"playtime":721,"current_hp_per_floor":[66,66,66,66,66,66,51,50,50,50,75,75,75,51,51,27,75,65,65,67,67,37,37,37,37,37,37,21,21,21,23,45,0],"items_purged":["Defend_B"],"gold":7,"score":243,"play_id":"5448d9e1-4d28-42ed-9e2e-f0b640a21037","local_time":"20180430015558","is_prod":false,"is_daily":false,"chose_seed":false,"is_ascension_mode":false,"campfire_upgraded":7,"timestamp":1525067758,"path_taken":["M","?","?","M","?","R","E","M","T","R","?","R","?","M","R","BOSS","M","$","M","?","M","R","?","?","T","R","?","R","?","M","R","BOSS"],"build_version":"2018-04-27v3","seed_source_timestamp":2513204676811050,"purchased_purges":1,"victory":false,"master_deck":["Strike_B+1","Strike_B+1","Defend_B","Defend_B","Defend_B","Zap+1","Ball Lightning+1","Defragment+1","Force Field+1","Impulse+1","Decay","Loop+1","Doom and Gloom+1","Storm+1","Fission","Rebound+1","Capacitor+1"],"max_hp_per_floor":[75,75,75,75,75,75,75,75,75,75,75,75,75,75,75,75,75,75,75,75,75,75,75,75,75,75,75,75,75,75,75,75,75],"relics":["Astrolabe","Whetstone","Blood Vial","Pen Nib","Ectoplasm","Mummified Hand","DataDisk","Toxic Egg 2"],"card_choices":[{"not_picked":["Coolheaded","Go for the Eyes"],"picked":"Impulse","floor":1},{"not_picked":["Skim","Turbo"],"picked":"Loop","floor":4},{"not_picked":["Aggregate","Barrage"],"picked":"Doom and Gloom","floor":8},{"not_picked":["Leap","Sweeping Beam"],"picked":"Storm","floor":14},{"not_picked":["Reboot","Creative AI"],"picked":"Fission","floor":16},{"not_picked":["Stack","Gash"],"picked":"Rebound","floor":18},{"not_picked":["Chaos","Self Repair"],"picked":"Capacitor","floor":28}],"player_experience":420054,"potions_floor_usage":[],"damage_taken":[{"damage":9,"enemies":"Small Slimes","floor":1,"turns":3},{"damage":0,"enemies":"2 Louse","floor":4,"turns":2},{"damage":15,"enemies":"Lagavulin","floor":7,"turns":5},{"damage":1,"enemies":"Cultist","floor":8,"turns":3},{"damage":24,"enemies":"Exordium Thugs","floor":14,"turns":4},{"damage":26,"enemies":"Hexaghost","floor":16,"turns":8},{"damage":10,"enemies":"3 Byrds","floor":18,"turns":3},{"damage":0,"enemies":"Spheric Guardian","floor":20,"turns":2},{"damage":32,"enemies":"Cultist and Chosen","floor":22,"turns":4},{"damage":18,"enemies":"Snake Plant","floor":28,"turns":3},{"damage":0,"enemies":"Chosen and Byrds","floor":31,"turns":3},{"damage":66,"enemies":"Automaton","floor":33,"turns":6}],"event_choices":[{"event_name":"Shining Light","player_choice":"Ignored","floor":2,"damage_taken":0},{"event_name":"Wheel of Change","player_choice":"Curse","floor":3,"damage_taken":0},{"event_name":"World of Goop","player_choice":"Left","floor":5,"damage_taken":0},{"event_name":"Big Fish","player_choice":"Banana","floor":11,"damage_taken":0},{"event_name":"Addict","player_choice":"Ignored","floor":24,"damage_taken":0},{"event_name":"Cursed Tome","player_choice":"Ignored","floor":25,"damage_taken":0},{"event_name":"Ghosts","player_choice":"Ignored","floor":30,"damage_taken":0}],"boss_relics":[{"not_picked":["Black Star","Tiny House"],"picked":"Ectoplasm"}],"potions_floor_spawned":[8,14,16,20,22],"seed_played":"-7435580470787936717","killed_by":"Automaton","ascension_level":0,"is_trial":false}