{"path_per_floor":["M","?","M","?","?","R","E","R","T","M","?","M","M","$","R","B",null,"M","$","M","?","M","R"],"character_chosen":"DEFECT","items_purchased":["Creative AI","Undo"],"gold_per_floor":[110,60,71,71,71,71,107,107,183,202,202,217,233,10,10,136,136,151,51,67,67,82,82,82],"floor_reached":24,"campfire_rested":0,"playtime":897,"current_hp_per_floor":[75,75,75,57,57,57,31,31,31,41,41,46,46,46,46,27,75,55,55,64,64,50,50,0],"items_purged":["Strike_B","Strike_B"],"gold":82,"score":196,"play_id":"a5f5d73a-359a-4128-b2ae-70b8308de391","local_time":"20180501142720","is_prod":false,"is_daily":false,"chose_seed":false,"is_ascension_mode":false,"campfire_upgraded":4,"timestamp":1525199240,"path_taken":["M","?","M","?","?","R","E","R","T","?","?","M","M","$","R","BOSS","M","?","M","?","M","R","E"],"build_version":"2018-04-30","seed_source_timestamp":68043780799495,"purchased_purges":2,"victory":false,"master_deck":["Defend_B","Defend_B","Defend_B","Defend_B","Zap+1","Dualcast","Self Repair+1","Capacitor","Undo","Lockon","Cold Snap","Auto Shields+1","Leap","Creative AI+1","Undo+1","Fission","Coolheaded","Reboot","Consume+1"],"max_hp_per_floor":[75,75,75,75,75,75,75,75,75,75,75,75,75,75,75,75,75,75,75,75,75,75,75,75],"relics":["Cracked Core","Art of War","Golden Idol","Frozen Egg 2","Tiny Chest","Black Star"],"card_choices":[{"not_picked":["Rebound","Coolheaded"],"picked":"Self Repair","floor":1},{"not_picked":["Reprogram","Turbo"],"picked":"Capacitor","floor":3},{"not_picked":["Conserve Battery","Force Field"],"picked":"Lockon","floor":7},{"not_picked":["Flux Capacitor","Skim"],"picked":"Cold Snap","floor":10},{"not_picked":["Impulse","Buffer"],"picked":"Auto Shields","floor":12},{"not_picked":["Impulse","Streamline"],"picked":"Leap","floor":13},{"not_picked":["All For One","Multi-Cast"],"picked":"Fission","floor":16},{"not_picked":["Skim","Stack"],"picked":"Coolheaded","floor":18},{"not_picked":["Barrage","Go for the Eyes"],"picked":"Reboot","floor":20},{"not_picked":["Cold Snap","Axe Kick"],"picked":"Consume","floor":22}],"player_experience":420775,"potions_floor_usage":[13,16,16,22],"damage_taken":[{"damage":0,"enemies":"Small Slimes","floor":1,"turns":2},{"damage":6,"enemies":"Jaw Worm","floor":3,"turns":4},{"damage":41,"enemies":"Lagavulin","floor":7,"turns":7},{"damage":0,"enemies":"2 Louse","floor":10,"turns":2},{"damage":15,"enemies":"Blue Slaver","floor":12,"turns":4},{"damage":0,"enemies":"Lots of Slimes","floor":13,"turns":1},{"damage":32,"enemies":"Hexaghost","floor":16,"turns":10},{"damage":30,"enemies":"Spheric Guardian","floor":18,"turns":7},{"damage":21,"enemies":"3 Byrds","floor":20,"turns":6},{"damage":29,"enemies":"Snake Plant","floor":22,"turns":8},{"damage":51,"enemies":"Gremlin Leader","floor":24,"turns":5}],"event_choices":[{"event_name":"The Cleric","player_choice":"Card Removal","floor":2,"damage_taken":0},{"event_name":"Golden Idol","player_choice":"Take Damage","floor":4,"damage_taken":0},{"event_name":"Transmorgrifier","player_choice":"Transform","floor":5,"damage_taken":0},{"event_name":"Liars Game","player_choice":"disagreed","floor":11,"damage_taken":0},{"event_name":"Addict","player_choice":"Ignored","floor":21,"damage_taken":0}],"boss_relics":[{"not_picked":["Pandora\u0027s Box","Orrery"],"picked":"Black Star"}],"potions_floor_spawned":[3,10,12,20],"seed_played":"-393552844334629363","killed_by":"Gremlin Leader","ascension_level":0,"is_trial":false}