{"gold_per_floor":[116,116,291,359,370,400,400,434,457,476,488,501,9,20,20,122,122,141,158,158,158,176,77,96,131,131,131,131,94,124,141,141,141],"floor_reached":33,"playtime":2332,"items_purged":["Regret"],"score":297,"play_id":"6a5be567-e933-4c1f-bb03-f5fc22126f5f","local_time":"20190912021111","is_ascension_mode":false,"campfire_choices":[{"floor":7,"key":"REST"},{"floor":15,"key":"REST"},{"floor":27,"key":"REST"},{"floor":32,"key":"REST"}],"neow_cost":"CURSE","seed_source_timestamp":79641449651700,"circlet_count":0,"master_deck":["Strike_R","Strike_R","Strike_R","Strike_R","Defend_R","Defend_R","Defend_R","Bash","Regret","Flex","Clothesline","Heavy Blade","Doubt","Headbutt","Limit Break","Warcry","Armaments","Twin Strike","Reckless Charge","Thinking Ahead","Shrug It Off","Perfected Strike","Demon Form","Dropkick","Twin Strike","Thunderclap","Pommel Strike","Inflame","Armaments","Rage+1","Whirlwind","Berserk","Iron Wave","Battle Trance+1"],"relics":["Burning Blood","Red Skull","Sundial","Mercury Hourglass","Potion Belt","Ancient Tea Set","Meat on the Bone","Sozu","Centennial Puzzle","Dream Catcher","Oddly Smooth Stone","Nilry\u0027s Codex","Question Card"],"potions_floor_usage":[25,33,33],"damage_taken":[{"damage":7,"enemies":"Small Slimes","floor":1,"turns":3},{"damage":6,"enemies":"2 Louse","floor":5,"turns":2},{"damage":51,"enemies":"Gremlin Nob","floor":6,"turns":6},{"damage":34,"enemies":"Lagavulin","floor":8,"turns":6},{"damage":0,"enemies":"Jaw Worm","floor":10,"turns":1},{"damage":17,"enemies":"Gremlin Gang","floor":11,"turns":3},{"damage":0,"enemies":"Exordium Thugs","floor":12,"turns":2},{"damage":0,"enemies":"Looter","floor":14,"turns":2},{"damage":36,"enemies":"Slime Boss","floor":16,"turns":8},{"damage":11,"enemies":"Chosen","floor":18,"turns":3},{"damage":6,"enemies":"Spheric Guardian","floor":19,"turns":3},{"damage":36,"enemies":"Centurion and Healer","floor":22,"turns":4},{"damage":21,"enemies":"Shelled Parasite and Fungi","floor":24,"turns":3},{"damage":35,"enemies":"Gremlin Leader","floor":25,"turns":3},{"damage":36,"enemies":"Slavers","floor":30,"turns":3},{"damage":18,"enemies":"Chosen and Byrds","floor":31,"turns":4},{"damage":84,"enemies":"Automaton","floor":33,"turns":6}],"seed_played":"3695441753641876564","potions_obtained":[{"floor":6,"key":"Strength Potion"},{"floor":8,"key":"AttackPotion"},{"floor":10,"key":"Weak Potion"},{"floor":14,"key":"Dexterity Potion"}],"is_trial":false,"path_per_floor":["M","?","?","T","M","E","R","E","T","M","M","M","$","M","R","B",null,"M","M","?","?","M","$","M","E","T","R","?","$","E","M","R","B"],"character_chosen":"IRONCLAD","items_purchased":["Meat on the Bone","Thinking Ahead","Shrug It Off","Pommel Strike","Whirlwind"],"campfire_rested":4,"item_purchase_floors":[13,13,13,23,29],"current_hp_per_floor":[79,79,79,79,79,34,58,30,30,36,25,31,31,49,73,55,80,75,75,75,75,57,57,54,37,37,61,45,45,27,27,51,0],"gold":141,"neow_bonus":"TRANSFORM_TWO_CARDS","is_prod":false,"is_daily":false,"chose_seed":false,"campfire_upgraded":0,"win_rate":0.0,"timestamp":1568247071,"path_taken":["M","?","?","?","M","E","R","E","T","M","?","M","?","M","R","BOSS","M","M","?","?","M","$","M","E","T","R","?","$","E","M","R","BOSS"],"build_version":"2019-07-17","purchased_purges":1,"victory":false,"max_hp_per_floor":[80,80,80,80,80,80,80,80,80,80,80,80,80,80,80,80,80,80,80,80,80,80,80,80,80,80,80,80,80,80,80,80,80],"card_choices":[{"not_picked":["Body Slam","Hemokinesis"],"picked":"Heavy Blade","floor":1},{"not_picked":["Twin Strike","True Grit"],"picked":"Headbutt","floor":5},{"not_picked":["Headbutt","Flex"],"picked":"Limit Break","floor":6},{"not_picked":["Corruption","Heavy Blade"],"picked":"Warcry","floor":8},{"not_picked":["Thunderclap","Clothesline"],"picked":"Armaments","floor":10},{"not_picked":["Wild Strike","Flex"],"picked":"Twin Strike","floor":11},{"not_picked":["Fire Breathing","Heavy Blade"],"picked":"Reckless Charge","floor":12},{"not_picked":["True Grit","Intimidate"],"picked":"Perfected Strike","floor":14},{"not_picked":["Brutality","Barricade"],"picked":"Demon Form","floor":16},{"not_picked":["Wild Strike","Heavy Blade"],"picked":"Dropkick","floor":18},{"not_picked":["Wild Strike","Feel No Pain"],"picked":"Twin Strike","floor":19},{"not_picked":["Hemokinesis+1","Searing Blow"],"picked":"Thunderclap","floor":22},{"not_picked":["Shrug It Off","Carnage"],"picked":"Inflame","floor":24},{"not_picked":["Burning Pact","Sword Boomerang"],"picked":"Armaments","floor":25},{"not_picked":["Clothesline+1","Body Slam+1"],"picked":"Rage+1","floor":27},{"not_picked":["Battle Trance+1","Blood for Blood+1"],"picked":"Berserk","floor":30},{"not_picked":["Blood for Blood","Cleave","Clothesline+1"],"picked":"Iron Wave","floor":31},{"not_picked":["True Grit","Wild Strike","Perfected Strike"],"picked":"Battle Trance+1","floor":32}],"player_experience":27136,"relics_obtained":[{"floor":4,"key":"Sundial"},{"floor":6,"key":"Mercury Hourglass"},{"floor":8,"key":"Potion Belt"},{"floor":9,"key":"Ancient Tea Set"},{"floor":25,"key":"Dream Catcher"},{"floor":26,"key":"Oddly Smooth Stone"},{"floor":28,"key":"Nilry\u0027s Codex"},{"floor":30,"key":"Question Card"}],"event_choices":[{"damage_healed":0,"gold_gain":0,"player_choice":"Box","damage_taken":0,"relics_obtained":["Red Skull"],"max_hp_gain":0,"max_hp_loss":0,"event_name":"Big Fish","floor":2,"gold_loss":0,"cards_obtained":["Regret"]},{"damage_healed":0,"gold_gain":175,"player_choice":"AGREE","damage_taken":0,"max_hp_gain":0,"max_hp_loss":0,"event_name":"Liars Game","floor":3,"gold_loss":0,"cards_obtained":["Doubt"]},{"damage_healed":0,"gold_gain":0,"player_choice":"Opened","damage_taken":0,"relics_obtained":["Centennial Puzzle"],"max_hp_gain":0,"max_hp_loss":0,"event_name":"The Mausoleum","floor":20,"gold_loss":0,"cards_obtained":["Writhe"]},{"cards_removed":["Writhe"],"damage_healed":0,"gold_gain":0,"player_choice":"Elegance","damage_taken":0,"max_hp_gain":0,"max_hp_loss":0,"event_name":"Back to Basics","floor":21,"gold_loss":0},{"damage_healed":0,"gold_gain":0,"player_choice":"Obtained Book","damage_taken":16,"max_hp_gain":0,"max_hp_loss":0,"event_name":"Cursed Tome","floor":28,"gold_loss":0}],"is_beta":false,"boss_relics":[{"not_picked":["Runic Pyramid","Black Star"],"picked":"Sozu"}],"items_purged_floors":[23],"is_endless":false,"potions_floor_spawned":[6,8,10,14,18,19,22],"killed_by":"Automaton","ascension_level":0}