{"path_per_floor":["M","M","M","M","?","R","M","T","T","M","?","$","E","M","R","B",null,"M","$","?","M","M","R","M","M","T","R","$","M","E","M","R"],"character_chosen":"IRONCLAD","items_purchased":["Double Tap"],"gold_per_floor":[115,133,144,154,154,154,168,195,220,235,207,132,166,178,178,275,275,287,27,27,39,51,51,61,80,80,80,80,92,124,140,140,140],"floor_reached":33,"campfire_rested":1,"playtime":925,"current_hp_per_floor":[72,72,72,60,60,60,45,45,45,51,51,51,48,56,72,50,67,65,65,65,59,46,46,72,72,72,72,72,70,43,61,61,0],"items_purged":["Strike_R","Strike_R"],"gold":140,"score":369,"play_id":"fe70ac75-2b15-4e18-a145-3808176b6a55","local_time":"20180403163658","is_prod":false,"is_daily":false,"is_ascension_mode":true,"campfire_upgraded":4,"timestamp":1522787818,"path_taken":["M","M","M","M","?","R","M","?","T","?","?","$","E","M","R","BOSS","M","$","?","M","?","R","M","?","T","R","$","?","E","M","R","BOSS"],"build_version":"2018-03-29v2","purchased_purges":2,"victory":false,"master_deck":["Strike_R+1","Strike_R+1","Defend_R","Defend_R","Defend_R","Bash","Armaments","Offering+1","Inflame","Whirlwind+1","Reaper","Metallicize+1","Shrug It Off","Thunderclap","Double Tap","Flex+1","Corruption+1","Feed","Impervious"],"max_hp_per_floor":[72,72,72,72,72,72,72,72,72,72,72,72,72,72,72,72,72,72,72,72,72,72,72,72,72,72,72,72,72,72,72,72,72],"relics":["Burning Blood","Whetstone","Bag of Marbles","Bronze Scales","Philosopher\u0027s Stone","The Courier","Pen Nib"],"card_choices":[{"not_picked":["Spot Weakness","Warcry"],"picked":"Inflame","floor":1},{"not_picked":["Spot Weakness","Shockwave"],"picked":"Whirlwind","floor":2},{"not_picked":["Rupture","Sword Boomerang"],"picked":"Reaper","floor":3},{"not_picked":["Dual Wield","Clothesline"],"picked":"Metallicize","floor":4},{"not_picked":["Cleave","Iron Wave"],"picked":"Shrug It Off","floor":7},{"not_picked":["Pommel Strike","Fire Breathing"],"picked":"Thunderclap","floor":10},{"not_picked":["Evolve","Wild Strike"],"picked":"Flex","floor":24},{"not_picked":["Twin Strike","Pommel Strike"],"picked":"Corruption","floor":25},{"not_picked":["Shrug It Off","Clash"],"picked":"Feed","floor":29},{"not_picked":["Thunderclap","Shrug It Off"],"picked":"Impervious","floor":30}],"player_experience":297744,"potions_floor_usage":[24,29,33,33],"damage_taken":[{"damage":0,"enemies":"2 Louse","floor":1,"turns":4},{"damage":4,"enemies":"Cultist","floor":2,"turns":3},{"damage":0,"enemies":"Small Slimes","floor":3,"turns":2},{"damage":22,"enemies":"Exordium Wildlife","floor":4,"turns":4},{"damage":25,"enemies":"Exordium Thugs","floor":7,"turns":4},{"damage":0,"enemies":"3 Louse","floor":10,"turns":1},{"damage":9,"enemies":"3 Sentries","floor":13,"turns":3},{"damage":4,"enemies":"Large Slime","floor":14,"turns":3},{"damage":37,"enemies":"The Guardian","floor":16,"turns":13},{"damage":8,"enemies":"Spheric Guardian","floor":18,"turns":3},{"damage":30,"enemies":"2 Thieves","floor":21,"turns":2},{"damage":34,"enemies":"Snake Plant","floor":22,"turns":3},{"damage":4,"enemies":"Cultist and Chosen","floor":24,"turns":4},{"damage":4,"enemies":"Sentry and Sphere","floor":25,"turns":3},{"damage":8,"enemies":"Centurion and Healer","floor":29,"turns":3},{"damage":39,"enemies":"Book of Stabbing","floor":30,"turns":4},{"damage":6,"enemies":"3 Cultists","floor":31,"turns":3},{"damage":101,"enemies":"Automaton","floor":33,"turns":6}],"event_choices":[{"event_name":"Upgrade Shrine","player_choice":"Upgraded","floor":5,"damage_taken":0},{"event_name":"World of Goop","player_choice":"Left","floor":11,"damage_taken":0},{"event_name":"Addict","player_choice":"Ignored","floor":20,"damage_taken":0}],"boss_relics":[{"not_picked":["Tiny House","Mark of Pain"],"picked":"Philosopher\u0027s Stone"}],"potions_floor_spawned":[1,2,7,13,14,25,29],"seed_played":"2845597779365690336","killed_by":"Automaton","ascension_level":7,"is_trial":false}