{"gold_per_floor":[109,34,148,163,9,35,53,53,53,53,27,27,60,75,75,174,174,188,300,4,19,33,58,58,75,123,123,123,133,133,145,145,145],"floor_reached":33,"playtime":1071,"items_purged":["Strike_G"],"score":279,"play_id":"5e6df641-1279-413a-b937-abd39ede0dbe","local_time":"20190109235025","is_ascension_mode":false,"campfire_choices":[{"data":"Blade Dance","floor":8,"key":"SMITH"},{"data":"Dagger Spray","floor":12,"key":"SMITH"},{"floor":15,"key":"REST"},{"floor":24,"key":"REST"},{"floor":27,"key":"REST"},{"data":"Accuracy","floor":32,"key":"SMITH"}],"neow_cost":"NONE","seed_source_timestamp":1131577439066510,"circlet_count":0,"master_deck":["Defend_G","Defend_G","Defend_G","Defend_G","Strike_G","Strike_G","Strike_G","Survivor","Neutralize","Flash of Steel","Finisher+1","Backflip","Blade Dance+1","Dagger Spray+1","Slice","Glass Knife","Prepared","Accuracy+1","Adrenaline","Cloak And Dagger","Slice+1"],"relics":["Ring of the Snake","infinitespire:Satchel","Bottled Lightning","Bottled Flame","Runic Dome","infinitespire:BottledMercury","hubris:Teleporter","hubris:ToyBattleship"],"potions_floor_usage":[13,16],"damage_taken":[{"damage":2,"enemies":"Jaw Worm","floor":1,"turns":5},{"damage":4,"enemies":"Cultist","floor":3,"turns":3},{"damage":0,"enemies":"Small Slimes","floor":4,"turns":3},{"damage":14,"enemies":"3 Sentries","floor":6,"turns":8},{"damage":12,"enemies":"2 Fungi Beasts","floor":7,"turns":4},{"damage":37,"enemies":"Lagavulin","floor":13,"turns":6},{"damage":0,"enemies":"Red Slaver","floor":14,"turns":1},{"damage":17,"enemies":"Hexaghost","floor":16,"turns":10},{"damage":6,"enemies":"Chosen","floor":18,"turns":2},{"damage":2,"enemies":"Shell Parasite","floor":19,"turns":2},{"damage":4,"enemies":"3 Cultists","floor":21,"turns":3},{"damage":0,"enemies":"Snecko","floor":22,"turns":2},{"damage":44,"enemies":"Nightmare","floor":23,"turns":7},{"damage":14,"enemies":"Sentry and Sphere","floor":25,"turns":4},{"damage":0,"enemies":"Snake Plant","floor":29,"turns":1},{"damage":0,"enemies":"Shelled Parasite and Fungi","floor":31,"turns":2},{"damage":47,"enemies":"hubris:MusketHawk","floor":33,"turns":6}],"seed_played":"-6947357474432316170","potions_obtained":[{"floor":6,"key":"Fire Potion"},{"floor":13,"key":"LiquidBronze"},{"floor":16,"key":"Strength Potion"},{"floor":19,"key":"SkillPotion"},{"floor":22,"key":"SkillPotion"},{"floor":23,"key":"infinitespire:BlackPotion"}],"is_trial":false,"path_per_floor":["M","$","M","M","$","E","M","R","T","?","$","R","E","M","R","B",null,"M","M","$","M","M","NM","R","M","T","R","?","M","?","M","R","B"],"character_chosen":"THE_SILENT","items_purchased":["infinitespire:Satchel","Dagger Spray","infinitespire:BottledMercury","Accuracy"],"campfire_rested":3,"item_purchase_floors":[5,11,20,20],"current_hp_per_floor":[68,68,64,64,64,50,38,38,38,38,38,38,1,1,22,5,70,64,62,62,58,58,14,35,21,21,42,42,42,42,42,42,0],"gold":145,"neow_bonus":"RANDOM_COLORLESS","is_prod":false,"is_daily":false,"chose_seed":false,"campfire_upgraded":3,"win_rate":0,"timestamp":1547095825,"path_taken":["M","$","M","M","$","E","M","R","T","?","?","R","E","M","R","BOSS","M","M","$","M","?","NM","R","M","T","R","?","?","?","M","R","BOSS"],"build_version":"2019-01-03v4","purchased_purges":1,"victory":false,"max_hp_per_floor":[70,70,70,70,70,70,70,70,70,70,70,70,70,70,70,70,70,70,70,70,70,70,70,70,70,70,70,70,70,70,70,70,70],"card_choices":[{"not_picked":["Underhanded Strike","hubris:TrickCloak"],"picked":"Finisher","floor":1},{"not_picked":["Well Laid Plans","Acrobatics"],"picked":"Backflip","floor":3},{"not_picked":["Slice","PiercingWail"],"picked":"Blade Dance","floor":4},{"not_picked":["Acrobatics","All Out Attack","Underhanded Strike"],"picked":"SKIP","floor":6},{"not_picked":["Endless Agony","Terror","Deflect"],"picked":"SKIP","floor":7},{"not_picked":["Sucker Punch","Reflex","Eviscerate"],"picked":"SKIP","floor":13},{"not_picked":["Phantasmal Killer","Eviscerate"],"picked":"Slice","floor":14},{"not_picked":["Night Terror","Bullet Time"],"picked":"Glass Knife","floor":16},{"not_picked":["Bane","Deflect","Dagger Throw"],"picked":"SKIP","floor":18},{"not_picked":["Heel Hook","Slice"],"picked":"Prepared","floor":19},{"not_picked":["Poisoned Stab","Dagger Throw+1"],"picked":"Adrenaline","floor":21},{"not_picked":["Backflip","Acrobatics"],"picked":"Cloak And Dagger","floor":22},{"not_picked":["Eviscerate","Deadly Poison+1","Calculated Gamble+1"],"picked":"SKIP","floor":23},{"not_picked":["hubris:SlightOfHand","Prepared","Underhanded Strike"],"picked":"SKIP","floor":25},{"not_picked":["Dagger Throw","Outmaneuver"],"picked":"Slice+1","floor":29},{"not_picked":["Finisher","Dodge and Roll","Acrobatics+1"],"picked":"SKIP","floor":31}],"player_experience":563053,"relics_obtained":[{"floor":6,"key":"Bottled Lightning"},{"floor":13,"key":"Bottled Flame"},{"floor":23,"key":"hubris:Teleporter"},{"floor":26,"key":"hubris:ToyBattleship"}],"event_choices":[{"damage_healed":0,"gold_gain":0,"player_choice":"Upgraded","damage_taken":0,"max_hp_gain":0,"max_hp_loss":0,"event_name":"Upgrade Shrine","floor":10,"gold_loss":0,"cards_upgraded":["Finisher"]},{"cards_removed":["Strike_G"],"damage_healed":0,"gold_gain":0,"player_choice":"Purged","damage_taken":0,"max_hp_gain":0,"max_hp_loss":0,"event_name":"Purifier","floor":28,"gold_loss":0},{"cards_removed":["Defend_G"],"damage_healed":0,"gold_gain":0,"player_choice":"Elegance","damage_taken":0,"max_hp_gain":0,"max_hp_loss":0,"event_name":"Back to Basics","floor":30,"gold_loss":0}],"is_beta":false,"boss_relics":[{"not_picked":["Snecko Eye","hubris:VirtuousBlindfold"],"picked":"Runic Dome"}],"items_purged_floors":[2],"is_endless":false,"potions_floor_spawned":[6,13,16,19,22,23,25],"killed_by":"hubris:MusketHawk","ascension_level":0}