{"gold_per_floor":[116,116,130,144,69,69,99,99,99,99,115,115,130,36,36,36],"floor_reached":16,"playtime":375,"items_purged":["Strike_B"],"score":120,"play_id":"a463477b-7e92-4e3d-9d1f-2a42f63eab4d","local_time":"20181226012615","is_ascension_mode":true,"campfire_choices":[{"data":"Dualcast","floor":6,"key":"SMITH"},{"data":"Zap","floor":8,"key":"SMITH"},{"data":"Loop","floor":15,"key":"SMITH"}],"neow_cost":"NONE","seed_source_timestamp":459687412136141,"circlet_count":0,"master_deck":["Strike_B","Strike_B","Strike_B","Defend_B","Defend_B","Defend_B+1","Defend_B","Zap+1","Dualcast+1","Leap+1","Auto Shields","Loop+1","Panacea"],"relics":["Cracked Core","Lantern","Pear","Question Card","Golden Idol"],"potions_floor_usage":[7,16],"damage_taken":[{"damage":9,"enemies":"2 Louse","floor":1,"turns":3},{"damage":0,"enemies":"Jaw Worm","floor":3,"turns":3},{"damage":1,"enemies":"Cultist","floor":4,"turns":4},{"damage":13,"enemies":"Lagavulin","floor":7,"turns":9},{"damage":1,"enemies":"Looter","floor":11,"turns":3},{"damage":0,"enemies":"Red Slaver","floor":13,"turns":4},{"damage":89,"enemies":"Slime Boss","floor":16,"turns":11}],"seed_played":"3766676948272769732","potions_obtained":[{"floor":1,"key":"Fire Potion"},{"floor":13,"key":"Regen Potion"}],"is_trial":false,"path_per_floor":["M","?","M","M","$","R","E","R","T","?","M","?","M","$","R","B"],"character_chosen":"DEFECT","items_purchased":["Panacea"],"campfire_rested":0,"item_purchase_floors":[14],"current_hp_per_floor":[66,51,51,50,50,50,47,47,47,47,46,72,72,72,72,0],"gold":36,"neow_bonus":"RANDOM_COMMON_RELIC","is_prod":false,"is_daily":false,"chose_seed":false,"campfire_upgraded":3,"win_rate":0,"timestamp":1545783975,"path_taken":["M","?","M","M","$","R","E","R","T","?","M","?","M","?","R","BOSS"],"build_version":"2018-12-20","purchased_purges":1,"victory":false,"max_hp_per_floor":[75,75,75,75,75,75,85,85,85,79,79,79,79,79,79,79],"card_choices":[{"not_picked":["Reinforced Body","Cold Snap"],"picked":"Leap","floor":1},{"not_picked":["Cold Snap","Streamline"],"picked":"Auto Shields","floor":3},{"not_picked":["Lockon","Rebound","Compile Driver"],"picked":"SKIP","floor":4},{"not_picked":["Barrage","Double Energy","Rip and Tear"],"picked":"SKIP","floor":7},{"not_picked":["Hologram","Streamline","Conserve Battery"],"picked":"Loop","floor":11},{"not_picked":["Doom and Gloom","Coolheaded","Sweeping Beam","Stack"],"picked":"SKIP","floor":13}],"player_experience":338523,"relics_obtained":[{"floor":7,"key":"Pear"},{"floor":9,"key":"Question Card"}],"event_choices":[{"damage_healed":0,"gold_gain":0,"player_choice":"Entered Light","damage_taken":15,"max_hp_gain":0,"max_hp_loss":0,"event_name":"Shining Light","floor":2,"gold_loss":0,"cards_upgraded":["Defend_B","Leap"]},{"damage_healed":0,"gold_gain":0,"player_choice":"Lose Max HP","damage_taken":0,"relics_obtained":["Golden Idol"],"max_hp_gain":0,"max_hp_loss":6,"event_name":"Golden Idol","floor":10,"gold_loss":0},{"damage_healed":26,"gold_gain":0,"player_choice":"Banana","damage_taken":0,"max_hp_gain":0,"max_hp_loss":0,"event_name":"Big Fish","floor":12,"gold_loss":0}],"is_beta":false,"boss_relics":[],"items_purged_floors":[5],"is_endless":false,"potions_floor_spawned":[1,13],"killed_by":"Slime Boss","ascension_level":4}