{"gold_per_floor":[116,116,127,146,146,146,178,178,178,189,208,179,179,208,208,304,304,314,314,314,324,324],"floor_reached":22,"playtime":458,"items_purged":[],"score":194,"play_id":"52969480-45b5-4e66-a284-574f356b86fb","local_time":"20181031104039","is_ascension_mode":false,"campfire_choices":[{"data":"Perfected Strike","floor":6,"key":"SMITH"},{"floor":8,"key":"RECALL"},{"data":"Perfected Strike","floor":15,"key":"SMITH"}],"neow_cost":"NONE","seed_source_timestamp":69316411651281,"circlet_count":0,"master_deck":["Strike_R","Strike_R","Strike_R","Strike_R","Strike_R","Defend_R","Defend_R","Defend_R","Defend_R","Bash","Perfected Strike+1","Spot Weakness","Cleave","Perfected Strike+1","Wild Strike","Limit Break+1","Regret","Doubt","Doubt","Perfected Strike","Seeing Red+1"],"relics":["Burning Blood","NeowsBlessing","GremlinMask","Shuriken","Toxic Egg 2","Bag of Marbles","Calling Bell","Lantern","Dodecahedron","Thread and Needle"],"potions_floor_usage":[16,22],"damage_taken":[{"damage":0,"enemies":"Jaw Worm","floor":1,"turns":1},{"damage":0,"enemies":"Cultist","floor":3,"turns":1},{"damage":0,"enemies":"2 Louse","floor":4,"turns":1},{"damage":32,"enemies":"Gremlin Nob","floor":7,"turns":4},{"damage":10,"enemies":"Looter","floor":10,"turns":3},{"damage":1,"enemies":"Exordium Wildlife","floor":11,"turns":3},{"damage":31,"enemies":"3 Sentries","floor":14,"turns":8},{"damage":8,"enemies":"Slime Boss","floor":16,"turns":7},{"damage":22,"enemies":"2 Thieves","floor":18,"turns":3},{"damage":23,"enemies":"Spheric Guardian","floor":21,"turns":4},{"damage":35,"enemies":"Snake Plant","floor":22,"turns":4}],"seed_played":"2129476255208786018","potions_obtained":[{"floor":4,"key":"SpeedPotion"},{"floor":7,"key":"PowerPotion"},{"floor":11,"key":"Swift Potion"},{"floor":21,"key":"Swift Potion"}],"is_trial":false,"path_per_floor":["M","?","M","M","$","R","E","R","T","M","M","?","T","E","R","B",null,"M","?","?","M","M"],"character_chosen":"IRONCLAD","items_purchased":[],"campfire_rested":0,"item_purchase_floors":[],"current_hp_per_floor":[80,80,80,80,80,80,54,54,54,50,55,55,55,30,30,28,80,64,49,49,32,0],"gold":324,"neow_bonus":"THREE_ENEMY_KILL","is_prod":false,"is_daily":false,"chose_seed":false,"campfire_upgraded":2,"win_rate":0,"timestamp":1540996839,"path_taken":["M","?","?","M","$","R","E","R","T","M","M","?","?","E","R","BOSS","M","?","?","M","M"],"build_version":"2018-10-30","purchased_purges":0,"victory":false,"max_hp_per_floor":[80,80,80,80,80,80,80,80,80,80,80,80,80,80,80,80,80,80,85,85,85,85],"card_choices":[{"not_picked":["Blood for Blood","Twin Strike"],"picked":"Perfected Strike","floor":1},{"not_picked":["Iron Wave","Body Slam"],"picked":"Spot Weakness","floor":3},{"not_picked":["Thunderclap","Infernal Blade","Rage"],"picked":"SKIP","floor":4},{"not_picked":["Headbutt","Feed"],"picked":"Cleave","floor":7},{"not_picked":["Wild Strike","Shockwave+1"],"picked":"Perfected Strike","floor":10},{"not_picked":["Body Slam","Havoc+1"],"picked":"Wild Strike","floor":11},{"not_picked":["Headbutt","Brutality","Bloodletting+1"],"picked":"SKIP","floor":14},{"not_picked":["Fiend Fire","Barricade"],"picked":"Limit Break+1","floor":16},{"not_picked":["Power Through+1","Shockwave+1"],"picked":"Perfected Strike","floor":18},{"not_picked":["Carnage+1","Cleave"],"picked":"Seeing Red+1","floor":21}],"player_experience":959367,"relics_obtained":[{"floor":7,"key":"Shuriken"},{"floor":9,"key":"Toxic Egg 2"},{"floor":14,"key":"Bag of Marbles"},{"floor":17,"key":"Lantern"},{"floor":17,"key":"Dodecahedron"},{"floor":17,"key":"Thread and Needle"}],"event_choices":[{"damage_healed":0,"gold_gain":0,"player_choice":"Trade","damage_taken":0,"relics_obtained":["GremlinMask"],"max_hp_gain":0,"max_hp_loss":0,"event_name":"FaceTrader","floor":2,"gold_loss":0},{"damage_healed":0,"gold_gain":0,"player_choice":"Left Gold","damage_taken":0,"max_hp_gain":0,"max_hp_loss":0,"event_name":"World of Goop","floor":12,"gold_loss":29},{"damage_healed":0,"gold_gain":0,"player_choice":"Shed Blood","damage_taken":20,"max_hp_gain":5,"max_hp_loss":0,"event_name":"Forgotten Altar","floor":19,"gold_loss":0},{"damage_healed":0,"gold_gain":0,"player_choice":"Ignored","damage_taken":0,"max_hp_gain":0,"max_hp_loss":0,"event_name":"Vampires","floor":20,"gold_loss":0}],"is_beta":true,"boss_relics":[{"not_picked":["Runic Cube","Empty Cage"],"picked":"Calling Bell"}],"items_purged_floors":[],"is_endless":false,"potions_floor_spawned":[4,7,11,21],"killed_by":"Snake Plant","ascension_level":0}