{"gold_per_floor":[113,125,52,71,35,66,66,91,143,160,160,174,202,219,219,317,317,328,328,154,154,203,203,215,240,240,263,275,287,299,77,77,172,172,187,204,217,77,0,0,0,0,54,66,82,82,101,27,27,27],"floor_reached":51,"playtime":3265,"items_purged":["Defend_R"],"score":1091,"play_id":"b94da9c3-8220-4926-a8de-c530cdba3648","local_time":"20190324085641","is_ascension_mode":true,"campfire_choices":[{"data":"Bash","floor":7.0,"key":"SMITH"},{"floor":11.0,"key":"REST"},{"data":"Inflame","floor":15.0,"key":"SMITH"},{"data":"Inflame","floor":23.0,"key":"SMITH"},{"data":"Offering","floor":28.0,"key":"SMITH"},{"data":"Corruption","floor":30.0,"key":"SMITH"},{"floor":32.0,"key":"REST"},{"floor":40,"key":"REST"},{"floor":49,"key":"REST"}],"neow_cost":"NONE","seed_source_timestamp":0,"circlet_count":0,"master_deck":["AscendersBane","Defend_R","Bash+1","Dramatic Entrance","Clothesline","Inflame+1","Corruption+1","Shockwave","Whirlwind","Impervious","Armaments","Warcry","Uppercut","Inflame+1","Shrug It Off","Offering+1","Feel No Pain","Shrug It Off","Bite","Bite","Bite","Bite","Bite","Anger","Shrug It Off","Combust","Shockwave","Sentinel","Offering","Headbutt+1","Sentinel+1","Dark Embrace","Feel No Pain","Metallicize","Feel No Pain","Blood for Blood+1"],"special_seed":0,"relics":["Burning Blood","Question Card","Bronze Scales","Lantern","Turnip","Busted Crown","Dream Catcher","Bag of Preparation","MawBank","Ancient Tea Set","Empty Cage","Red Mask"],"potions_floor_usage":[47],"damage_taken":[{"damage":6.0,"enemies":"Cultist","floor":1.0,"turns":3.0},{"damage":8.0,"enemies":"2 Louse","floor":2.0,"turns":3.0},{"damage":14.0,"enemies":"Jaw Worm","floor":4.0,"turns":3.0},{"damage":15.0,"enemies":"Lagavulin","floor":6.0,"turns":7.0},{"damage":17.0,"enemies":"3 Sentries","floor":8.0,"turns":7.0},{"damage":18.0,"enemies":"Exordium Thugs","floor":10.0,"turns":4.0},{"damage":0.0,"enemies":"Gremlin Gang","floor":12.0,"turns":1.0},{"damage":17.0,"enemies":"Lagavulin","floor":13.0,"turns":7.0},{"damage":20.0,"enemies":"Large Slime","floor":14.0,"turns":3.0},{"damage":13.0,"enemies":"Slime Boss","floor":16.0,"turns":10.0},{"damage":18.0,"enemies":"Spheric Guardian","floor":18.0,"turns":4.0},{"damage":0.0,"enemies":"3 Byrds","floor":24.0,"turns":5.0},{"damage":33.0,"enemies":"Book of Stabbing","floor":25.0,"turns":5.0},{"damage":9.0,"enemies":"3 Cultists","floor":27.0,"turns":4.0},{"damage":31.0,"enemies":"Automaton","floor":33.0,"turns":8.0},{"damage":6,"enemies":"3 Darklings","floor":35,"turns":3},{"damage":14,"enemies":"Orb Walker","floor":36,"turns":4},{"damage":53,"enemies":"Writhing Mass","floor":37,"turns":5},{"damage":31,"enemies":"4 Shapes","floor":44,"turns":5},{"damage":14,"enemies":"3 Darklings","floor":45,"turns":5},{"damage":45,"enemies":"Jaw Worm Horde","floor":47,"turns":4},{"damage":29,"enemies":"Donu and Deca","floor":50,"turns":7}],"seed_played":"-7631888894169566104","potions_obtained":[{"floor":1.0,"key":"BloodPotion"},{"floor":2.0,"key":"Energy Potion"},{"floor":8.0,"key":"FearPotion"},{"floor":12.0,"key":"Strength Potion"},{"floor":18.0,"key":"GamblersBrew"},{"floor":25.0,"key":"Energy Potion"},{"floor":44,"key":"Block Potion"},{"floor":45,"key":"PowerPotion"}],"is_trial":false,"path_per_floor":["M","M","$","M","$","E","R","E","T","M","R","M","E","M","R","B",null,"M","?","$","?","T","R","M","E","T","M","R","?","R","$","R","B",null,"M","M","M","$","?","R","$","?","T","M","M","?","M","$","R","B",null],"character_chosen":"IRONCLAD","items_purchased":["Corruption","Whirlwind","Feel No Pain","Shrug It Off","Ancient Tea Set","Shockwave","Dark Embrace","Feel No Pain"],"campfire_rested":4,"item_purchase_floors":[3,5,20,20,31,31,38,48],"current_hp_per_floor":[72,70,70,70,70,61,61,50,50,38,62,68,57,43,43,36,69,57,42,42,42,42,42,55,38,38,45,45,39,39,39,56,51,57,59,59,19,19,19,36,36,59,59,40,46,46,9,9,26,19],"gold":27,"neow_bonus":"RANDOM_COLORLESS","is_prod":false,"is_daily":false,"chose_seed":false,"campfire_upgraded":5,"win_rate":0,"timestamp":1553414201,"path_taken":["M","M","$","M","?","E","R","E","T","M","R","M","E","?","R","BOSS","M","?","$","?","?","R","?","E","T","?","R","?","R","$","R","BOSS","M","M","?","$","?","R","$","?","T","?","M","?","M","$","R","BOSS"],"build_version":"2019-01-23","purchased_purges":1,"victory":true,"max_hp_per_floor":[80,80,80,80,80,80,80,80,80,80,80,80,80,80,80,80,80,80,85,85,59,59,59,59,59,59,59,59,59,59,59,59,59,59,59,59,59,59,59,59,59,59,59,59,59,59,59,59,59,59],"card_choices":[{"not_picked":["Sword Boomerang","Havoc"],"picked":"Clothesline","floor":1.0},{"not_picked":["Warcry","Intimidate"],"picked":"Inflame","floor":2.0},{"not_picked":["Thunderclap","Headbutt"],"picked":"Shockwave","floor":4.0},{"not_picked":["Twin Strike","Burning Pact"],"picked":"Impervious","floor":6.0},{"not_picked":["Rampage","Infernal Blade","Reckless Charge"],"picked":"Armaments","floor":8.0},{"not_picked":["Perfected Strike","Second Wind","Flex"],"picked":"Warcry","floor":10.0},{"not_picked":["Dropkick","Havoc","Iron Wave"],"picked":"Uppercut","floor":12.0},{"not_picked":["Blood for Blood","Shrug It Off","Heavy Blade"],"picked":"Inflame","floor":13.0},{"not_picked":["Spot Weakness","Whirlwind","Reckless Charge"],"picked":"Shrug It Off","floor":14.0},{"not_picked":["Dark Embrace","Exhume","Limit Break"],"picked":"Offering","floor":16.0},{"not_picked":["Twin Strike","Clothesline"],"picked":"SKIP","floor":18.0},{"not_picked":["Body Slam"],"picked":"Anger","floor":24.0},{"not_picked":["Whirlwind+1"],"picked":"Shrug It Off","floor":25.0},{"not_picked":["Armaments"],"picked":"Combust","floor":27.0},{"not_picked":["Heavy Blade"],"picked":"Sentinel","floor":32.0},{"not_picked":["Berserk"],"picked":"Offering","floor":33.0},{"not_picked":["Twin Strike"],"picked":"Headbutt+1","floor":35},{"not_picked":["Anger","Hemokinesis+1"],"picked":"SKIP","floor":36},{"not_picked":["True Grit"],"picked":"Sentinel+1","floor":37},{"not_picked":["Thunderclap"],"picked":"Feel No Pain","floor":44},{"not_picked":["Clothesline"],"picked":"Metallicize","floor":45},{"not_picked":["Headbutt","Wild Strike"],"picked":"SKIP","floor":47},{"not_picked":["Twin Strike+1"],"picked":"Blood for Blood+1","floor":49}],"player_experience":455368,"relics_obtained":[{"floor":6.0,"key":"Question Card"},{"floor":8.0,"key":"Bronze Scales"},{"floor":9.0,"key":"Lantern"},{"floor":13.0,"key":"Turnip"},{"floor":22.0,"key":"Dream Catcher"},{"floor":25.0,"key":"Bag of Preparation"},{"floor":26.0,"key":"MawBank"}],"event_choices":[{"damage_healed":0.0,"max_hp_gain":5.0,"max_hp_loss":0.0,"gold_gain":0.0,"event_name":"Forgotten Altar","player_choice":"Shed Blood","floor":19.0,"gold_loss":0.0,"damage_taken":20.0},{"damage_healed":0.0,"max_hp_gain":0.0,"max_hp_loss":26.0,"gold_gain":0.0,"event_name":"Vampires","player_choice":"Became a vampire","floor":21.0,"gold_loss":0.0,"damage_taken":0.0,"cards_obtained":["Bite","Bite","Bite","Bite","Bite"]},{"damage_healed":0.0,"max_hp_gain":0.0,"max_hp_loss":0.0,"gold_gain":0.0,"event_name":"Knowing Skull","player_choice":"","floor":29.0,"potions_obtained":[],"gold_loss":0.0,"damage_taken":6.0,"cards_obtained":[]},{"damage_healed":0,"gold_gain":0,"player_choice":"Paid","damage_taken":0,"relics_obtained":["Red Mask"],"max_hp_gain":0,"max_hp_loss":0,"event_name":"Tomb of Lord Red Mask","floor":39,"gold_loss":77},{"damage_healed":23,"gold_gain":0,"player_choice":"Full Heal","damage_taken":0,"max_hp_gain":0,"max_hp_loss":0,"event_name":"Wheel of Change","floor":42,"gold_loss":0},{"damage_healed":0,"gold_gain":0,"player_choice":"Memory 1","damage_taken":0,"max_hp_gain":0,"max_hp_loss":0,"event_name":"SensoryStone","floor":46,"gold_loss":0}],"is_beta":false,"boss_relics":[{"not_picked":["Black Blood","Black Star"],"picked":"Busted Crown"},{"not_picked":["Coffee Dripper","White Beast Statue"],"picked":"Empty Cage"}],"items_purged_floors":[20],"is_endless":false,"potions_floor_spawned":[1,2,8,12,14,18,25,44,45],"ascension_level":12}