{"gold_per_floor":[116,4,4,4,4,4,48,48,48,48,48,61,81,125,125,125],"floor_reached":16,"playtime":1004,"items_purged":["Defend_P"],"score":111,"play_id":"436e4024-3c69-4b2c-a97d-a1239d0eaf63","local_time":"20190910000836","is_ascension_mode":true,"campfire_choices":[{"data":"Eruption","floor":6.0,"key":"SMITH"},{"data":"Judgement","floor":8.0,"key":"SMITH"},{"data":"Scrawl","floor":11.0,"key":"SMITH"},{"data":"ThirdEye","floor":15,"key":"SMITH"}],"neow_cost":"NONE","seed_source_timestamp":0,"circlet_count":0,"master_deck":["Strike_P","Strike_P","Strike_P","Strike_P","Defend_P","Defend_P","Eruption+1","Vigilance","Scrawl+1","Tantrum","Judgement+1","ThirdEye+1","FollowUp","ThirdEye"],"special_seed":0,"relics":["PureWater","Golden Idol","Regal Pillow","Letter Opener","Matryoshka"],"potions_floor_usage":[14],"damage_taken":[{"damage":3.0,"enemies":"Small Slimes","floor":1.0,"turns":4.0},{"damage":28.0,"enemies":"Gremlin Nob","floor":7.0,"turns":3.0},{"damage":0.0,"enemies":"Jaw Worm","floor":12.0,"turns":1.0},{"damage":0,"enemies":"Cultist","floor":13,"turns":2},{"damage":11,"enemies":"Lagavulin","floor":14,"turns":3},{"damage":41,"enemies":"The Guardian","floor":16,"turns":7}],"seed_played":"6446887949080238491","potions_obtained":[{"floor":7.0,"key":"Explosive Potion"}],"is_trial":false,"path_per_floor":["M","$","?","?","$","R","E","R","T","$","R","M","M","E","R","B"],"character_chosen":"WATCHER","items_purchased":["Tantrum"],"campfire_rested":0,"item_purchase_floors":[2],"current_hp_per_floor":[68,68,66,66,66,66,38,38,38,38,38,38,38,27,27,0],"gold":125,"neow_bonus":"TEN_PERCENT_HP_BONUS","is_prod":false,"is_daily":false,"chose_seed":false,"campfire_upgraded":4,"win_rate":0,"timestamp":1568099316,"path_taken":["M","$","?","?","?","R","E","R","T","$","R","?","M","E","R","BOSS"],"build_version":"2019-09-09v2","purchased_purges":1,"victory":false,"max_hp_per_floor":[71,71,66,66,66,66,66,66,66,66,66,66,66,66,66,66],"card_choices":[{"not_picked":["Sanctity","EmptyMind"],"picked":"Scrawl","floor":1.0},{"not_picked":["Weave","FlyingSleeves"],"picked":"Judgement","floor":7.0},{"not_picked":["Sanctity","EmptyMind"],"picked":"ThirdEye","floor":12.0},{"not_picked":["Sanctity","Consecrate"],"picked":"FollowUp","floor":13},{"not_picked":["Vengeance","Sanctity"],"picked":"ThirdEye","floor":14}],"player_experience":36588,"relics_obtained":[{"floor":7.0,"key":"Regal Pillow"},{"floor":9.0,"key":"Letter Opener"},{"floor":14,"key":"Matryoshka"}],"event_choices":[{"damage_healed":0.0,"max_hp_gain":0.0,"max_hp_loss":5.0,"gold_gain":0.0,"event_name":"Golden Idol","player_choice":"Lose Max HP","floor":3.0,"gold_loss":0.0,"damage_taken":0.0,"relics_obtained":["Golden Idol"]},{"cards_removed":["Defend_P"],"damage_healed":0.0,"max_hp_gain":0.0,"max_hp_loss":0.0,"gold_gain":0.0,"event_name":"Living Wall","player_choice":"Forget","floor":4.0,"gold_loss":0.0,"damage_taken":0.0}],"is_beta":true,"boss_relics":[],"items_purged_floors":[2],"is_endless":false,"potions_floor_spawned":[7],"killed_by":"The Guardian","ascension_level":1}