{"path_per_floor":["M","M","$","M","T","R","E","?","T","R","?","$","R","?","R","B",null,"M","M","$","?","M","?"],"character_chosen":"IRONCLAD","items_purchased":["Shrug It Off","Champion Belt","Ghostly Armor"],"gold_per_floor":[112,129,80,92,142,142,475,475,499,499,449,146,146,146,146,244,244,258,272,125,125,142,142],"floor_reached":24,"campfire_rested":2,"playtime":643,"current_hp_per_floor":[76,76,76,59,59,80,43,36,36,60,60,60,60,60,60,11,80,78,74,74,59,32,32],"items_purged":["Strike_R"],"gold":142,"score":192,"play_id":"718727ce-5dcb-4f7f-8206-c184bda1e072","local_time":"20180317185947","is_prod":false,"is_daily":false,"is_ascension_mode":false,"campfire_upgraded":2,"timestamp":1521327587,"path_taken":["M","M","$","M","?","R","E","?","T","R","?","?","R","?","R","BOSS","M","?","$","?","M","?","E"],"build_version":"2018-03-15v3","purchased_purges":1,"victory":false,"master_deck":["Strike_R","Defend_R","Defend_R","Defend_R","Defend_R","Bash","Disarm","Shrug It Off","Spot Weakness+1","Body Slam+1","Barricade","Cleave","Ghostly Armor","Entrench"],"max_hp_per_floor":[80,80,80,80,80,80,80,80,80,80,80,80,80,80,80,80,80,80,80,80,85,85,85],"relics":["Burning Blood","Vajra","Old Coin","Bag of Marbles","Champion Belt","Sozu"],"card_choices":[{"not_picked":["Warcry","Dual Wield"],"picked":"Disarm"},{"not_picked":["Heavy Blade","Shrug It Off"],"picked":"Spot Weakness"},{"not_picked":["Flex","Heavy Blade"],"picked":"Body Slam"},{"not_picked":["Juggernaut","Brutality"],"picked":"Barricade"},{"not_picked":["Inflame","Sword Boomerang"],"picked":"Cleave"},{"not_picked":["Clothesline","Body Slam"],"picked":"Entrench"}],"player_experience":203657,"potions_floor_usage":[24],"damage_taken":[{"damage":10,"enemies":"Cultist","floor":1,"turns":4},{"damage":6,"enemies":"2 Louse","floor":2,"turns":2},{"damage":23,"enemies":"Jaw Worm","floor":4,"turns":4},{"damage":43,"enemies":"Gremlin Nob","floor":7,"turns":5},{"damage":55,"enemies":"Slime Boss","floor":16,"turns":8},{"damage":8,"enemies":"Chosen","floor":18,"turns":8},{"damage":10,"enemies":"3 Byrds","floor":19,"turns":6},{"damage":33,"enemies":"3 Cultists","floor":22,"turns":6},{"damage":36,"enemies":"Slavers","floor":24,"turns":3}],"event_choices":[{"event_name":"Golden Wing","player_choice":"Card Removal","floor":8,"damage_taken":0},{"event_name":"The Cleric","player_choice":"Card Removal","floor":11,"damage_taken":0},{"event_name":"The Woman in Blue","player_choice":"Bought 0 Potions","floor":14,"damage_taken":0},{"event_name":"Forgotten Altar","player_choice":"Shed Blood","floor":21,"damage_taken":0},{"event_name":"Bonfire Elementals","player_choice":"BASIC","floor":23,"damage_taken":0}],"boss_relics":[{"not_picked":["Snecko Eye","Calling Bell"],"picked":"Sozu"}],"potions_floor_spawned":[2,18,19],"seed_played":"7961452910771084358","killed_by":"Slavers","ascension_level":0,"is_trial":false}