{"path_per_floor":["M","M","?","$","M","M","R","T","T","?","$","R","M","M","R","B",null,"M","M","M","M","?","R"],"character_chosen":"DEFECT","items_purchased":["Stack","Dramatic Entrance","Undo"],"gold_per_floor":[113,125,125,10,20,37,37,61,84,84,51,51,68,85,85,180,180,190,210,222,239,239,239,239],"floor_reached":24,"campfire_rested":0,"playtime":1142,"current_hp_per_floor":[71,63,63,63,62,50,50,50,50,70,70,70,70,64,64,36,82,68,48,26,21,21,21,0],"items_purged":[],"gold":239,"score":190,"play_id":"f0f46ede-83ef-4c75-86a5-ecab86be8b9d","local_time":"20180428140723","is_prod":false,"is_daily":false,"chose_seed":false,"is_ascension_mode":false,"campfire_upgraded":4,"timestamp":1524938843,"path_taken":["M","M","?","$","M","M","R","?","T","?","?","R","?","M","R","BOSS","M","M","?","M","?","R","E"],"build_version":"2018-04-27v3","seed_source_timestamp":2383867609280586,"purchased_purges":1,"victory":false,"master_deck":["Strike_B","Strike_B","Strike_B","Defend_B","Defend_B","Defend_B","Zap","Dualcast","Chaos","Steam Power","Loop+1","Stack","Dramatic Entrance","Doom and Gloom","Chaos+1","Undo+1","Go for the Eyes","Steam Power","Creative AI","Buffer","White Noise","Capacitor","Reprogram","Self Repair+1"],"max_hp_per_floor":[82,82,82,82,82,82,82,82,82,82,82,82,82,82,82,82,82,82,82,82,82,82,82,82],"relics":["Cracked Core","Omamori","Regal Pillow","Nuclear Battery"],"card_choices":[{"not_picked":["Steam Power","Heatsinks"],"picked":"Chaos","floor":1},{"not_picked":["Cold Snap","Axe Kick"],"picked":"Steam Power","floor":2},{"not_picked":["Flux Capacitor","Skim"],"picked":"Doom and Gloom","floor":5},{"not_picked":["Doom and Gloom","Loop"],"picked":"Chaos","floor":6},{"not_picked":["Skim","Cold Snap"],"picked":"Go for the Eyes","floor":13},{"not_picked":["Melter","Cold Snap"],"picked":"Steam Power","floor":14},{"not_picked":["Seek","Multi-Cast"],"picked":"Creative AI","floor":16},{"not_picked":["Undo","Cold Snap"],"picked":"Buffer","floor":18},{"not_picked":["Impulse","Skim"],"picked":"White Noise","floor":19},{"not_picked":["Go for the Eyes","Beam Cell"],"picked":"Capacitor","floor":20},{"not_picked":["Hologram","FTL"],"picked":"Reprogram","floor":21}],"player_experience":398434,"potions_floor_usage":[6,24,24],"damage_taken":[{"damage":11,"enemies":"Jaw Worm","floor":1,"turns":4},{"damage":8,"enemies":"Cultist","floor":2,"turns":5},{"damage":1,"enemies":"2 Louse","floor":5,"turns":3},{"damage":18,"enemies":"Exordium Thugs","floor":6,"turns":5},{"damage":10,"enemies":"Looter","floor":13,"turns":2},{"damage":6,"enemies":"Gremlin Gang","floor":14,"turns":2},{"damage":28,"enemies":"Slime Boss","floor":16,"turns":8},{"damage":18,"enemies":"Spheric Guardian","floor":18,"turns":5},{"damage":21,"enemies":"Shell Parasite","floor":19,"turns":7},{"damage":22,"enemies":"Centurion and Healer","floor":20,"turns":8},{"damage":25,"enemies":"Sentry and Sphere","floor":21,"turns":5},{"damage":38,"enemies":"Book of Stabbing","floor":24,"turns":5}],"event_choices":[{"event_name":"Transmorgrifier","player_choice":"Transform","floor":3,"damage_taken":0},{"event_name":"Mushrooms","player_choice":"Healed and dodged fight","floor":10,"damage_taken":0},{"event_name":"Transmorgrifier","player_choice":"Transform","floor":22,"damage_taken":0}],"boss_relics":[{"not_picked":["Runic Dome","Velvet Choker"],"picked":"Nuclear Battery"}],"potions_floor_spawned":[1,2,5,6,20,21],"seed_played":"6595319144848415242","killed_by":"Book of Stabbing","ascension_level":0,"is_trial":false}