{"gold_per_floor":[118,134,150,150,168,168,168,144,144,156,169,169,200,216,216,311,311,324,324,343,353,364,364,41,41,66,81,96,21,38,56,56,159,159,178,192,210,226,226,226,251,251,251,251,151,151,151,164,164,164],"floor_reached":51,"playtime":1413,"items_purged":["Strike_R","Strike_R"],"score":760,"play_id":"53087ef3-c9d0-4c2a-989d-aacba027770a","local_time":"20180720144832","is_ascension_mode":false,"campfire_choices":[{"data":"Inflame","floor":6,"key":"SMITH"},{"data":"Disarm","floor":12,"key":"SMITH"},{"data":"Uppercut","floor":15,"key":"SMITH"},{"data":"Inflame","floor":23,"key":"SMITH"},{"floor":32,"key":"REST"},{"floor":40,"key":"REST"},{"data":"Heavy Blade","floor":42,"key":"SMITH"},{"floor":46,"key":"REST"},{"data":"Sword Boomerang","floor":49,"key":"SMITH"}],"neow_cost":"NONE","seed_source_timestamp":1046099506059878,"circlet_count":0,"master_deck":["Strike_R","Strike_R","Defend_R","Defend_R+1","Defend_R+1","Defend_R","Bash","Disarm+1","Uppercut+1","Twin Strike","Inflame+1","Sword Boomerang+1","Disarm+1","Offering+1","Inflame+1","Heavy Blade+1","Inflame+1","Feed","Madness+1"],"relics":["Burning Blood","GremlinMask","Singing Bowl","Toxic Egg 2","Philosopher\u0027s Stone","Pantograph","Nilry\u0027s Codex","War Paint","Cursed Key","Shuriken","Turnip"],"potions_floor_usage":[11,14,18,50,50,50,50,50,50],"damage_taken":[{"damage":2,"enemies":"2 Louse","floor":1,"turns":3},{"damage":6,"enemies":"Cultist","floor":2,"turns":3},{"damage":3,"enemies":"Small Slimes","floor":3,"turns":3},{"damage":20,"enemies":"Exordium Thugs","floor":5,"turns":4},{"damage":26,"enemies":"3 Louse","floor":10,"turns":3},{"damage":24,"enemies":"Lots of Slimes","floor":11,"turns":4},{"damage":27,"enemies":"3 Sentries","floor":13,"turns":6},{"damage":21,"enemies":"Blue Slaver","floor":14,"turns":3},{"damage":4,"enemies":"Hexaghost","floor":16,"turns":10},{"damage":24,"enemies":"3 Byrds","floor":18,"turns":6},{"damage":12,"enemies":"Chosen","floor":20,"turns":4},{"damage":22,"enemies":"Sentry and Sphere","floor":21,"turns":4},{"damage":20,"enemies":"Snake Plant","floor":22,"turns":4},{"damage":12,"enemies":"Snecko","floor":27,"turns":3},{"damage":5,"enemies":"Cultist and Chosen","floor":28,"turns":4},{"damage":5,"enemies":"Centurion and Healer","floor":30,"turns":4},{"damage":5,"enemies":"Snecko","floor":31,"turns":2},{"damage":76,"enemies":"Champ","floor":33,"turns":7},{"damage":56,"enemies":"3 Darklings","floor":35,"turns":5},{"damage":6,"enemies":"Orb Walker","floor":36,"turns":2},{"damage":20,"enemies":"Flame Bruiser 2 Orb","floor":37,"turns":4},{"damage":24,"enemies":"Spire Growth","floor":38,"turns":3},{"damage":35,"enemies":"Nemesis","floor":41,"turns":5},{"damage":5,"floor":47,"turns":4},{"damage":33,"enemies":"Sphere and 2 Shapes","floor":48,"turns":5},{"damage":55,"enemies":"Awakened One","floor":50,"turns":5}],"seed_played":"1800451755803384913","potions_obtained":[{"floor":1,"key":"SkillPotion"},{"floor":3,"key":"BloodPotion"},{"floor":10,"key":"Dexterity Potion"},{"floor":18,"key":"Explosive Potion"},{"floor":27,"key":"Poison Potion"},{"floor":28,"key":"Energy Potion"},{"floor":44,"key":"EntropicBrew"}],"is_trial":false,"path_per_floor":["M","M","M","$","M","R","?","$","T","M","M","R","E","M","R","B",null,"M","?","M","M","M","R","$","?","T","M","M","?","M","M","R","B",null,"M","M","M","M","?","R","E","R","T","?","$","R","?","M","R","B"],"character_chosen":"IRONCLAD","items_purchased":["Sword Boomerang","Pantograph"],"campfire_rested":3,"item_purchase_floors":[8,24],"current_hp_per_floor":[88,88,88,88,74,74,74,74,74,56,40,40,21,15,15,17,94,76,76,72,56,42,42,42,26,26,22,25,25,28,31,62,17,104,56,58,46,30,30,63,36,36,36,36,36,70,98,73,73,52],"gold":164,"neow_bonus":"TEN_PERCENT_HP_BONUS","is_prod":false,"is_daily":false,"chose_seed":false,"campfire_upgraded":6,"win_rate":0,"timestamp":1532112512,"path_taken":["M","M","M","$","M","R","?","?","T","M","?","R","E","M","R","BOSS","M","?","M","M","?","R","$","?","T","M","M","?","M","M","R","BOSS","M","M","M","M","?","R","E","R","T","?","$","R","?","M","R","BOSS"],"build_version":"2018-07-19","purchased_purges":2,"victory":true,"max_hp_per_floor":[88,88,88,88,88,88,88,88,88,90,92,92,94,94,94,94,94,94,94,96,96,96,96,96,96,96,98,100,100,102,104,104,104,104,106,108,110,112,112,112,114,114,114,114,114,114,116,118,118,121],"card_choices":[{"not_picked":["Clothesline","Second Wind"],"picked":"Disarm","floor":1},{"not_picked":["True Grit","Shrug It Off"],"picked":"Uppercut","floor":2},{"not_picked":["Uppercut","Body Slam"],"picked":"Twin Strike","floor":3},{"not_picked":["Havoc","Dual Wield"],"picked":"Inflame","floor":5},{"not_picked":["Evolve","Clothesline","Wild Strike"],"picked":"Singing Bowl","floor":10},{"not_picked":["Armaments","Iron Wave","Ghostly Armor"],"picked":"Singing Bowl","floor":11},{"not_picked":["Seeing Red","Infernal Blade","Bludgeon"],"picked":"Singing Bowl","floor":13},{"not_picked":["True Grit+1","Dropkick"],"picked":"Disarm+1","floor":14},{"not_picked":["Feed","Fiend Fire"],"picked":"Offering+1","floor":16},{"not_picked":["Sentinel+1","Thunderclap"],"picked":"Inflame","floor":18},{"not_picked":["Iron Wave","Wild Strike+1","Warcry+1"],"picked":"Singing Bowl","floor":20},{"not_picked":["Flex+1","Searing Blow"],"picked":"Heavy Blade","floor":21},{"not_picked":["Clash","Whirlwind"],"picked":"Inflame","floor":22},{"not_picked":["Flex+1","Headbutt+1","Cleave"],"picked":"Singing Bowl","floor":27},{"not_picked":["Carnage","Infernal Blade+1","Burning Pact+1"],"picked":"Singing Bowl","floor":28},{"not_picked":["Spot Weakness+1","Body Slam","Anger"],"picked":"Singing Bowl","floor":30},{"not_picked":["Twin Strike+1","Flame Barrier+1","Rampage"],"picked":"Singing Bowl","floor":31},{"not_picked":["Barricade","Exhume+1"],"picked":"Feed","floor":33},{"not_picked":["Thunderclap+1","Infernal Blade+1","Clothesline+1"],"picked":"Singing Bowl","floor":35},{"not_picked":["Iron Wave","Body Slam+1","Havoc+1"],"picked":"Singing Bowl","floor":36},{"not_picked":["Clash+1","Body Slam+1","Searing Blow"],"picked":"Singing Bowl","floor":37},{"not_picked":["Pommel Strike+1","Sever Soul+1","Demon Form"],"picked":"Singing Bowl","floor":38},{"not_picked":["Forethought+1","Purity+1"],"picked":"Madness+1","floor":39},{"not_picked":["Rampage+1","Clothesline","Shrug It Off+1"],"picked":"Singing Bowl","floor":41},{"not_picked":["Sentinel+1","Wild Strike+1","Anger+1"],"picked":"Singing Bowl","floor":47},{"not_picked":["Anger+1","Body Slam+1","Perfected Strike"],"picked":"Singing Bowl","floor":48}],"player_experience":804308,"relics_obtained":[{"floor":9,"key":"Singing Bowl"},{"floor":13,"key":"Toxic Egg 2"},{"floor":25,"key":"Nilry\u0027s Codex"},{"floor":26,"key":"War Paint"},{"floor":41,"key":"Shuriken"},{"floor":47,"key":"Turnip"}],"event_choices":[{"event_name":"FaceTrader","player_choice":"Trade","floor":7,"damage_taken":0},{"event_name":"Accursed Blacksmith","player_choice":"Forge","floor":19,"damage_taken":0},{"event_name":"Cursed Tome","player_choice":"Obtained Book","floor":25,"damage_taken":0},{"event_name":"Beggar","player_choice":"Gave Gold","floor":29,"damage_taken":0},{"event_name":"SensoryStone","player_choice":"Memory 1","floor":39,"damage_taken":0},{"event_name":"The Lab","player_choice":"Got Potions","floor":44,"damage_taken":0},{"event_name":"MindBloom","player_choice":"Fight","floor":47,"damage_taken":0}],"is_beta":true,"boss_relics":[{"not_picked":["Lizard Tail","Orrery"],"picked":"Philosopher\u0027s Stone"},{"not_picked":["Runic Cube","Mark of Pain"],"picked":"Cursed Key"}],"items_purged_floors":[24,45],"is_endless":false,"potions_floor_spawned":[1,3,10,18,27,28,31,33,36,37,41],"ascension_level":0}