{"gold_per_floor":[112,187,213,213,4,4,34,49,74,74,97,97,115,126,126,221,221,238,256,275,17,31,65,77,89,153,165,187,214,238,210,222,329,341,363,388,46,94,194,174,185,200,249,249,266,266,280,307,307,307],"floor_reached":51,"playtime":3220,"items_purged":[],"score":799,"play_id":"d12ccc95-ec27-4755-8518-7413a037363e","local_time":"20190912174349","is_ascension_mode":false,"campfire_choices":[{"data":"Anger","floor":10,"key":"SMITH"},{"data":"Whirlwind","floor":15,"key":"SMITH"},{"data":"J.A.X.","floor":27,"key":"SMITH"},{"floor":32,"key":"REST"},{"floor":44,"key":"REST"},{"data":"Berserk","floor":49,"key":"SMITH"}],"neow_cost":"NONE","seed_source_timestamp":18849060379700,"circlet_count":0,"master_deck":["Strike_R+1","Strike_R","Strike_R","Strike_R","Strike_R","Defend_R","Defend_R+1","Defend_R+1","Defend_R+1","Bash+1","Thunderclap","Anger+1","Dropkick","Whirlwind+1","Limit Break+1","Clothesline+1","Perfected Strike","Reaper","Intimidate","Spot Weakness","J.A.X.+1","Spot Weakness","Thunderclap+1","Iron Wave","Hemokinesis+1","Berserk+1","Headbutt","Shrug It Off+1","Infernal Blade+1","Whirlwind+1","Pommel Strike+1","Anger+1","Pain","Evolve+1","Juggernaut","Heavy Blade"],"relics":["Burning Blood","NeowsBlessing","Potion Belt","Sling","Pen Nib","War Paint","Orichalcum","White Beast Statue","Shuriken","MawBank","Happy Flower","Cursed Key","ClockworkSouvenir","Bag of Marbles","StoneCalendar","Nunchaku","Anchor","Bag of Preparation"],"potions_floor_usage":[16,22,22,23,23,33,33,33,38,39,39,41,41,48,50,50,50],"damage_taken":[{"damage":0,"enemies":"Jaw Worm","floor":1,"turns":1},{"damage":0,"enemies":"Lagavulin","floor":7,"turns":1},{"damage":0,"enemies":"Small Slimes","floor":8,"turns":1},{"damage":1,"enemies":"2 Louse","floor":13,"turns":2},{"damage":6,"enemies":"Gremlin Gang","floor":14,"turns":4},{"damage":28,"enemies":"Hexaghost","floor":16,"turns":9},{"damage":16,"enemies":"Shell Parasite","floor":18,"turns":4},{"damage":18,"enemies":"Spheric Guardian","floor":19,"turns":4},{"damage":7,"enemies":"Snecko","floor":20,"turns":5},{"damage":18,"enemies":"Sentry and Sphere","floor":22,"turns":4},{"damage":30,"enemies":"Gremlin Leader","floor":23,"turns":4},{"damage":26,"enemies":"Centurion and Healer","floor":28,"turns":4},{"damage":17,"enemies":"Snake Plant","floor":29,"turns":3},{"damage":26,"enemies":"Shelled Parasite and Fungi","floor":30,"turns":4},{"damage":54,"enemies":"Collector","floor":33,"turns":6},{"damage":1,"enemies":"Orb Walker","floor":35,"turns":2},{"damage":26,"enemies":"3 Darklings","floor":36,"turns":3},{"damage":19,"enemies":"2 Orb Walkers","floor":38,"turns":3},{"damage":19,"enemies":"Mind Bloom Boss Battle","floor":39,"turns":3},{"damage":16,"enemies":"Jaw Worm Horde","floor":41,"turns":2},{"damage":41,"enemies":"Sphere and 2 Shapes","floor":42,"turns":4},{"damage":18,"enemies":"Spire Growth","floor":45,"turns":4},{"damage":23,"enemies":"Jaw Worm Horde","floor":47,"turns":3},{"damage":6,"enemies":"Giant Head","floor":48,"turns":5},{"damage":75,"enemies":"Awakened One","floor":50,"turns":6}],"seed_played":"-7264778480756922559","potions_obtained":[{"floor":7,"key":"Energy Potion"},{"floor":8,"key":"AttackPotion"},{"floor":18,"key":"BloodPotion"},{"floor":19,"key":"LiquidBronze"},{"floor":20,"key":"Poison Potion"},{"floor":22,"key":"FairyPotion"},{"floor":23,"key":"Poison Potion"},{"floor":28,"key":"Dexterity Potion"},{"floor":29,"key":"SmokeBomb"},{"floor":30,"key":"Dexterity Potion"},{"floor":33,"key":"Explosive Potion"},{"floor":35,"key":"Poison Potion"},{"floor":36,"key":"BloodPotion"},{"floor":38,"key":"EssenceOfSteel"},{"floor":39,"key":"SkillPotion"},{"floor":40,"key":"EssenceOfSteel"},{"floor":41,"key":"Fire Potion"},{"floor":42,"key":"Energy Potion"},{"floor":45,"key":"Strength Potion"},{"floor":47,"key":"Block Potion"},{"floor":48,"key":"GamblersBrew"}],"is_trial":false,"path_per_floor":["M","?","T","?","$","?","E","M","T","R","T","?","M","M","R","B",null,"M","M","M","$","M","E","?","?","T","R","M","M","M","?","R","B",null,"M","M","$","?","?","?","M","M","T","R","M","?","M","E","R","B",null],"character_chosen":"IRONCLAD","items_purchased":["Sling","Shuriken","ClockworkSouvenir","Bag of Marbles"],"campfire_rested":2,"item_purchase_floors":[5,21,37,37],"current_hp_per_floor":[80,69,69,69,69,53,59,65,65,65,65,80,80,80,80,58,80,70,58,57,57,45,65,65,65,65,65,59,48,28,28,52,25,80,80,60,60,47,54,54,70,43,43,67,69,69,52,65,65,62],"gold":307,"neow_bonus":"THREE_ENEMY_KILL","is_prod":false,"is_daily":false,"chose_seed":false,"campfire_upgraded":4,"win_rate":0.0,"timestamp":1568303029,"path_taken":["M","?","?","?","$","?","E","M","T","R","?","?","M","M","R","BOSS","M","M","?","$","?","E","?","?","T","R","M","M","M","?","R","BOSS","M","M","$","?","?","?","?","M","T","R","M","?","M","E","R","BOSS"],"build_version":"2019-07-17","purchased_purges":0,"victory":true,"max_hp_per_floor":[80,80,80,80,80,80,80,80,80,80,80,80,80,80,80,80,80,80,80,80,80,80,80,80,80,80,80,80,80,80,80,80,80,80,80,80,80,80,80,80,80,80,80,80,80,80,80,80,80,80],"card_choices":[{"not_picked":["Havoc","Bloodletting"],"picked":"Thunderclap","floor":1},{"not_picked":["Heavy Blade","Bloodletting"],"picked":"Anger","floor":7},{"not_picked":["Rage","Fire Breathing"],"picked":"Dropkick","floor":8},{"not_picked":["Rampage","Sword Boomerang"],"picked":"Dropkick","floor":13},{"not_picked":["Clash","Wild Strike"],"picked":"Whirlwind","floor":14},{"not_picked":["Feed","Exhume"],"picked":"Limit Break","floor":16},{"not_picked":["Sever Soul+1","Body Slam"],"picked":"Clothesline+1","floor":18},{"not_picked":["Flame Barrier+1","True Grit+1"],"picked":"Perfected Strike","floor":19},{"not_picked":["Clash","Pommel Strike"],"picked":"Reaper","floor":20},{"not_picked":["Shrug It Off","Rampage"],"picked":"Intimidate","floor":22},{"not_picked":["Shrug It Off","Dark Embrace"],"picked":"Spot Weakness","floor":23},{"not_picked":["Flame Barrier","Perfected Strike"],"picked":"Thunderclap+1","floor":28},{"not_picked":["Combust","Cleave"],"picked":"Iron Wave","floor":29},{"not_picked":["Body Slam","Bloodletting+1"],"picked":"Hemokinesis+1","floor":30},{"not_picked":["Dark Embrace","Barricade"],"picked":"Berserk","floor":33},{"not_picked":["Metallicize+1","True Grit"],"picked":"Headbutt","floor":35},{"not_picked":["Sever Soul+1","Burning Pact+1"],"picked":"Shrug It Off+1","floor":36},{"not_picked":["True Grit+1","Intimidate"],"picked":"Infernal Blade+1","floor":38},{"not_picked":["Clash","Cleave"],"picked":"Whirlwind+1","floor":39},{"not_picked":["Havoc","Perfected Strike"],"picked":"Pommel Strike+1","floor":41},{"not_picked":["Combust","True Grit"],"picked":"Anger+1","floor":42},{"not_picked":["Clothesline","Cleave+1"],"picked":"Evolve","floor":45},{"not_picked":["Anger","True Grit+1"],"picked":"Juggernaut","floor":47},{"not_picked":["Pommel Strike","Rupture"],"picked":"Heavy Blade","floor":48}],"player_experience":48537,"relics_obtained":[{"floor":3,"key":"Potion Belt"},{"floor":7,"key":"Pen Nib"},{"floor":9,"key":"War Paint"},{"floor":11,"key":"Orichalcum"},{"floor":23,"key":"MawBank"},{"floor":26,"key":"Happy Flower"},{"floor":38,"key":"StoneCalendar"},{"floor":39,"key":"Nunchaku"},{"floor":43,"key":"Anchor"},{"floor":48,"key":"Bag of Preparation"}],"event_choices":[{"damage_healed":0,"gold_gain":75,"player_choice":"Gather Gold","damage_taken":11,"max_hp_gain":0,"max_hp_loss":0,"event_name":"World of Goop","floor":2,"gold_loss":0},{"damage_healed":0,"gold_gain":0,"player_choice":"Grow","damage_taken":0,"max_hp_gain":0,"max_hp_loss":0,"event_name":"Living Wall","floor":4,"gold_loss":0,"cards_upgraded":["Bash"]},{"damage_healed":0,"gold_gain":0,"player_choice":"Entered Light","damage_taken":16,"max_hp_gain":0,"max_hp_loss":0,"event_name":"Shining Light","floor":6,"gold_loss":0,"cards_upgraded":["Strike_R","Defend_R"]},{"cards_removed":["Dropkick"],"damage_healed":15,"gold_gain":0,"player_choice":"Offered Uncommon","damage_taken":0,"max_hp_gain":0,"max_hp_loss":0,"event_name":"Bonfire Elementals","floor":12,"gold_loss":0},{"damage_healed":0,"gold_gain":0,"player_choice":"Obtain J.A.X.","damage_taken":0,"max_hp_gain":0,"max_hp_loss":0,"event_name":"Drug Dealer","floor":24,"gold_loss":0,"cards_obtained":["J.A.X."]},{"damage_healed":0,"gold_gain":0,"player_choice":"Read","damage_taken":0,"max_hp_gain":0,"max_hp_loss":0,"event_name":"The Library","floor":25,"gold_loss":0,"cards_obtained":["Spot Weakness"]},{"damage_healed":0,"gold_gain":0,"player_choice":"Upgrade","damage_taken":0,"max_hp_gain":0,"max_hp_loss":0,"event_name":"Designer","floor":31,"gold_loss":40,"cards_upgraded":["Limit Break"]},{"damage_healed":0,"gold_gain":0,"player_choice":"Fight","damage_taken":0,"max_hp_gain":0,"max_hp_loss":0,"event_name":"Mysterious Sphere","floor":38,"gold_loss":0},{"damage_healed":0,"gold_gain":0,"player_choice":"Fight","damage_taken":0,"max_hp_gain":0,"max_hp_loss":0,"event_name":"MindBloom","floor":39,"gold_loss":0},{"damage_healed":0,"gold_gain":0,"player_choice":"Bought 1 Potion","damage_taken":0,"max_hp_gain":0,"max_hp_loss":0,"event_name":"The Woman in Blue","floor":40,"gold_loss":0},{"damage_healed":0,"gold_gain":0,"player_choice":"Upgraded","damage_taken":0,"max_hp_gain":0,"max_hp_loss":0,"event_name":"Upgrade Shrine","floor":46,"gold_loss":0,"cards_upgraded":["Evolve"]}],"is_beta":false,"boss_relics":[{"not_picked":["Tiny House","Ectoplasm"],"picked":"White Beast Statue"},{"not_picked":["Lizard Tail","Snecko Eye"],"picked":"Cursed Key"}],"items_purged_floors":[],"is_endless":false,"potions_floor_spawned":[7,8,18,19,20,22,23,28,29,30,33,35,36,38,39,41,42,45,47,48],"ascension_level":0}