{"path_per_floor":["M","$","?","M","$","E","R","?","T","?","?","M","R","$","R","B",null,"M","M","M","M","T"],"character_chosen":"DEFECT","items_purchased":["Defragment","Blizzard","Coolheaded","Ball Lightning","Lantern"],"gold_per_floor":[115,6,6,24,24,50,50,50,74,249,304,321,321,64,64,169,169,185,150,164,179,179,179],"floor_reached":23,"campfire_rested":1,"playtime":617,"current_hp_per_floor":[75,75,68,68,68,68,68,50,50,50,26,17,17,17,54,51,75,73,55,30,18,18,0],"items_purged":[],"gold":179,"score":214,"play_id":"8041acdd-f298-4406-8555-382fbfb3b0ff","local_time":"20180428184922","is_prod":false,"is_daily":false,"chose_seed":false,"is_ascension_mode":false,"campfire_upgraded":2,"timestamp":1524955762,"path_taken":["M","$","?","M","$","E","R","?","T","?","?","M","R","?","R","BOSS","M","M","M","M","?","E"],"build_version":"2018-04-27v3","seed_source_timestamp":2401310540096113,"purchased_purges":0,"victory":false,"master_deck":["Strike_B","Strike_B","Strike_B","Defend_B","Defend_B","Defend_B","Defend_B","Zap","Dualcast","Defragment+1","Defragment+1","Blizzard","Capacitor","Cold Snap","Conserve Battery","Multi-Cast","Coolheaded","Ball Lightning+1","Thunder Strike+1","Glacier","Genetic Algorithm","Go for the Eyes+1","Buffer+1"],"max_hp_per_floor":[75,75,75,75,75,75,75,75,75,75,75,75,75,75,75,75,75,75,75,75,75,75,75],"relics":["Cracked Core","NeowsBlessing","Omamori","Molten Egg 2","Regal Pillow","Bronze Scales","Lantern","Inserter","Ice Cream"],"card_choices":[{"not_picked":["Chill","Beam Cell"],"picked":"Defragment","floor":1},{"not_picked":["Melter","Rebound"],"picked":"Capacitor","floor":4},{"not_picked":["Beam Cell","Go for the Eyes"],"picked":"Cold Snap","floor":6},{"not_picked":["Skim","Stack"],"picked":"Conserve Battery","floor":11},{"not_picked":["Beam Cell","Reinforced Body"],"picked":"Multi-Cast","floor":12},{"not_picked":["Seek","Reboot"],"picked":"Thunder Strike","floor":16},{"not_picked":["Doom and Gloom","Genetic Algorithm"],"picked":"Glacier","floor":18},{"not_picked":["Hologram","Sweeping Beam"],"picked":"Genetic Algorithm","floor":19},{"not_picked":["Stack","Skim"],"picked":"Go for the Eyes","floor":20},{"not_picked":["Streamline","Capacitor"],"picked":"Buffer","floor":21}],"player_experience":405675,"potions_floor_usage":[16,21,23],"damage_taken":[{"damage":0,"enemies":"Jaw Worm","floor":1,"turns":1},{"damage":0,"enemies":"Small Slimes","floor":4,"turns":1},{"damage":0,"enemies":"Lagavulin","floor":6,"turns":1},{"damage":24,"enemies":"Lagavulin Event","floor":11,"turns":6},{"damage":9,"enemies":"2 Louse","floor":12,"turns":3},{"damage":18,"enemies":"The Guardian","floor":16,"turns":11},{"damage":2,"enemies":"Chosen","floor":18,"turns":6},{"damage":18,"enemies":"2 Thieves","floor":19,"turns":5},{"damage":25,"enemies":"Snecko","floor":20,"turns":4},{"damage":12,"enemies":"3 Cultists","floor":21,"turns":5},{"damage":27,"enemies":"Gremlin Leader","floor":23,"turns":2}],"event_choices":[{"event_name":"Golden Wing","player_choice":"Card Removal","floor":3,"damage_taken":0},{"event_name":"Scrap Ooze","player_choice":"success","floor":8,"damage_taken":18},{"event_name":"Liars Game","player_choice":"agreed","floor":10,"damage_taken":0},{"event_name":"Dead Adventurer","player_choice":"Searched \u00271\u0027 times","floor":11,"damage_taken":0}],"boss_relics":[{"not_picked":["Velvet Choker","Calling Bell"],"picked":"Inserter"}],"potions_floor_spawned":[1,4,12,18,19,21],"seed_played":"3404174389555313320","killed_by":"Gremlin Leader","ascension_level":0,"is_trial":false}