{"gold_per_floor":[112,126,126,126,140,140,167,80,132,132,173,2,2,24,24,103,103,116,123,123,140,159,159,166,166,191,213,213,230,230,161,161,246,246,257,257,280,299,137,137,185,185,185,185,185,185,217,246,258,270],"floor_reached":51,"playtime":1404,"items_purged":[],"score":1317,"play_id":"cf8a63fc-f03c-41a8-8d55-b30ec2fc8aaa","local_time":"20190913231719","is_ascension_mode":true,"campfire_choices":[{"data":"Flex","floor":6.0,"key":"SMITH"},{"data":"Bash","floor":10.0,"key":"SMITH"},{"floor":13.0,"key":"REST"},{"floor":15.0,"key":"REST"},{"data":"Shockwave","floor":23.0,"key":"SMITH"},{"data":"J.A.X.","floor":25.0,"key":"SMITH"},{"data":"Immolate","floor":28.0,"key":"SMITH"},{"data":"Pummel","floor":32.0,"key":"SMITH"},{"data":"Fiend Fire","floor":40.0,"key":"SMITH"},{"data":"Clothesline","floor":42.0,"key":"SMITH"},{"data":"Carnage","floor":46.0,"key":"SMITH"},{"data":"Searing Blow+1","floor":49.0,"key":"SMITH"}],"neow_cost":"PERCENT_DAMAGE","seed_source_timestamp":116541663815000,"circlet_count":0,"master_deck":["AscendersBane","Strike_R+1","Strike_R+1","Strike_R+1","Strike_R+1","Defend_R+1","Defend_R+1","Defend_R+1","Bash+1","Headbutt","Flex+1","Flame Barrier","Sword Boomerang+1","Carnage+1","Immolate+1","Impervious","Infernal Blade","Exhume","Ghostly Armor","J.A.X.+1","Shrug It Off+1","Pummel+1","Fiend Fire+1","Fire Breathing+1","Clothesline+1","Searing Blow+2"],"special_seed":0,"relics":["Burning Blood","Happy Flower","CeramicFish","Whetstone","Juzu Bracelet","Snecko Eye","Art of War","SlaversCollar","ClockworkSouvenir","Pen Nib","PreservedInsect","MawBank"],"potions_floor_usage":[50],"damage_taken":[{"damage":16.0,"enemies":"Jaw Worm","floor":1.0,"turns":4.0},{"damage":8.0,"enemies":"2 Louse","floor":2.0,"turns":3.0},{"damage":2.0,"enemies":"Small Slimes","floor":5.0,"turns":3.0},{"damage":22.0,"enemies":"Gremlin Nob","floor":7.0,"turns":4.0},{"damage":23.0,"enemies":"Lagavulin","floor":11.0,"turns":4.0},{"damage":0.0,"enemies":"Looter","floor":14.0,"turns":1.0},{"damage":48.0,"enemies":"Slime Boss","floor":16.0,"turns":7.0},{"damage":11.0,"enemies":"Spheric Guardian","floor":18.0,"turns":3.0},{"damage":9.0,"enemies":"Shell Parasite","floor":21.0,"turns":3.0},{"damage":3.0,"enemies":"Cultist and Chosen","floor":22.0,"turns":4.0},{"damage":19.0,"enemies":"Sentry and Sphere","floor":27.0,"turns":5.0},{"damage":4.0,"enemies":"Centurion and Healer","floor":29.0,"turns":5.0},{"damage":35.0,"enemies":"Collector","floor":33.0,"turns":10.0},{"damage":1.0,"enemies":"3 Shapes","floor":35.0,"turns":4.0},{"damage":1.0,"enemies":"Orb Walker","floor":37.0,"turns":3.0},{"damage":1.0,"enemies":"4 Shapes","floor":38.0,"turns":4.0},{"damage":16.0,"enemies":"Reptomancer","floor":47.0,"turns":3.0},{"damage":7.0,"enemies":"Spire Growth","floor":48.0,"turns":3.0},{"damage":62,"enemies":"Donu and Deca","floor":50,"turns":8}],"seed_played":"5873244802214400126","potions_obtained":[{"floor":5.0,"key":"PowerPotion"},{"floor":7.0,"key":"Poison Potion"},{"floor":14.0,"key":"FearPotion"},{"floor":21.0,"key":"Block Potion"},{"floor":27.0,"key":"SkillPotion"},{"floor":38.0,"key":"SpeedPotion"},{"floor":44.0,"key":"Dexterity Potion"}],"is_trial":false,"path_per_floor":["M","M","$","?","M","R","E","$","T","R","E","$","R","M","R","B",null,"M","?","?","M","M","R","?","R","T","M","R","M","?","$","R","B",null,"M","?","M","M","$","R","T","R","T","?","?","R","E","M","R","B",null],"character_chosen":"IRONCLAD","items_purchased":["Immolate","Juzu Bracelet","Pummel","ClockworkSouvenir"],"campfire_rested":2,"item_purchase_floors":[8,12,31,39],"current_hp_per_floor":[40,38,38,43,47,47,31,31,31,31,14,14,38,44,68,26,67,62,62,62,59,62,62,62,62,62,49,49,51,51,51,51,22,66,71,71,76,80,80,80,80,80,80,80,80,80,70,69,69,13],"gold":282,"neow_bonus":"TRANSFORM_TWO_CARDS","is_prod":false,"is_daily":false,"chose_seed":false,"campfire_upgraded":10,"win_rate":0,"timestamp":1568434639,"path_taken":["M","M","$","?","M","R","E","$","T","R","E","$","R","M","R","BOSS","M","?","?","M","M","R","?","R","T","M","R","M","?","?","R","BOSS","M","?","M","M","$","R","?","R","T","?","?","R","E","M","R","BOSS"],"build_version":"2019-09-12","purchased_purges":0,"victory":true,"max_hp_per_floor":[75,75,75,80,80,80,80,80,80,80,80,80,80,80,80,80,80,80,80,80,80,80,80,80,80,80,80,80,80,80,80,80,80,80,80,80,80,80,80,80,80,80,80,80,80,80,80,80,80,80],"card_choices":[{"not_picked":["Anger","Flex"],"picked":"Flame Barrier","floor":1.0},{"not_picked":["Entrench","Intimidate"],"picked":"Sword Boomerang","floor":2.0},{"not_picked":["Body Slam","Iron Wave"],"picked":"Carnage","floor":5.0},{"not_picked":["Carnage","Sword Boomerang","Combust"],"picked":"SKIP","floor":7.0},{"not_picked":["Combust","Twin Strike"],"picked":"Impervious","floor":11.0},{"not_picked":["Cleave","Second Wind"],"picked":"Infernal Blade","floor":14.0},{"not_picked":["Brutality","Limit Break"],"picked":"Exhume","floor":16.0},{"not_picked":["Flex","Armaments","Thunderclap"],"picked":"SKIP","floor":18.0},{"not_picked":["Wild Strike","Iron Wave"],"picked":"Ghostly Armor","floor":21.0},{"not_picked":["Flex","Searing Blow","Second Wind"],"picked":"SKIP","floor":22.0},{"not_picked":["Fire Breathing","Carnage"],"picked":"Shrug It Off+1","floor":27.0},{"not_picked":["Anger","Metallicize","Twin Strike+1"],"picked":"SKIP","floor":29.0},{"not_picked":["Exhume","Brutality"],"picked":"Fiend Fire","floor":33.0},{"not_picked":["Searing Blow","Twin Strike","Sword Boomerang"],"picked":"SKIP","floor":35.0},{"not_picked":["Headbutt","Armaments"],"picked":"Fire Breathing+1","floor":37.0},{"not_picked":["Clash","Metallicize"],"picked":"Clothesline","floor":38.0},{"not_picked":["Ghostly Armor","Wild Strike"],"picked":"Searing Blow+1","floor":47.0},{"not_picked":["Sword Boomerang","Wild Strike+1","Corruption+1"],"picked":"SKIP","floor":48.0}],"player_experience":1304868,"relics_obtained":[{"floor":7.0,"key":"Happy Flower"},{"floor":9.0,"key":"CeramicFish"},{"floor":11.0,"key":"Whetstone"},{"floor":26.0,"key":"Art of War"},{"floor":41.0,"key":"Pen Nib"},{"floor":43.0,"key":"PreservedInsect"},{"floor":47.0,"key":"MawBank"}],"event_choices":[{"damage_healed":0.0,"max_hp_gain":5.0,"max_hp_loss":0.0,"gold_gain":0.0,"event_name":"Big Fish","player_choice":"Donut","floor":4.0,"gold_loss":0.0,"damage_taken":0.0},{"damage_healed":0.0,"max_hp_gain":0.0,"max_hp_loss":0.0,"gold_gain":0.0,"event_name":"The Library","player_choice":"Read","floor":19.0,"gold_loss":0.0,"damage_taken":0.0,"cards_obtained":["Shockwave"]},{"damage_healed":0.0,"max_hp_gain":0.0,"max_hp_loss":0.0,"gold_gain":0.0,"event_name":"Back to Basics","player_choice":"Simplicity","floor":20.0,"gold_loss":0.0,"damage_taken":0.0,"cards_upgraded":["Strike_R","Strike_R","Strike_R","Defend_R","Defend_R","Defend_R"]},{"damage_healed":0.0,"max_hp_gain":0.0,"max_hp_loss":0.0,"gold_gain":0.0,"event_name":"Drug Dealer","player_choice":"Obtain J.A.X.","floor":24.0,"gold_loss":0.0,"damage_taken":0.0,"cards_obtained":["J.A.X."]},{"damage_healed":0.0,"max_hp_gain":0.0,"max_hp_loss":0.0,"gold_gain":0.0,"event_name":"Ghosts","player_choice":"Ignored","floor":30.0,"gold_loss":0.0,"damage_taken":0.0},{"damage_healed":0.0,"max_hp_gain":0.0,"max_hp_loss":0.0,"gold_gain":0.0,"event_name":"SensoryStone","player_choice":"Memory 1","floor":36.0,"gold_loss":0.0,"damage_taken":0.0},{"damage_healed":0.0,"max_hp_gain":0.0,"max_hp_loss":0.0,"gold_gain":0.0,"event_name":"Lab","player_choice":"Got Potions","floor":44.0,"gold_loss":0.0,"damage_taken":0.0},{"cards_removed":["Shockwave"],"damage_healed":0.0,"max_hp_gain":0.0,"max_hp_loss":0.0,"gold_gain":0.0,"event_name":"Falling","player_choice":"Removed Skill","floor":45.0,"gold_loss":0.0,"damage_taken":0.0}],"is_beta":true,"boss_relics":[{"not_picked":["Mark of Pain","Black Blood"],"picked":"Snecko Eye"},{"not_picked":["Fusion Hammer","Calling Bell"],"picked":"SlaversCollar"}],"items_purged_floors":[],"is_endless":false,"potions_floor_spawned":[5,7,14,21,27,38,47,48],"ascension_level":17}