{"gold_per_floor":[112,112,127,139,11,11,37,37,37,37,52,110,304,322,322,427,427,444,295,313,313,325,325,335,535,581,592,604,604,689,706,706,811,811,830,830,687,687,270,399,399,192,192,192,217,234,350,366,366,366,366,366,87,121,121],"floor_reached":55,"playtime":81572,"items_purged":["Strike_R","Strike_R","Strike_R","Defend_R"],"score":844,"play_id":"b36752ae-fb87-463c-b442-99d29d4d0f91","local_time":"20190210131502","is_ascension_mode":false,"campfire_choices":[{"data":"ReplayReversal","floor":6,"key":"SMITH"},{"data":"Sword Boomerang","floor":8,"key":"SMITH"},{"floor":15,"key":"REST"},{"data":"Demon Form","floor":23,"key":"SMITH"},{"data":"Body Slam","floor":29,"key":"SMITH"},{"data":"Body Slam","floor":32,"key":"SMITH"},{"data":"1","floor":41,"key":"LIFT"},{"floor":49,"key":"RECALL"},{"data":"2","floor":52,"key":"LIFT"}],"neow_cost":"NONE","seed_source_timestamp":245725271323476,"circlet_count":0,"master_deck":["Defend_R+1","Defend_R+1","Bash","ReplayTheSpireMod:Trickstab","Sword Boomerang+1","ReplayReversal+1","Shrug It Off","infinitespire:Fortify+1","Body Slam+1","Impervious","Seeing Red","Shrug It Off","Feed","Body Slam+1","Demon Form+1","True Grit","Sword Boomerang","Armaments","Entrench","Uppercut","Battle Trance+1","Flex","Limit Break","Armaments+1","Havoc","Jack Of All Trades","ReplayTheSpireMod:LeadingStrike+1","Body Slam","Shrug It Off+1","Shrug It Off"],"relics":["Burning Blood","Gremlin Food","Iron Hammer","Anchor","Honey Jar","Simple Rune","Replay_Grab Bag","Sozu","Ring of Chaos","hubris:EmptyBottle","Oddly Smooth Stone","Membership Card","Girya","Replay:Accelerometer","Bronze Scales","Garlic","The Courier","ClockworkSouvenir","hubris:BundleOfHerbs","Art of War"],"potions_floor_usage":[40,55,55,55,55,55,55],"damage_taken":[{"damage":11,"enemies":"Jaw Worm","floor":1,"turns":2},{"damage":1,"enemies":"Cultist","floor":3,"turns":3},{"damage":5,"enemies":"Small Slimes","floor":4,"turns":4},{"damage":0,"enemies":"Red Slaver","floor":11,"turns":3},{"damage":5,"enemies":"3 Sentries","floor":12,"turns":7},{"damage":0,"enemies":"Large Slime","floor":14,"turns":7},{"damage":0,"enemies":"Hexaghost","floor":16,"turns":10},{"damage":0,"enemies":"Spheric Guardian","floor":18,"turns":5},{"damage":0,"enemies":"Shell Parasite","floor":20,"turns":4},{"damage":0,"enemies":"Cultist and Chosen","floor":22,"turns":4},{"damage":6,"enemies":"Centurion and Healer","floor":24,"turns":6},{"damage":0,"enemies":"3 Cultists","floor":27,"turns":5},{"damage":1,"enemies":"Snecko","floor":28,"turns":4},{"damage":0,"enemies":"Centurion and Healer","floor":30,"turns":9},{"damage":0,"enemies":"Snake Plant","floor":31,"turns":3},{"damage":73,"enemies":"Collector","floor":33,"turns":13},{"damage":0,"enemies":"3 Shapes","floor":35,"turns":3},{"damage":0,"enemies":"Reptomancer","floor":40,"turns":3},{"damage":12,"enemies":"Nightmare","floor":45,"turns":6},{"damage":0,"enemies":"3 Darklings","floor":46,"turns":5},{"damage":4,"enemies":"Transient","floor":47,"turns":5},{"damage":0,"enemies":"Maw","floor":48,"turns":6},{"damage":4,"enemies":"infinitespire:MassOfShapes","floor":50,"turns":9},{"damage":3,"enemies":"Shield and Spear","floor":54,"turns":5},{"damage":87,"enemies":"The Heart","floor":55,"turns":6}],"seed_played":"-3673770535427116067","potions_obtained":[{"floor":3,"key":"Strength Potion"},{"floor":4,"key":"PowerPotion"},{"floor":12,"key":"SteroidPotion"},{"floor":20,"key":"Adrenaline Potion"},{"floor":31,"key":"Languid Potion"},{"floor":33,"key":"Poison Potion"}],"is_trial":false,"path_per_floor":["M","?","M","M","$","R","T","R","T","?","M","?","?","M","R","B",null,"M","$","M","?","M","R","M","?","T","M","M","R","M","M","R","B",null,"M","?","$","?","$","E","R","$","T","?","NM","M","M","M","R","B",null,"R","$","E","B"],"character_chosen":"IRONCLAD","items_purchased":["Shrug It Off","Demon Form","hubris:EmptyBottle","Oddly Smooth Stone","Membership Card","Bronze Scales","Garlic","ClockworkSouvenir","hubris:BundleOfHerbs"],"campfire_rested":1,"item_purchase_floors":[5,19,37,39,39,42,42,53,53],"current_hp_per_floor":[75,75,80,80,80,80,80,80,80,59,65,66,34,40,64,70,80,84,84,84,84,84,84,87,87,87,87,87,87,87,87,87,20,87,87,87,87,87,87,87,87,87,87,87,81,87,87,87,87,87,87,87,87,87,0],"gold":121,"neow_bonus":"RANDOM_COLORLESS","is_prod":false,"is_daily":false,"chose_seed":false,"campfire_upgraded":5,"win_rate":0,"timestamp":1549822502,"path_taken":["M","?","M","?","$","R","?","R","T","?","?","?","?","M","R","BOSS","M","$","?","?","M","R","?","?","T","M","M","R","M","?","R","BOSS","M","?","$","?","$","E","R","$","T","?","NM","M","?","?","R","BOSS","R","$","E","BOSS"],"build_version":"2019-01-23","purchased_purges":4,"victory":false,"max_hp_per_floor":[80,80,80,80,80,80,80,80,80,80,80,80,80,80,80,80,80,84,84,84,84,84,84,87,87,87,87,87,87,87,87,87,87,87,87,87,87,87,87,87,87,87,87,87,87,87,87,87,87,87,87,87,87,87,87],"card_choices":[{"not_picked":["Replay:Undeath\u0027s Touch","Thunderclap"],"picked":"Sword Boomerang","floor":1},{"not_picked":["Evolve","Perfected Strike","Battle Trance"],"picked":"SKIP","floor":3},{"not_picked":["Replay:Undeath\u0027s Touch","Anger"],"picked":"ReplayReversal","floor":4},{"not_picked":["infinitespire:Menacing","infinitespire:NeuralNetwork"],"picked":"infinitespire:Fortify","floor":10},{"not_picked":["Flex","Rampage"],"picked":"Body Slam","floor":11},{"not_picked":["Infernal Blade","hubris:SharpeningStone"],"picked":"Impervious","floor":12},{"not_picked":["Run Through","ReplayTheSpireMod:Strike From Hell"],"picked":"Seeing Red","floor":13},{"not_picked":["Inflame","Uppercut"],"picked":"Shrug It Off","floor":14},{"not_picked":["Berserk","Offering"],"picked":"Feed","floor":16},{"not_picked":["Iron Wave","Disarm","Warcry"],"picked":"Body Slam","floor":18},{"not_picked":["Clothesline+1","Thunderclap","Twin Strike"],"picked":"True Grit","floor":20},{"not_picked":["Infernal Blade","Eclipse","Wild Strike"],"picked":"Sword Boomerang","floor":22},{"not_picked":["Heavy Blade","Wild Strike+1","Sword Boomerang"],"picked":"Armaments","floor":24},{"not_picked":["Second Wind","Rupture","Bloodletting"],"picked":"Entrench","floor":27},{"not_picked":["Spot Weakness","Run Through+1","Battle Trance"],"picked":"Uppercut","floor":28},{"not_picked":["Eclipse","Anger","Clothesline"],"picked":"Battle Trance+1","floor":30},{"not_picked":["Power Through","Shrug It Off","Flex"],"picked":"Flex","floor":31},{"not_picked":["Exhume","Replay:Many Hands","Eclipse"],"picked":"Limit Break","floor":33},{"not_picked":["Flex+1","Sword Boomerang+1","infinitespire:OneForAll"],"picked":"Armaments+1","floor":35},{"not_picked":["Warcry+1","ReplayReversal","Wild Strike"],"picked":"Havoc","floor":40},{"not_picked":["PanicButton","Panache"],"picked":"Jack Of All Trades","floor":44},{"not_picked":["Uppercut+1","Twin Strike","Bloodletting"],"picked":"ReplayTheSpireMod:LeadingStrike+1","floor":45},{"not_picked":["Searing Blow+1","Burning Pact+1","Massacre+1"],"picked":"Body Slam","floor":46},{"not_picked":["Rampage+1","Replay:Undeath\u0027s Touch+1","Wild Strike"],"picked":"Shrug It Off+1","floor":47},{"not_picked":["Burning Pact","ReplayTheSpireMod:Limb From Limb","Feed","Headbutt"],"picked":"SKIP","floor":48},{"not_picked":["Abandon","hubris:ReadiedAction","Blood for Blood"],"picked":"Shrug It Off","floor":54}],"player_experience":604737,"relics_obtained":[{"floor":7,"key":"Gremlin Food"},{"floor":9,"key":"Iron Hammer"},{"floor":12,"key":"Anchor"},{"floor":26,"key":"Simple Rune"},{"floor":40,"key":"Replay:Accelerometer"},{"floor":45,"key":"The Courier"},{"floor":54,"key":"Art of War"}],"event_choices":[{"cards_removed":["Strike_R"],"damage_healed":0,"gold_gain":0,"player_choice":"Offered Basic","damage_taken":0,"max_hp_gain":0,"max_hp_loss":0,"event_name":"Bonfire Elementals","floor":2,"gold_loss":0},{"damage_healed":0,"gold_gain":0,"player_choice":"Searched \u00272\u0027 times","damage_taken":0,"max_hp_gain":0,"max_hp_loss":0,"event_name":"Dead Adventurer","floor":12,"gold_loss":0},{"cards_removed":["Strike_R"],"damage_healed":0,"gold_gain":0,"player_choice":"Purged","damage_taken":0,"max_hp_gain":0,"max_hp_loss":0,"event_name":"Purifier","floor":21,"gold_loss":0},{"damage_healed":0,"gold_gain":200,"player_choice":"Gold","damage_taken":0,"max_hp_gain":0,"max_hp_loss":0,"event_name":"Wheel of Change","floor":25,"gold_loss":0},{"cards_removed":["Defend_R"],"damage_healed":0,"gold_gain":0,"player_choice":"Removed Skill","damage_taken":0,"max_hp_gain":0,"max_hp_loss":0,"event_name":"Falling","floor":36,"gold_loss":0},{"damage_healed":0,"gold_gain":0,"player_choice":"Ignored","damage_taken":0,"max_hp_gain":0,"max_hp_loss":0,"event_name":"Tomb of Lord Red Mask","floor":38,"gold_loss":0},{"damage_healed":0,"gold_gain":0,"player_choice":"Memory 1","damage_taken":0,"max_hp_gain":0,"max_hp_loss":0,"event_name":"SensoryStone","floor":44,"gold_loss":0}],"is_beta":false,"boss_relics":[{"not_picked":["hubris:TerracottaHorce","hubris:CrackedHourglass"],"picked":"Honey Jar"},{"not_picked":["Runic Cube","Electric Blood"],"picked":"Replay_Grab Bag"},{"not_picked":["ReplayTheSpireMod:Onyx Gauntlets","infinitespire:Cupcake"],"picked":"Sozu"},{"not_picked":["Calling Bell","Pandora\u0027s Box"],"picked":"Ring of Chaos"}],"items_purged_floors":[5,37,39,53],"is_endless":false,"potions_floor_spawned":[3,4,12,20,31,33,46,48],"killed_by":"The Heart","ascension_level":0}