{"gold_per_floor":[112,123,298,298,312,312,345,270,323,323,337,288,318,331,331,430,430,443,462,121,121,121,121,139,153,153,168,43,43,63,82,82,186,186,199,49,67,67,79,79,91,91,118,118,128,128,146,160,160,160],"floor_reached":50,"playtime":15535,"items_purged":["Doubt","Strike_R","Strike_R","Defend_R"],"score":508,"play_id":"d8578f44-1a32-4a56-bfaf-9fdc05e3316d","local_time":"20180717205509","is_ascension_mode":false,"campfire_choices":[{"data":"Disarm","floor":6,"key":"SMITH"},{"data":"1","floor":10,"key":"LIFT"},{"data":"2","floor":15,"key":"LIFT"},{"data":"3","floor":23,"key":"LIFT"},{"data":"Strike_R","floor":29,"key":"PURGE"},{"data":"Strike_R","floor":32,"key":"PURGE"},{"data":"Whirlwind","floor":40,"key":"SMITH"},{"data":"Demon Form","floor":42,"key":"SMITH"},{"data":"Disarm","floor":44,"key":"PURGE"},{"data":"Metallicize","floor":49,"key":"SMITH"}],"neow_cost":"NONE","seed_source_timestamp":794550410960610,"circlet_count":0,"master_deck":["Defend_R+1","Defend_R+1","Bash+1","Disarm+1","Metallicize+1","Offering","Shrug It Off","Feed+1","Iron Wave","Pummel","Sword Boomerang","Whirlwind+1","Demon Form+1","Headbutt"],"relics":["Burning Blood","Omamori","Girya","War Paint","Letter Opener","Coffee Dripper","Matryoshka","Singing Bowl","Peace Pipe","Empty Cage","FaceOfCleric","Pantograph","Anchor"],"potions_floor_usage":[7,18,25,33,45,48,50,50],"damage_taken":[{"damage":6,"enemies":"Cultist","floor":1,"turns":3},{"damage":1,"enemies":"2 Louse","floor":2,"turns":2},{"damage":10,"enemies":"Small Slimes","floor":5,"turns":4},{"damage":16,"enemies":"Gremlin Nob","floor":7,"turns":5},{"damage":8,"enemies":"Exordium Wildlife","floor":11,"turns":5},{"damage":27,"enemies":"3 Sentries","floor":13,"turns":10},{"damage":10,"enemies":"3 Louse","floor":14,"turns":4},{"damage":8,"enemies":"Hexaghost","floor":16,"turns":10},{"damage":4,"enemies":"3 Byrds","floor":18,"turns":7},{"damage":6,"enemies":"2 Thieves","floor":19,"turns":4},{"damage":4,"enemies":"Snake Plant","floor":24,"turns":3},{"damage":4,"enemies":"3 Cultists","floor":25,"turns":4},{"damage":5,"enemies":"Slaver and Parasite","floor":27,"turns":5},{"damage":9,"enemies":"Chosen and Byrds","floor":30,"turns":5},{"damage":3,"enemies":"Snecko","floor":31,"turns":4},{"damage":87,"enemies":"Champ","floor":33,"turns":13},{"damage":4,"enemies":"Flame Bruiser 1 Orb","floor":35,"turns":4},{"damage":33,"enemies":"3 Shapes","floor":37,"turns":5},{"damage":40,"enemies":"Spire Growth","floor":39,"turns":4},{"damage":44,"enemies":"4 Shapes","floor":41,"turns":2},{"damage":13,"enemies":"Flame Bruiser 2 Orb","floor":45,"turns":4},{"damage":4,"enemies":"3 Darklings","floor":47,"turns":3},{"damage":16,"enemies":"Sphere and 2 Shapes","floor":48,"turns":7},{"damage":55,"enemies":"Donu and Deca","floor":50,"turns":4}],"seed_played":"5983500501064171234","potions_obtained":[{"floor":5,"key":"Weak Potion"},{"floor":7,"key":"GamblersBrew"},{"floor":13,"key":"SpeedPotion"},{"floor":16,"key":"SneckoOil"},{"floor":18,"key":"SteroidPotion"},{"floor":31,"key":"SkillPotion"},{"floor":33,"key":"Fire Potion"},{"floor":47,"key":"Ancient Potion"},{"floor":48,"key":"FairyPotion"}],"is_trial":false,"path_per_floor":["M","M","?","?","M","R","E","$","T","R","M","?","E","M","R","B",null,"M","M","$","?","?","R","M","M","T","M","$","R","M","M","R","B",null,"M","$","M","?","M","R","M","R","T","R","M","?","M","M","R"],"character_chosen":"IRONCLAD","items_purchased":["Matryoshka"],"campfire_rested":0,"item_purchase_floors":[20],"current_hp_per_floor":[80,80,80,68,64,64,54,54,54,54,52,52,31,27,27,25,80,83,83,83,83,83,83,87,91,91,93,93,93,94,99,99,18,99,101,101,80,80,49,49,14,14,14,14,12,12,17,14,14,0],"gold":160,"neow_bonus":"UPGRADE_CARD","is_prod":false,"is_daily":false,"chose_seed":false,"campfire_upgraded":4,"win_rate":0,"timestamp":1531875309,"path_taken":["M","M","?","?","M","R","E","$","T","R","M","?","E","M","R","BOSS","M","M","$","?","?","R","M","M","T","?","?","R","M","M","R","BOSS","M","$","M","?","?","R","M","R","T","R","M","?","M","M","R","BOSS"],"build_version":"2018-07-16","purchased_purges":4,"victory":false,"max_hp_per_floor":[80,80,80,80,80,80,80,80,80,80,80,80,80,80,80,80,80,83,83,83,83,83,83,87,91,91,93,93,93,97,99,99,99,99,101,101,107,107,110,110,113,113,113,113,118,118,121,128,128,128],"card_choices":[{"not_picked":["Heavy Blade","Havoc"],"picked":"Disarm","floor":1},{"not_picked":["Warcry","Ghostly Armor","Clothesline"],"picked":"SKIP","floor":2},{"not_picked":["Shockwave","Body Slam"],"picked":"Metallicize","floor":5},{"not_picked":["Rupture","Clash"],"picked":"Disarm","floor":7},{"not_picked":["Clothesline","Second Wind"],"picked":"Offering","floor":11},{"not_picked":["Spot Weakness","Rupture"],"picked":"Dropkick","floor":13},{"not_picked":["Clothesline","Cleave"],"picked":"Shrug It Off","floor":14},{"not_picked":["Exhume","Brutality"],"picked":"Feed","floor":16},{"not_picked":["Twin Strike","Hemokinesis"],"picked":"Iron Wave","floor":18},{"not_picked":["Infernal Blade","Flex+1","Thunderclap"],"picked":"SKIP","floor":19},{"not_picked":["Flex","Twin Strike"],"picked":"Pummel","floor":24},{"not_picked":["Havoc","Infernal Blade"],"picked":"Sword Boomerang","floor":25},{"not_picked":["Thunderclap+1","Heavy Blade","Pommel Strike"],"picked":"Singing Bowl","floor":27},{"not_picked":["Wild Strike","Body Slam"],"picked":"Whirlwind","floor":30},{"not_picked":["Immolate","Sentinel","Wild Strike"],"picked":"Singing Bowl","floor":31},{"not_picked":["Fiend Fire","Berserk"],"picked":"Demon Form","floor":33},{"not_picked":["Havoc+1","Hemokinesis","Clash+1"],"picked":"Singing Bowl","floor":35},{"not_picked":["Carnage","Rupture+1","True Grit"],"picked":"Singing Bowl","floor":37},{"not_picked":["Heavy Blade","Flex","Twin Strike+1"],"picked":"Singing Bowl","floor":39},{"not_picked":["Fire Breathing+1","Anger+1","Sword Boomerang+1"],"picked":"Singing Bowl","floor":41},{"not_picked":["Perfected Strike","Rampage+1"],"picked":"Headbutt","floor":45},{"not_picked":["Dual Wield+1","Anger","Sever Soul+1"],"picked":"Singing Bowl","floor":47},{"not_picked":["Shrug It Off","Battle Trance","Armaments"],"picked":"Singing Bowl","floor":48}],"player_experience":739154,"relics_obtained":[{"floor":7,"key":"Girya"},{"floor":9,"key":"War Paint"},{"floor":13,"key":"Letter Opener"},{"floor":26,"key":"Singing Bowl"},{"floor":26,"key":"Peace Pipe"},{"floor":43,"key":"Pantograph"},{"floor":43,"key":"Anchor"}],"event_choices":[{"event_name":"Liars Game","player_choice":"agreed","floor":3,"damage_taken":0},{"event_name":"Scrap Ooze","player_choice":"success","floor":4,"damage_taken":12},{"event_name":"World of Goop","player_choice":"Left","floor":12,"damage_taken":0},{"event_name":"Wheel of Change","player_choice":"Full Heal","floor":21,"damage_taken":0},{"event_name":"Upgrade Shrine","player_choice":"Upgraded","floor":22,"damage_taken":0},{"event_name":"FaceTrader","player_choice":"Trade","floor":38,"damage_taken":0},{"event_name":"Falling","player_choice":"Removed Attack","floor":46,"damage_taken":0}],"boss_relics":[{"not_picked":["Tiny House","Fusion Hammer"],"picked":"Coffee Dripper"},{"not_picked":["Calling Bell","Black Blood"],"picked":"Empty Cage"}],"items_purged_floors":[8,20,28,36],"is_endless":false,"potions_floor_spawned":[5,7,13,16,18,31,33,35,47,48],"killed_by":"Donu and Deca","ascension_level":0}