{"path_per_floor":["M","?","?","M","M","R","E","M","T","R","M","R","M","M","R","B",null,"M","$","M","?","?","R","?","?","T","R","M"],"character_chosen":"THE_SILENT","items_purchased":["Bottled Lightning"],"gold_per_floor":[13,88,88,101,112,112,142,159,207,207,221,221,231,245,245,346,346,363,37,52,52,52,52,52,52,76,76,88,88],"floor_reached":29,"campfire_rested":5,"playtime":857,"current_hp_per_floor":[67,56,56,48,48,48,17,17,17,38,28,49,46,43,64,19,70,49,49,17,17,17,38,22,22,22,43,37,0],"items_purged":["Defend_G"],"gold":88,"score":259,"play_id":"ce26f43d-e1d1-4cc2-8571-d63499d4cd7e","local_time":"20180403173158","is_prod":false,"is_daily":false,"is_ascension_mode":true,"campfire_upgraded":1,"timestamp":1522791118,"path_taken":["M","?","?","M","M","R","E","M","T","R","M","R","M","?","R","BOSS","M","$","M","?","?","R","?","?","T","R","M","?"],"build_version":"2018-03-29v2","purchased_purges":1,"victory":false,"master_deck":["Defend_G","Defend_G+1","Defend_G","Survivor","Neutralize","Die Die Die+1","Catalyst","Poisoned Stab","Wraith Form","Sucker Punch","PiercingWail+1","All Out Attack","Malaise","Dagger Spray","Footwork","Adrenaline+1","Setup+1","Leg Sweep+1","Deadly Poison+1","Bouncing Flask","Footwork"],"max_hp_per_floor":[70,70,70,70,70,70,70,70,70,70,70,70,70,70,70,70,70,70,70,70,70,70,70,70,70,70,70,70,70],"relics":["Ring of the Snake","Pen Nib","War Paint","Astrolabe","Bottled Lightning","Enchiridion","Dream Catcher"],"card_choices":[{"not_picked":["Night Terror","Dagger Throw"],"picked":"Poisoned Stab","floor":1},{"not_picked":["Deadly Poison","Concentrate"],"picked":"Sucker Punch","floor":4},{"not_picked":["Outmaneuver","Dodge and Roll"],"picked":"PiercingWail","floor":5},{"not_picked":["Deadly Poison","Sucker Punch"],"picked":"All Out Attack","floor":7},{"not_picked":["Underhanded Strike","Deadly Poison"],"picked":"Malaise","floor":8},{"not_picked":["Riddle With Holes","Accuracy"],"picked":"Dagger Spray","floor":11},{"not_picked":["Well Laid Plans","Deadly Poison"],"picked":"Footwork","floor":14},{"not_picked":["Doppelganger","Wraith Form"],"picked":"Adrenaline","floor":16},{"not_picked":["Concentrate","Dagger Throw"],"picked":"Bouncing Flask","floor":18},{"not_picked":["Crippling Poison","Flechettes"],"picked":"Footwork","floor":20}],"player_experience":300681,"potions_floor_usage":[14,29],"damage_taken":[{"damage":3,"enemies":"2 Louse","floor":1,"turns":2},{"damage":8,"enemies":"Small Slimes","floor":4,"turns":2},{"damage":0,"enemies":"Cultist","floor":5,"turns":3},{"damage":31,"enemies":"Lagavulin","floor":7,"turns":7},{"damage":0,"enemies":"3 Louse","floor":8,"turns":1},{"damage":10,"enemies":"Red Slaver","floor":11,"turns":4},{"damage":3,"enemies":"Blue Slaver","floor":13,"turns":4},{"damage":3,"enemies":"Gremlin Gang","floor":14,"turns":3},{"damage":45,"enemies":"The Guardian","floor":16,"turns":16},{"damage":21,"enemies":"Shell Parasite","floor":18,"turns":4},{"damage":32,"enemies":"2 Thieves","floor":20,"turns":4},{"damage":6,"enemies":"Chosen and Byrds","floor":28,"turns":3},{"damage":38,"enemies":"Slaver and Parasite","floor":29,"turns":5}],"event_choices":[{"event_name":"World of Goop","player_choice":"Gather Gold","floor":2,"damage_taken":0},{"event_name":"Transmorgrifier","player_choice":"Transform","floor":3,"damage_taken":0},{"event_name":"Upgrade Shrine","player_choice":"Upgraded","floor":21,"damage_taken":0},{"event_name":"Drug Dealer","player_choice":"Ignored","floor":22,"damage_taken":0},{"event_name":"Cursed Tome","player_choice":"Obtained Book","floor":24,"damage_taken":0},{"event_name":"Vampires","player_choice":"Ignored","floor":25,"damage_taken":0}],"boss_relics":[{"not_picked":["Runic Dome","Tiny House"],"picked":"Astrolabe"}],"potions_floor_spawned":[4,5,14,16,28],"seed_played":"7304984231038874217","killed_by":"Slaver and Parasite","ascension_level":3,"is_trial":false}