{"gold_per_floor":[111,111,111,123,134,134,59,77,145,156,156,171,204,216,216,313,313,333,343,145,161,161,161],"floor_reached":23,"playtime":863,"items_purged":["Strike_R"],"score":195,"play_id":"9b1b9d98-218a-4fc1-8fe6-7ee0983f2b19","local_time":"20180720022845","is_ascension_mode":false,"campfire_choices":[{"data":"Bash","floor":6,"key":"SMITH"},{"data":"Anger","floor":11,"key":"SMITH"},{"data":"Cleave","floor":15,"key":"SMITH"}],"neow_cost":"NONE","seed_source_timestamp":0,"circlet_count":0,"master_deck":["Strike_R","Strike_R","Strike_R","Defend_R","Defend_R","Defend_R","Defend_R","Bash+1","Twin Strike","Anger+1","Thunderclap","Cleave+1","Feed","Shrug It Off+1"],"special_seed":0,"relics":["Burning Blood","Happy Flower","Meat on the Bone","Ancient Tea Set","Black Star","Sling"],"potions_floor_usage":[23,23],"damage_taken":[{"damage":1,"enemies":"Jaw Worm","floor":1,"turns":4},{"damage":1,"enemies":"Cultist","floor":4,"turns":3},{"damage":7,"enemies":"Small Slimes","floor":5,"turns":4},{"damage":22,"enemies":"Gremlin Gang","floor":8,"turns":6},{"damage":0,"enemies":"Exordium Wildlife","floor":10,"turns":3},{"damage":8,"enemies":"2 Fungi Beasts","floor":12,"turns":3},{"damage":36,"enemies":"Lagavulin","floor":13,"turns":4},{"damage":22,"enemies":"Gremlin Gang","floor":14,"turns":3},{"damage":26,"enemies":"Slime Boss","floor":16,"turns":7},{"damage":24,"enemies":"Spheric Guardian","floor":18,"turns":5},{"damage":19,"enemies":"2 Thieves","floor":19,"turns":3},{"damage":37,"enemies":"Cultist and Chosen","floor":21,"turns":6},{"damage":36,"enemies":"Book of Stabbing","floor":23,"turns":6}],"seed_played":"1134030224882014615","potions_obtained":[{"floor":4,"key":"FearPotion"},{"floor":12,"key":"SkillPotion"},{"floor":16,"key":"GamblersBrew"}],"is_trial":false,"path_per_floor":["M","?","?","M","M","R","$","M","T","M","R","M","E","M","R","B",null,"M","M","$","M","?"],"character_chosen":"IRONCLAD","items_purchased":["Sling"],"campfire_rested":0,"item_purchase_floors":[20],"current_hp_per_floor":[80,80,80,80,79,79,79,63,63,69,69,67,49,45,45,37,80,62,52,52,33,33,0],"gold":161,"neow_bonus":"RANDOM_COMMON_RELIC","is_prod":false,"is_daily":false,"chose_seed":false,"campfire_upgraded":3,"win_rate":0,"timestamp":1532068125,"path_taken":["M","?","?","?","M","R","$","M","T","M","R","M","E","M","R","BOSS","M","M","$","M","?","E"],"build_version":"2018-07-19","purchased_purges":1,"victory":false,"max_hp_per_floor":[80,80,80,80,80,80,80,80,80,80,80,80,80,80,80,80,80,80,83,83,83,83,83],"card_choices":[{"not_picked":["Wild Strike","Power Through","Warcry"],"picked":"SKIP","floor":1},{"not_picked":["Power Through","Flex","Clash"],"picked":"SKIP","floor":4},{"not_picked":["Entrench","Perfected Strike"],"picked":"Twin Strike","floor":5},{"not_picked":["Rupture","Rage","Anger"],"picked":"SKIP","floor":8},{"not_picked":["Rupture","Rage"],"picked":"Anger","floor":8},{"not_picked":["Flex","Body Slam","Headbutt"],"picked":"SKIP","floor":10},{"not_picked":["Pommel Strike","Clash"],"picked":"Thunderclap","floor":12},{"not_picked":["Thunderclap","Wild Strike"],"picked":"Cleave","floor":13},{"not_picked":["Flame Barrier","Bloodletting","Wild Strike"],"picked":"SKIP","floor":14},{"not_picked":["Immolate","Juggernaut"],"picked":"Feed","floor":16},{"not_picked":["Heavy Blade+1","Warcry"],"picked":"Shrug It Off+1","floor":18},{"not_picked":["Rampage","Entrench","Pommel Strike"],"picked":"SKIP","floor":19},{"not_picked":["Spot Weakness","Warcry","Evolve"],"picked":"SKIP","floor":21}],"player_experience":764580,"relics_obtained":[{"floor":9,"key":"Meat on the Bone"},{"floor":13,"key":"Ancient Tea Set"}],"event_choices":[{"event_name":"Bonfire Elementals","player_choice":"BASIC","floor":2,"damage_taken":0},{"event_name":"NoteForYourself","player_choice":"Ignored","floor":3,"damage_taken":0},{"event_name":"Cursed Tome","player_choice":"Ignored","floor":22,"damage_taken":0}],"is_beta":true,"boss_relics":[{"not_picked":["Lizard Tail","Sozu"],"picked":"Black Star"}],"items_purged_floors":[7],"is_endless":false,"potions_floor_spawned":[4,12,16,18],"killed_by":"Book of Stabbing","ascension_level":0}