{"gold_per_floor":[117,50,50,12,24,24,40,40,92,92,92,102,121,140,140,235,235,253,13,33,43,43],"floor_reached":22,"playtime":762,"items_purged":[],"score":249,"play_id":"567c29b0-3178-49a7-904b-84afd1370657","local_time":"20181231021114","is_ascension_mode":true,"campfire_choices":[{"data":"Sunder","floor":6,"key":"SMITH"},{"data":"Defragment","floor":8,"key":"SMITH"},{"data":"Dualcast","floor":11,"key":"SMITH"},{"floor":15,"key":"REST"}],"neow_cost":"PERCENT_DAMAGE","seed_source_timestamp":894016653012688,"circlet_count":0,"master_deck":["Strike_B","Strike_B","Strike_B","Defend_B","Defend_B","Defend_B","Defend_B","Zap+1","Dualcast+1","Panacea","Purity","Hologram+1","Defragment+1","Sunder+1","BootSequence","BootSequence","White Noise","Genetic Algorithm+1","Capacitor+1","Darkness+1"],"relics":["Cracked Core","Bronze Scales","Nuclear Battery","Toxic Egg 2"],"potions_floor_usage":[13,16,16,18,21],"damage_taken":[{"damage":1,"enemies":"2 Louse","floor":1,"turns":2},{"damage":9,"enemies":"Jaw Worm","floor":5,"turns":3},{"damage":0,"enemies":"Cultist","floor":7,"turns":2},{"damage":0,"enemies":"Gremlin Gang","floor":12,"turns":4},{"damage":3,"enemies":"Large Slime","floor":13,"turns":5},{"damage":0,"enemies":"Exordium Wildlife","floor":14,"turns":3},{"damage":33,"enemies":"Hexaghost","floor":16,"turns":8},{"damage":7,"enemies":"2 Thieves","floor":18,"turns":4},{"damage":5,"enemies":"3 Byrds","floor":20,"turns":2},{"damage":11,"enemies":"Centurion and Healer","floor":21,"turns":8},{"damage":46,"enemies":"Cultist and Chosen","floor":22,"turns":6}],"seed_played":"8514738138780662459","potions_obtained":[{"floor":7,"key":"Block Potion"},{"floor":13,"key":"FearPotion"},{"floor":14,"key":"AttackPotion"},{"floor":16,"key":"Swift Potion"},{"floor":20,"key":"EssenceOfSteel"}],"is_trial":false,"path_per_floor":["M","$","?","$","M","R","M","R","T","?","R","M","M","M","R","B",null,"M","$","M","M","M"],"character_chosen":"DEFECT","items_purchased":["Defragment","Sunder","Toxic Egg 2"],"campfire_rested":1,"item_purchase_floors":[2,4,19],"current_hp_per_floor":[49,49,34,34,25,25,25,25,25,25,25,25,22,22,44,11,59,52,52,47,36,0],"gold":43,"neow_bonus":"RANDOM_COLORLESS_2","is_prod":false,"is_daily":false,"chose_seed":false,"campfire_upgraded":3,"win_rate":0,"timestamp":1546218674,"path_taken":["M","$","?","$","M","R","M","R","T","?","R","M","M","?","R","BOSS","M","$","M","M","?"],"build_version":"2018-12-20","purchased_purges":0,"victory":false,"max_hp_per_floor":[75,75,75,75,75,75,75,75,75,75,75,75,75,75,75,75,75,75,75,75,75,75],"card_choices":[{"not_picked":["Chill","Redo"],"picked":"Hologram","floor":1},{"not_picked":["Turbo","Go for the Eyes"],"picked":"BootSequence","floor":5},{"not_picked":["Consume","Gash"],"picked":"BootSequence","floor":7},{"not_picked":["Compile Driver","Gash"],"picked":"White Noise","floor":12},{"not_picked":["Undo","Barrage","Stack"],"picked":"SKIP","floor":13},{"not_picked":["Gash","Steam","Sweeping Beam"],"picked":"SKIP","floor":14},{"not_picked":["Barrage","Consume+1"],"picked":"Genetic Algorithm+1","floor":18},{"not_picked":["Compile Driver","Steam+1"],"picked":"Capacitor+1","floor":20},{"not_picked":["Cold Snap+1","Skim+1"],"picked":"Darkness+1","floor":21}],"player_experience":357908,"relics_obtained":[{"floor":9,"key":"Bronze Scales"}],"event_choices":[{"damage_healed":0,"gold_gain":0,"player_choice":"Entered Light","damage_taken":15,"max_hp_gain":0,"max_hp_loss":0,"event_name":"Shining Light","floor":3,"gold_loss":0,"cards_upgraded":["Zap","Hologram"]},{"cards_removed":["Strike_B"],"damage_healed":0,"gold_gain":0,"player_choice":"Forget","damage_taken":0,"max_hp_gain":0,"max_hp_loss":0,"event_name":"Living Wall","floor":10,"gold_loss":0}],"is_beta":false,"boss_relics":[{"not_picked":["FrozenCore","Lizard Tail"],"picked":"Nuclear Battery"}],"items_purged_floors":[],"is_endless":false,"potions_floor_spawned":[7,13,14,16,20],"killed_by":"Cultist and Chosen","ascension_level":8}