{"gold_per_floor":[118,43,60,60,135,135,146,161,161,192,204,216,228,251,263,380,392,416,428,453,465,488,500,547,575,587,599,14,14,26,26,26,126,126,141,117,117,117,129,129,139,139,139,156,156,171,171,171,171,171],"floor_reached":50,"playtime":2395,"items_purged":["Strike_R"],"score":460,"play_id":"cb1374d7-8d17-4003-9381-6b9ae67e5404","local_time":"20190917000839","is_ascension_mode":false,"campfire_choices":[{"data":"Bash","floor":6,"key":"SMITH"},{"data":"Shrug It Off","floor":13,"key":"SMITH"},{"data":"Defend_R","floor":15,"key":"SMITH"},{"data":"Pommel Strike","floor":23,"key":"SMITH"},{"data":"Shrug It Off","floor":29,"key":"SMITH"},{"data":"Wild Strike","floor":32,"key":"SMITH"},{"data":"Body Slam","floor":40,"key":"SMITH"},{"data":"Warcry","floor":42,"key":"SMITH"},{"data":"Strike_R","floor":45,"key":"SMITH"},{"data":"Strike_R","floor":49,"key":"SMITH"}],"neow_cost":"NONE","seed_source_timestamp":69667797494100,"circlet_count":0,"master_deck":["Strike_R","Strike_R","Strike_R+1","Strike_R+1","Defend_R+1","Defend_R","Defend_R","Defend_R","Bash+1","Shrug It Off+1","Perfected Strike+1","Pommel Strike+1","Warcry+1","Shrug It Off+1","Wild Strike+1","Perfected Strike+1","Twin Strike+1","Wild Strike+1","Body Slam+1","Headbutt+1"],"relics":["Coffee Dripper","Meat on the Bone","Mummified Hand","MawBank","Snecko Eye","Bag of Marbles","Lantern","DollysMirror","Matryoshka","Orichalcum","Sozu","Strawberry","Paper Frog","Frozen Egg 2","Bag of Preparation"],"potions_floor_usage":[16,16,24,33,33,33],"damage_taken":[{"damage":0,"enemies":"Cultist","floor":1,"turns":3},{"damage":0,"enemies":"Small Slimes","floor":3,"turns":3},{"damage":0,"enemies":"2 Louse","floor":7,"turns":2},{"damage":6,"enemies":"Exordium Wildlife","floor":8,"turns":4},{"damage":8,"enemies":"Gremlin Nob","floor":10,"turns":3},{"damage":0,"enemies":"Looter","floor":14,"turns":3},{"damage":43,"enemies":"Hexaghost","floor":16,"turns":11},{"damage":46,"enemies":"Spheric Guardian","floor":18,"turns":9},{"damage":0,"enemies":"3 Byrds","floor":20,"turns":5},{"damage":16,"enemies":"Shelled Parasite and Fungi","floor":22,"turns":7},{"damage":14,"enemies":"Slavers","floor":24,"turns":6},{"damage":0,"enemies":"Snecko","floor":25,"turns":2},{"damage":13,"enemies":"Centurion and Healer","floor":30,"turns":4},{"damage":32,"enemies":"Collector","floor":33,"turns":4},{"damage":18,"enemies":"3 Darklings","floor":35,"turns":5},{"damage":0,"enemies":"Orb Walker","floor":39,"turns":1},{"damage":24,"enemies":"Maw","floor":41,"turns":5},{"damage":0,"enemies":"Jaw Worm Horde","floor":44,"turns":2},{"damage":0,"enemies":"3 Darklings","floor":46,"turns":2},{"damage":58,"enemies":"Donu and Deca","floor":50,"turns":5}],"seed_played":"-8171141836569431612","potions_obtained":[{"floor":7,"key":"SteroidPotion"},{"floor":14,"key":"LiquidBronze"},{"floor":20,"key":"Ancient Potion"},{"floor":22,"key":"Ancient Potion"},{"floor":24,"key":"Fire Potion"},{"floor":30,"key":"Swift Potion"}],"is_trial":false,"path_per_floor":["M","$","M","T","?","R","M","M","T","E","$","?","R","M","R","B",null,"M","?","M","?","M","R","E","M","T","?","$","R","M","$","R","B",null,"M","$","?","?","M","R","M","R","T","M","R","M","$","T","R","B"],"character_chosen":"IRONCLAD","items_purchased":["DollysMirror","Matryoshka","Orichalcum","Body Slam"],"campfire_rested":0,"item_purchase_floors":[28,28,28,36],"current_hp_per_floor":[80,80,80,80,69,69,69,63,63,55,55,55,55,55,55,24,80,46,46,46,31,27,27,25,37,37,37,37,37,36,36,36,16,85,67,67,67,67,67,67,43,43,50,50,50,50,50,50,50,0],"gold":171,"neow_bonus":"BOSS_RELIC","is_prod":false,"is_daily":false,"chose_seed":false,"campfire_upgraded":10,"win_rate":0,"timestamp":1568693319,"path_taken":["M","?","M","?","?","R","M","M","T","E","$","?","R","?","R","BOSS","M","?","?","?","M","R","E","M","T","?","$","R","M","$","R","BOSS","M","$","?","?","M","R","M","R","T","M","R","M","?","?","R","BOSS"],"build_version":"2019-07-17","purchased_purges":1,"victory":false,"max_hp_per_floor":[80,80,80,80,80,80,80,80,80,80,80,80,80,80,80,80,80,80,80,80,85,85,85,85,85,85,85,85,85,85,85,85,85,85,85,85,85,85,85,85,85,85,92,92,92,92,92,92,92,92],"card_choices":[{"not_picked":["Thunderclap","Sword Boomerang","Dual Wield"],"picked":"SKIP","floor":1},{"not_picked":["Reckless Charge","Blood for Blood","Pommel Strike"],"picked":"SKIP","floor":3},{"not_picked":["Sentinel","Wild Strike","Fire Breathing"],"picked":"SKIP","floor":7},{"not_picked":["True Grit","Battle Trance"],"picked":"Shrug It Off","floor":8},{"not_picked":["Combust","True Grit","Havoc"],"picked":"SKIP","floor":10},{"not_picked":["Flex","Flame Barrier","Intimidate"],"picked":"SKIP","floor":14},{"not_picked":["Second Wind+1","Flame Barrier+1"],"picked":"Perfected Strike","floor":18},{"not_picked":["Havoc","Sword Boomerang"],"picked":"Pommel Strike","floor":20},{"not_picked":["Carnage","Dropkick"],"picked":"Warcry","floor":22},{"not_picked":["Flame Barrier","Armaments"],"picked":"Shrug It Off","floor":24},{"not_picked":["Power Through","Clash"],"picked":"Wild Strike","floor":25},{"not_picked":["Pommel Strike","Headbutt"],"picked":"Twin Strike+1","floor":30},{"not_picked":["Warcry","Flex+1"],"picked":"Wild Strike+1","floor":35},{"not_picked":["Shockwave+1","Feel No Pain+1"],"picked":"Headbutt+1","floor":39},{"not_picked":["Cleave","Flex+1","Evolve+1"],"picked":"SKIP","floor":41},{"not_picked":["Body Slam+1","Havoc","Rupture+1"],"picked":"SKIP","floor":44},{"not_picked":["Body Slam","Metallicize","Thunderclap"],"picked":"SKIP","floor":46}],"player_experience":544033,"relics_obtained":[{"floor":4,"key":"Meat on the Bone"},{"floor":9,"key":"Mummified Hand"},{"floor":10,"key":"MawBank"},{"floor":24,"key":"Bag of Marbles"},{"floor":26,"key":"Lantern"},{"floor":43,"key":"Strawberry"},{"floor":43,"key":"Paper Frog"},{"floor":48,"key":"Frozen Egg 2"},{"floor":48,"key":"Bag of Preparation"}],"event_choices":[{"damage_healed":0,"gold_gain":75,"player_choice":"Gather Gold","damage_taken":11,"max_hp_gain":0,"max_hp_loss":0,"event_name":"World of Goop","floor":5,"gold_loss":0},{"damage_healed":0,"gold_gain":0,"player_choice":"Ignored","damage_taken":0,"max_hp_gain":0,"max_hp_loss":0,"event_name":"Shining Light","floor":12,"gold_loss":0},{"damage_healed":0,"gold_gain":0,"player_choice":"Upgraded","damage_taken":0,"max_hp_gain":0,"max_hp_loss":0,"event_name":"Upgrade Shrine","floor":19,"gold_loss":0,"cards_upgraded":["Perfected Strike"]},{"damage_healed":0,"gold_gain":0,"player_choice":"Shed Blood","damage_taken":20,"max_hp_gain":5,"max_hp_loss":0,"event_name":"Forgotten Altar","floor":21,"gold_loss":0},{"damage_healed":0,"gold_gain":0,"player_choice":"Ignored","damage_taken":0,"max_hp_gain":0,"max_hp_loss":0,"event_name":"Ghosts","floor":27,"gold_loss":0},{"damage_healed":0,"gold_gain":0,"player_choice":"Ignored","damage_taken":0,"max_hp_gain":0,"max_hp_loss":0,"event_name":"Mysterious Sphere","floor":37,"gold_loss":0},{"damage_healed":0,"gold_gain":0,"player_choice":"Memory 1","damage_taken":0,"max_hp_gain":0,"max_hp_loss":0,"event_name":"SensoryStone","floor":38,"gold_loss":0}],"is_beta":false,"boss_relics":[{"not_picked":["Tiny House","Runic Dome"],"picked":"Snecko Eye"},{"not_picked":["Cursed Key","Pandora\u0027s Box"],"picked":"Sozu"}],"items_purged_floors":[2],"is_endless":false,"potions_floor_spawned":[7,14,20,22,24,30,39,44],"killed_by":"Donu and Deca","ascension_level":0}