{"gold_per_floor":[109,109,128,57,57,57,67,83,83,83,97,107,107,124,124,224,224,237,237,251,267,195,195,195,208,208,208,218,218],"floor_reached":29,"playtime":842,"items_purged":[],"score":219,"play_id":"28a22e11-a4dd-471f-a8de-2e72711221b6","local_time":"20190307115218","is_ascension_mode":false,"campfire_choices":[{"data":"Zap","floor":6,"key":"SMITH"},{"floor":15,"key":"REST"},{"data":"Zap","floor":27,"key":"SMITH"}],"neow_cost":"NONE","seed_source_timestamp":1372415493316581,"circlet_count":0,"master_deck":["Strike_B","Strike_B+1","Strike_B","Strike_B","Defend_B","Defend_B","Defend_B","Defend_B+1","Zap+1","Dualcast","Capacitor","Electrodynamics","Zap+1","Redo","FIFO Queue","Clumsy","Panic Button","Mirror Shield","Barrage","Cold Snap","Consume","Rainbow","Chill"],"relics":["strawberrySpire:CapacitorDischarge","hubris:Metronome","conspire:Dentures","Sozu","strawberrySpire:Dreamfruit","FossilizedHelix"],"potions_floor_usage":[28],"damage_taken":[{"damage":7,"enemies":"2 Louse","floor":1,"turns":3},{"damage":3,"enemies":"Jaw Worm","floor":3,"turns":5},{"damage":4,"enemies":"conspire:RoseBush","floor":7,"turns":2},{"damage":0,"enemies":"2 Fungi Beasts","floor":8,"turns":1},{"damage":10,"enemies":"Looter","floor":11,"turns":3},{"damage":3,"enemies":"Red Slaver","floor":12,"turns":3},{"damage":7,"enemies":"2 Fungi Beasts","floor":14,"turns":3},{"damage":30,"enemies":"The Guardian","floor":16,"turns":9},{"damage":7,"enemies":"Shell Parasite","floor":18,"turns":5},{"damage":11,"enemies":"3 Byrds","floor":20,"turns":4},{"damage":5,"enemies":"conspire:HollyBat","floor":21,"turns":8},{"damage":6,"enemies":"Centurion and Healer","floor":25,"turns":7},{"damage":28,"enemies":"Sentry and Sphere","floor":28,"turns":8},{"damage":6,"enemies":"3 Cultists","floor":29,"turns":2}],"seed_played":"6876742450825236651","potions_obtained":[{"floor":1,"key":"SteroidPotion"},{"floor":11,"key":"SpeedPotion"},{"floor":14,"key":"Block Potion"}],"is_trial":false,"path_per_floor":["M","?","M","$","?","R","M","M","T","?","M","M","T","M","R","B",null,"M","?","M","M","$","R","?","M","T","R","M","M"],"character_chosen":"DEFECT","items_purchased":["FIFO Queue","Rainbow"],"campfire_rested":1,"item_purchase_floors":[4,22],"current_hp_per_floor":[68,68,65,65,65,65,61,61,61,46,36,33,33,26,48,18,75,68,54,43,38,38,38,38,32,32,32,4,0],"gold":218,"neow_bonus":"BOSS_RELIC","is_prod":false,"is_daily":false,"chose_seed":false,"campfire_upgraded":2,"win_rate":0,"timestamp":1551977538,"path_taken":["M","?","M","?","?","R","M","M","T","?","M","M","?","?","R","BOSS","M","?","M","M","$","R","?","M","T","R","M","M"],"build_version":"2019-01-23","purchased_purges":0,"victory":false,"max_hp_per_floor":[75,75,75,75,75,75,75,75,75,75,75,75,75,75,75,75,75,75,80,80,80,80,80,80,80,80,80,80,80],"card_choices":[{"not_picked":["strawberrySpire:NeonFlight","Lockon"],"picked":"Capacitor","floor":1},{"not_picked":["Turbo","Leap"],"picked":"Redo","floor":3},{"not_picked":["ReplayTheSpireMod:Repulse","Turbo","Hologram"],"picked":"SKIP","floor":7},{"not_picked":["strawberrySpire:AngeryBot","Sweeping Beam","Hologram"],"picked":"SKIP","floor":8},{"not_picked":["Steam Power","White Noise","Stack"],"picked":"SKIP","floor":11},{"not_picked":["Redo","strawberrySpire:BlasterWyrm"],"picked":"Panic Button","floor":12},{"not_picked":["Barrage","Streamline","Sweeping Beam"],"picked":"SKIP","floor":14},{"not_picked":["hubris:SpecializedCircuitry","Creative AI"],"picked":"Mirror Shield","floor":16},{"not_picked":["Hello World+1","Stack"],"picked":"Barrage","floor":18},{"not_picked":["strawberrySpire:NeonFlight+1","Sunder+1"],"picked":"Cold Snap","floor":20},{"not_picked":["Coolheaded","Skim+1"],"picked":"Consume","floor":21},{"not_picked":["Ball Lightning","strawberrySpire:SearchEngine"],"picked":"Chill","floor":25},{"not_picked":["Time Bomb","Recycle","BasicCrystalCard"],"picked":"SKIP","floor":28}],"player_experience":724488,"relics_obtained":[{"floor":9,"key":"hubris:Metronome"},{"floor":13,"key":"conspire:Dentures"},{"floor":23,"key":"strawberrySpire:Dreamfruit"},{"floor":26,"key":"FossilizedHelix"}],"event_choices":[{"damage_healed":0,"gold_gain":0,"player_choice":"2 cards matched","damage_taken":0,"max_hp_gain":0,"max_hp_loss":0,"event_name":"Match and Keep!","floor":2,"gold_loss":0,"cards_obtained":["Electrodynamics","Zap"]},{"damage_healed":0,"gold_gain":0,"player_choice":"Entered Light","damage_taken":15,"max_hp_gain":0,"max_hp_loss":0,"event_name":"Shining Light","floor":10,"gold_loss":0,"cards_upgraded":["Strike_B","Defend_B"]},{"damage_healed":0,"gold_gain":0,"player_choice":"Shed Blood","damage_taken":19,"max_hp_gain":5,"max_hp_loss":0,"event_name":"Forgotten Altar","floor":19,"gold_loss":0},{"damage_healed":0,"gold_gain":0,"player_choice":"Ignored","damage_taken":0,"max_hp_gain":0,"max_hp_loss":0,"event_name":"Ghosts","floor":24,"gold_loss":0}],"is_beta":false,"boss_relics":[{"not_picked":["Runic Pyramid","Nuclear Battery"],"picked":"Sozu"}],"items_purged_floors":[],"is_endless":false,"potions_floor_spawned":[1,11,14,16,21,25,28],"killed_by":"3 Cultists","ascension_level":0}