{"gold_per_floor":[118,135,135,135,187,187,200,200,200,225,225,238,269,285,285,285],"floor_reached":16,"playtime":609,"items_purged":[],"score":204,"play_id":"11c82e78-d87f-40d7-b61c-da8c3165d227","local_time":"20190425075209","is_ascension_mode":true,"campfire_choices":[{"data":"Bash","floor":6,"key":"SMITH"},{"floor":8,"key":"REST"},{"data":"Anger","floor":11,"key":"SMITH"},{"floor":15,"key":"REST"}],"neow_cost":"NONE","seed_source_timestamp":2351368443794,"circlet_count":0,"master_deck":["AscendersBane","Strike_R","Strike_R","Strike_R","Strike_R","Strike_R","Defend_R","Defend_R+1","Defend_R","Bash+1","Inflame+1","Sword Boomerang","Heavy Blade","Anger+1","Carnage","Cleave","Battle Trance","Headbutt"],"relics":["Burning Blood","Golden Idol","Omamori","Thread and Needle"],"potions_floor_usage":[10,13,16],"damage_taken":[{"damage":12,"enemies":"Jaw Worm","floor":1,"turns":3},{"damage":7,"enemies":"2 Louse","floor":2,"turns":3},{"damage":12,"enemies":"Small Slimes","floor":7,"turns":3},{"damage":6,"enemies":"Red Slaver","floor":10,"turns":2},{"damage":14,"enemies":"Exordium Wildlife","floor":12,"turns":3},{"damage":37,"enemies":"3 Sentries","floor":13,"turns":6},{"damage":2,"enemies":"2 Fungi Beasts","floor":14,"turns":3},{"damage":41,"enemies":"Hexaghost","floor":16,"turns":5}],"seed_played":"-3341867320928106879","potions_obtained":[{"floor":1,"key":"Fire Potion"},{"floor":10,"key":"PowerPotion"},{"floor":14,"key":"Poison Potion"}],"is_trial":false,"path_per_floor":["M","M","?","?","?","R","M","R","T","M","R","M","E","M","R","B"],"character_chosen":"IRONCLAD","items_purchased":[],"campfire_rested":2,"item_purchase_floors":[],"current_hp_per_floor":[62,61,61,41,41,41,35,55,55,55,55,47,16,20,40,0],"gold":285,"neow_bonus":"TRANSFORM_CARD","is_prod":false,"is_daily":false,"chose_seed":false,"campfire_upgraded":2,"win_rate":0,"timestamp":1556171529,"path_taken":["M","M","?","?","?","R","M","R","T","M","R","M","E","M","R","BOSS"],"build_version":"2019-01-23","purchased_purges":0,"victory":false,"max_hp_per_floor":[75,75,68,68,68,68,68,68,68,68,68,68,68,68,68,68],"card_choices":[{"not_picked":["Body Slam","True Grit"],"picked":"Sword Boomerang","floor":1},{"not_picked":["Dropkick","Sword Boomerang"],"picked":"Heavy Blade","floor":2},{"not_picked":["Feel No Pain","Havoc"],"picked":"Anger","floor":7},{"not_picked":["Clash","Burning Pact"],"picked":"Carnage","floor":10},{"not_picked":["Battle Trance","Warcry"],"picked":"Cleave","floor":12},{"not_picked":["Combust","Brutality"],"picked":"Battle Trance","floor":13},{"not_picked":["Twin Strike","Havoc"],"picked":"Headbutt","floor":14}],"player_experience":607200,"relics_obtained":[{"floor":9,"key":"Omamori"},{"floor":13,"key":"Thread and Needle"}],"event_choices":[{"damage_healed":0,"gold_gain":0,"player_choice":"Lose Max HP","damage_taken":0,"relics_obtained":["Golden Idol"],"max_hp_gain":0,"max_hp_loss":7,"event_name":"Golden Idol","floor":3,"gold_loss":0},{"damage_healed":0,"gold_gain":0,"player_choice":"Entered Light","damage_taken":20,"max_hp_gain":0,"max_hp_loss":0,"event_name":"Shining Light","floor":4,"gold_loss":0,"cards_upgraded":["Inflame","Defend_R"]},{"damage_healed":0,"gold_gain":52,"player_choice":"Gained Gold","damage_taken":0,"max_hp_gain":0,"max_hp_loss":0,"event_name":"Golden Wing","floor":5,"gold_loss":0}],"is_beta":false,"boss_relics":[],"items_purged_floors":[],"is_endless":false,"potions_floor_spawned":[1,10,14],"killed_by":"Hexaghost","ascension_level":20}