{"path_per_floor":["M","?","M","M","M","R","E","R","T","M","?","M","R","M","R","B",null,"M","M","?","M","?","E","R","M","T","R","?","M","M","$","R","B",null,"M","$","M","M","?","R","?","R","T","M","M","$","M","$","R","B",null,"M","M","$","$","M","R","M","M","T","M","?","M","M","$","R","B",null,"M","M","M","M","?","R","?","E","E","?","M","M","M","M","R","B",null,"M","M","$","M","?","R","?","R","E","R","M","M","M","$","R","B",null,"M","M","?","M","M","R","M","?","E","E","R","?","$","M","R","B",null,"M","?","M","M"],"character_chosen":"IRONCLAD","items_purchased":["Pantograph","Girya","Whetstone","Art of War","Cauldron","Potion Belt","Anchor","Vajra","Entrench","Bottled Lightning","EntropicBrew","Shovel"],"gold_per_floor":[110,110,128,147,168,168,209,209,209,227,303,318,318,338,338,461,461,479,499,499,524,524,555,555,573,573,573,498,518,533,284,284,405,405,430,126,140,153,486,486,586,586,668,683,696,696,707,198,198,301,301,313,327,176,33,45,45,56,71,143,160,260,271,288,72,72,175,175,185,198,211,231,231,231,231,259,290,290,304,324,337,352,352,457,457,475,491,244,255,255,255,255,255,290,290,300,318,331,230,230,331,331,347,365,365,385,405,405,423,423,454,495,495,495,202,227,227,352,352,368,368,352,365,365],"floor_reached":124,"campfire_rested":0,"playtime":3981,"item_purchase_floors":[31,36,48,48,48,54,55,65,65,88,99,115],"current_hp_per_floor":[80,60,60,66,67,67,50,50,50,49,55,44,44,50,50,56,80,80,80,80,80,80,57,57,60,60,60,60,61,58,58,58,60,80,80,80,80,55,55,55,55,55,55,61,67,67,73,73,73,35,80,80,80,80,80,80,80,80,80,80,80,80,80,80,80,80,62,80,78,64,70,52,52,52,52,58,42,26,32,36,33,39,39,70,40,40,40,40,40,35,35,35,35,40,40,40,26,37,37,37,45,45,45,45,45,45,45,45,45,34,40,45,45,36,36,42,42,45,45,45,45,45,45,0],"items_purged":[],"gold":365,"score":2715,"play_id":"a379d541-99a4-4ca4-860a-43bded38334a","local_time":"20180625190411","is_prod":false,"is_daily":false,"chose_seed":false,"is_ascension_mode":false,"campfire_upgraded":17,"win_rate":0,"timestamp":1529967851,"campfire_choices":[{"data":"Disarm","floor":6,"key":"SMITH"},{"data":"Perfected Strike","floor":8,"key":"SMITH"},{"data":"Disarm","floor":13,"key":"SMITH"},{"data":"Pommel Strike","floor":15,"key":"SMITH"},{"data":"Shrug It Off","floor":24,"key":"SMITH"},{"data":"Metallicize","floor":27,"key":"SMITH"},{"data":"Perfected Strike","floor":32,"key":"SMITH"},{"data":"1","floor":40,"key":"LIFT"},{"data":"2","floor":42,"key":"LIFT"},{"data":"3","floor":49,"key":"LIFT"},{"data":"Limit Break","floor":57,"key":"SMITH"},{"data":"Body Slam","floor":66,"key":"SMITH"},{"data":"Entrench","floor":74,"key":"SMITH"},{"data":"Impervious","floor":83,"key":"SMITH"},{"data":"Impervious","floor":91,"key":"SMITH"},{"data":"Shockwave","floor":93,"key":"SMITH"},{"data":"Entrench","floor":95,"key":"SMITH"},{"data":"Bash","floor":100,"key":"SMITH"},{"data":"Ghostly Armor","floor":108,"key":"SMITH"},{"data":"Exhume","floor":113,"key":"SMITH"},{"floor":117,"key":"DIG"}],"path_taken":["M","?","M","M","M","R","E","R","T","M","?","M","R","M","R","BOSS","M","M","?","M","?","E","R","M","T","R","?","?","M","?","R","BOSS","M","$","M","M","?","R","?","R","T","M","M","$","M","$","R","BOSS","M","M","?","$","?","R","M","M","T","M","?","M","M","?","R","BOSS","M","M","M","M","?","R","?","E","E","?","?","M","M","M","R","BOSS","M","?","$","M","?","R","?","R","E","R","M","M","M","?","R","BOSS","M","M","?","M","M","R","M","?","E","?","R","?","$","M","R","BOSS","M","?","M","M","M"],"build_version":"2018-06-21","seed_source_timestamp":2238087558868530,"purchased_purges":0,"circlet_count":0,"victory":false,"master_deck":["Strike_R","Strike_R","Strike_R","Strike_R+1","Defend_R","Defend_R","Defend_R","Bash+1","Disarm+1","Perfected Strike+1","Disarm+1","Pommel Strike","Pommel Strike+1","Shockwave+1","Cleave+1","Barricade+1","Metallicize+1","Anger+1","Shrug It Off+1","Perfected Strike+1","Battle Trance","Impervious+1","Sentinel+1","Limit Break+1","Immolate","Body Slam+1","Ghostly Armor+1","Entrench+1","Impervious+1","Body Slam+1","Entrench+1","Headbutt","Necronomicurse","Headbutt+1","Entrench+1","Shrug It Off+1","Madness","Madness","Ghostly Armor+1","Metallicize","Metallicize+1","Corruption","Exhume+1","Pain","Parasite","Limit Break"],"max_hp_per_floor":[80,80,80,80,80,80,80,80,80,80,80,80,80,80,80,80,80,80,80,80,80,80,80,80,80,80,80,80,80,80,80,80,80,80,80,80,80,80,80,80,80,80,80,80,80,80,80,80,80,80,80,80,80,80,80,80,80,80,80,80,80,80,80,80,80,80,80,80,80,80,80,80,80,80,80,80,80,80,80,80,80,80,80,80,40,40,40,40,40,40,40,40,40,40,40,40,40,45,45,45,45,45,45,45,45,45,45,45,45,45,45,45,45,45,45,45,45,45,45,45,45,45,45,45],"relics":["Burning Blood","Orichalcum","Shuriken","Mummified Hand","Dodecahedron","Velvet Choker","Paper Frog","Happy Flower","Pantograph","Philosopher\u0027s Stone","Girya","Self Forming Clay","Whetstone","Art of War","Cauldron","Lizard Tail","Potion Belt","Anchor","Bottled Tornado","Vajra","Necronomicon","Bottled Lightning","Bloody Idol","Shovel","Centennial Puzzle"],"card_choices":[{"not_picked":["Cleave","Warcry"],"picked":"Disarm","floor":1},{"not_picked":["Hemokinesis","Wild Strike"],"picked":"Perfected Strike","floor":3},{"not_picked":["Thunderclap","Anger"],"picked":"Disarm","floor":4},{"not_picked":["Armaments","Flex"],"picked":"Pommel Strike","floor":5},{"not_picked":["Havoc","Headbutt"],"picked":"Pommel Strike","floor":7},{"not_picked":["Thunderclap","Dark Embrace"],"picked":"Shockwave","floor":10},{"not_picked":["Clash","Heavy Blade"],"picked":"Cleave","floor":11},{"not_picked":["Searing Blow","Iron Wave","Blood for Blood"],"picked":"SKIP","floor":12},{"not_picked":["Twin Strike","Armaments","True Grit"],"picked":"SKIP","floor":14},{"not_picked":["Dark Embrace","Immolate"],"picked":"Barricade","floor":16},{"not_picked":["Pommel Strike+1","Hemokinesis"],"picked":"Metallicize","floor":18},{"not_picked":["Headbutt","Shockwave","Bloodletting"],"picked":"SKIP","floor":19},{"not_picked":["Whirlwind","Headbutt","Heavy Blade"],"picked":"SKIP","floor":21},{"not_picked":["Havoc","Cleave"],"picked":"Shrug It Off","floor":23},{"not_picked":["Disarm","Corruption+1","Second Wind+1"],"picked":"SKIP","floor":25},{"not_picked":["Pommel Strike","Clothesline+1"],"picked":"Perfected Strike","floor":29},{"not_picked":["Rage","Spot Weakness+1"],"picked":"Battle Trance","floor":30},{"not_picked":["Juggernaut","Bludgeon"],"picked":"Impervious","floor":33},{"not_picked":["Spot Weakness","Bloodletting","Wild Strike+1"],"picked":"SKIP","floor":35},{"not_picked":["Perfected Strike","Cleave+1","Sentinel+1"],"picked":"SKIP","floor":37},{"not_picked":["Perfected Strike","Cleave+1"],"picked":"Sentinel+1","floor":37},{"not_picked":["Searing Blow","Clothesline","Flex"],"picked":"SKIP","floor":38},{"not_picked":["Clothesline+1","Fire Breathing","Wild Strike+1"],"picked":"SKIP","floor":44},{"not_picked":["Searing Blow+1","Shockwave","Second Wind+1"],"picked":"SKIP","floor":45},{"not_picked":["Cleave+1","Dual Wield+1"],"picked":"Limit Break","floor":47},{"not_picked":["Limit Break","Exhume"],"picked":"Immolate","floor":50},{"not_picked":["Headbutt","Armaments","Havoc"],"picked":"SKIP","floor":52},{"not_picked":["Perfected Strike","Corruption"],"picked":"Body Slam","floor":53},{"not_picked":["Armaments","Whirlwind","Rupture"],"picked":"SKIP","floor":56},{"not_picked":["Cleave","Perfected Strike"],"picked":"Ghostly Armor","floor":58},{"not_picked":["Shrug It Off","Berserk","Clash"],"picked":"SKIP","floor":59},{"not_picked":["Thunderclap","Sword Boomerang","Shrug It Off"],"picked":"SKIP","floor":61},{"not_picked":["Heavy Blade","Twin Strike","True Grit"],"picked":"SKIP","floor":63},{"not_picked":["Sentinel","Shrug It Off","Twin Strike"],"picked":"SKIP","floor":64},{"not_picked":["Demon Form","Barricade"],"picked":"Impervious","floor":67},{"not_picked":["Wild Strike+1","Iron Wave","Sword Boomerang"],"picked":"SKIP","floor":69},{"not_picked":["Infernal Blade","Blood for Blood"],"picked":"Body Slam+1","floor":70},{"not_picked":["Searing Blow","Reckless Charge+1","Metallicize"],"picked":"SKIP","floor":71},{"not_picked":["Sword Boomerang","Anger","Sentinel"],"picked":"SKIP","floor":72},{"not_picked":["True Grit","Perfected Strike"],"picked":"Entrench","floor":76},{"not_picked":["Juggernaut","Sword Boomerang"],"picked":"Headbutt","floor":77},{"not_picked":["Heavy Blade","Warcry","True Grit"],"picked":"SKIP","floor":79},{"not_picked":["True Grit","Perfected Strike","Iron Wave+1"],"picked":"SKIP","floor":80},{"not_picked":["Dark Embrace","Blood for Blood"],"picked":"Headbutt+1","floor":81},{"not_picked":["Flex+1","True Grit","Carnage+1"],"picked":"SKIP","floor":82},{"not_picked":["Sword Boomerang+1","Armaments+1","Perfected Strike"],"picked":"SKIP","floor":86},{"not_picked":["Second Wind+1","Disarm+1"],"picked":"Entrench+1","floor":87},{"not_picked":["Reckless Charge+1","Wild Strike+1"],"picked":"Shrug It Off+1","floor":89},{"not_picked":["Cleave+1","Armaments"],"picked":"Ghostly Armor+1","floor":94},{"not_picked":["Rupture","Searing Blow","Rage+1"],"picked":"SKIP","floor":96},{"not_picked":["Entrench","Whirlwind+1","Wild Strike+1"],"picked":"SKIP","floor":97},{"not_picked":["Heavy Blade+1","Warcry","Burning Pact"],"picked":"SKIP","floor":98},{"not_picked":["Reckless Charge","Iron Wave","Warcry"],"picked":"SKIP","floor":103},{"not_picked":["Cleave","Thunderclap"],"picked":"Metallicize","floor":104},{"not_picked":["Power Through","Anger"],"picked":"Metallicize","floor":106},{"not_picked":["Sword Boomerang","Anger","Twin Strike"],"picked":"SKIP","floor":107},{"not_picked":["Shrug It Off","Flame Barrier"],"picked":"Corruption","floor":109},{"not_picked":["Cleave","Thunderclap","Flex"],"picked":"SKIP","floor":111},{"not_picked":["True Grit","Blood for Blood"],"picked":"Exhume","floor":112},{"not_picked":["Entrench","Wild Strike","Power Through"],"picked":"SKIP","floor":116},{"not_picked":["Juggernaut","Berserk"],"picked":"Limit Break","floor":118},{"not_picked":["True Grit+1","Inflame","Iron Wave"],"picked":"SKIP","floor":120},{"not_picked":["Heavy Blade","Wild Strike","Flex+1"],"picked":"SKIP","floor":122},{"not_picked":["Perfected Strike+1","Pommel Strike","Reaper"],"picked":"SKIP","floor":123}],"player_experience":568509,"potions_floor_usage":[16,23,77,80,98,101,101,101,101,101,122],"damage_taken":[{"damage":0,"enemies":"2 Louse","floor":1,"turns":3},{"damage":6,"enemies":"Small Slimes","floor":3,"turns":5},{"damage":0,"enemies":"Cultist","floor":4,"turns":3},{"damage":5,"enemies":"Looter","floor":5,"turns":4},{"damage":23,"enemies":"Lagavulin","floor":7,"turns":9},{"damage":7,"enemies":"Large Slime","floor":10,"turns":5},{"damage":0,"enemies":"3 Sentries","floor":11,"turns":7},{"damage":17,"enemies":"Exordium Thugs","floor":12,"turns":3},{"damage":0,"enemies":"2 Fungi Beasts","floor":14,"turns":2},{"damage":0,"enemies":"Hexaghost","floor":16,"turns":11},{"damage":0,"enemies":"Shell Parasite","floor":18,"turns":5},{"damage":1,"enemies":"Spheric Guardian","floor":19,"turns":3},{"damage":0,"enemies":"Snecko","floor":21,"turns":5},{"damage":29,"enemies":"Slavers","floor":23,"turns":5},{"damage":3,"enemies":"Centurion and Healer","floor":25,"turns":5},{"damage":5,"enemies":"Cultist and Chosen","floor":29,"turns":6},{"damage":9,"enemies":"Snake Plant","floor":30,"turns":3},{"damage":26,"enemies":"Automaton","floor":33,"turns":8},{"damage":0,"enemies":"Flame Bruiser 1 Orb","floor":35,"turns":5},{"damage":3,"enemies":"Orb Walker","floor":37,"turns":3},{"damage":31,"enemies":"3 Darklings","floor":38,"turns":5},{"damage":0,"enemies":"Transient","floor":44,"turns":5},{"damage":0,"enemies":"Flame Bruiser 2 Orb","floor":45,"turns":4},{"damage":0,"enemies":"Maw","floor":47,"turns":6},{"damage":51,"enemies":"Time Eater","floor":50,"turns":10},{"damage":0,"enemies":"Small Slimes","floor":52,"turns":1},{"damage":0,"enemies":"2 Louse","floor":53,"turns":1},{"damage":0,"enemies":"Cultist","floor":56,"turns":2},{"damage":0,"enemies":"Exordium Wildlife","floor":58,"turns":2},{"damage":0,"enemies":"3 Louse","floor":59,"turns":2},{"damage":0,"enemies":"Large Slime","floor":61,"turns":4},{"damage":1,"enemies":"2 Fungi Beasts","floor":63,"turns":2},{"damage":0,"enemies":"Exordium Wildlife","floor":64,"turns":1},{"damage":24,"enemies":"Hexaghost","floor":67,"turns":5},{"damage":8,"enemies":"Shell Parasite","floor":69,"turns":5},{"damage":20,"enemies":"2 Thieves","floor":70,"turns":4},{"damage":0,"enemies":"Chosen and Byrds","floor":71,"turns":8},{"damage":24,"enemies":"Snake Plant","floor":72,"turns":3},{"damage":0,"enemies":"Gremlin Leader","floor":76,"turns":6},{"damage":22,"enemies":"Book of Stabbing","floor":77,"turns":3},{"damage":0,"enemies":"Sentry and Sphere","floor":79,"turns":4},{"damage":2,"enemies":"Chosen and Byrds","floor":80,"turns":4},{"damage":9,"enemies":"Centurion and Healer","floor":81,"turns":3},{"damage":0,"enemies":"Snecko","floor":82,"turns":4},{"damage":0,"enemies":"Automaton","floor":84,"turns":4},{"damage":0,"enemies":"3 Darklings","floor":86,"turns":4},{"damage":4,"enemies":"Orb Walker","floor":87,"turns":3},{"damage":0,"enemies":"3 Darklings","floor":89,"turns":4},{"damage":0,"enemies":"2 Orb Walkers","floor":94,"turns":3},{"damage":0,"enemies":"Spire Growth","floor":96,"turns":3},{"damage":42,"enemies":"Transient","floor":97,"turns":5},{"damage":0,"enemies":"Flame Bruiser 2 Orb","floor":98,"turns":3},{"damage":0,"enemies":"Time Eater","floor":101,"turns":7},{"damage":0,"enemies":"Cultist","floor":103,"turns":4},{"damage":0,"enemies":"Jaw Worm","floor":104,"turns":3},{"damage":0,"enemies":"Small Slimes","floor":106,"turns":2},{"damage":0,"enemies":"Gremlin Gang","floor":107,"turns":4},{"damage":0,"enemies":"3 Louse","floor":109,"turns":4},{"damage":0,"enemies":"Gremlin Nob","floor":111,"turns":2},{"damage":0,"enemies":"Lagavulin","floor":112,"turns":4},{"damage":0,"enemies":"Blue Slaver","floor":116,"turns":3},{"damage":0,"enemies":"Hexaghost","floor":118,"turns":11},{"damage":4,"enemies":"Spheric Guardian","floor":120,"turns":2},{"damage":0,"enemies":"2 Thieves","floor":122,"turns":4},{"damage":0,"enemies":"Cultist and Chosen","floor":123,"turns":7},{"damage":45,"enemies":"Slaver and Parasite","floor":124,"turns":2}],"relics_obtained":[{"floor":7,"key":"Shuriken"},{"floor":9,"key":"Mummified Hand"},{"floor":11,"key":"Dodecahedron"},{"floor":23,"key":"Paper Frog"},{"floor":26,"key":"Happy Flower"},{"floor":43,"key":"Self Forming Clay"},{"floor":60,"key":"Bottled Tornado"},{"floor":78,"key":"Necronomicon"},{"floor":117,"key":"Centennial Puzzle"}],"event_choices":[{"event_name":"Golden Idol","player_choice":"Take Damage","floor":2,"damage_taken":0},{"event_name":"Dead Adventurer","player_choice":"Searched \u00272\u0027 times","floor":11,"damage_taken":0},{"event_name":"Accursed Blacksmith","player_choice":"Forge","floor":20,"damage_taken":0},{"event_name":"The Library","player_choice":"Read","floor":22,"damage_taken":0},{"event_name":"Beggar","player_choice":"Gave Gold","floor":28,"damage_taken":0},{"event_name":"The Moai Head","player_choice":"Gave Idol","floor":39,"damage_taken":0},{"event_name":"Golden Shrine","player_choice":"Pray","floor":41,"damage_taken":0},{"event_name":"Golden Shrine","player_choice":"Pray","floor":62,"damage_taken":0},{"event_name":"Vampires","player_choice":"Ignored","floor":73,"damage_taken":0},{"event_name":"The Woman in Blue","player_choice":"Bought 0 Potions","floor":75,"damage_taken":0},{"event_name":"Cursed Tome","player_choice":"Obtained Book","floor":78,"damage_taken":0},{"event_name":"Winding Halls","player_choice":"Embrace Madness","floor":90,"damage_taken":0},{"event_name":"Falling","player_choice":"Removed Attack","floor":92,"damage_taken":0},{"event_name":"Liars Game","player_choice":"disagreed","floor":105,"damage_taken":0},{"event_name":"Golden Idol","player_choice":"Take Damage","floor":110,"damage_taken":0},{"event_name":"Shining Light","player_choice":"Entered Light","floor":114,"damage_taken":0},{"event_name":"Forgotten Altar","player_choice":"Gave Idol","floor":121,"damage_taken":0}],"boss_relics":[{"not_picked":["Eternal Feather","Empty Cage"],"picked":"Velvet Choker"},{"not_picked":["Black Blood","Calling Bell"],"picked":"Philosopher\u0027s Stone"},{"not_picked":["Coffee Dripper","Runic Pyramid"],"picked":"Lizard Tail"},{"not_picked":["BlightedDurian"],"picked":"GraspOfShadows"},{"not_picked":["MetallicRebirth"],"picked":"BlightedDurian"},{"not_picked":["GraspOfShadows"],"picked":"Accursed"},{"not_picked":["MetallicRebirth"],"picked":"Scatterbrain"}],"items_purged_floors":[],"is_endless":true,"potions_floor_spawned":[3,11,12,14,19,30,37,38,44,52,56,59,63,69,72,80,81,86,96,97,101,103,107,111,112,120],"seed_played":"7527852731048110061","killed_by":"Slaver and Parasite","ascension_level":0,"potions_obtained":[{"floor":3,"key":"SpeedPotion"},{"floor":11,"key":"Dexterity Potion"},{"floor":12,"key":"PowerPotion"},{"floor":14,"key":"Block Potion"},{"floor":19,"key":"FearPotion"},{"floor":30,"key":"Weak Potion"},{"floor":48,"key":"AttackPotion"},{"floor":48,"key":"SpeedPotion"},{"floor":56,"key":"PowerPotion"},{"floor":59,"key":"SpeedPotion"},{"floor":69,"key":"LiquidBronze"},{"floor":72,"key":"LiquidBronze"},{"floor":80,"key":"FearPotion"},{"floor":81,"key":"Swift Potion"},{"floor":96,"key":"Block Potion"},{"floor":97,"key":"Fruit Juice"}],"is_trial":false}