{"gold_per_floor":[116,136,136,146,165,194,205,266,314,330,330,330,6,16,16,112,112,125,50,320,331,356,356,391,404,404,404,12,12,23,23,23,118,118,131,231,231,241,253,253,266,266,316,316,354,385,385,385],"floor_reached":48,"playtime":4207,"items_purged":[],"score":609,"play_id":"c2613e3c-cbc6-4cd9-ac8f-0e8fc49dc12d","local_time":"20190912013140","is_ascension_mode":false,"campfire_choices":[{"floor":12,"key":"REST"},{"floor":15,"key":"REST"},{"floor":23,"key":"REST"},{"floor":27,"key":"REST"},{"floor":29,"key":"REST"},{"floor":32,"key":"REST"},{"floor":40,"key":"REST"},{"floor":42,"key":"REST"}],"neow_cost":"NONE","seed_source_timestamp":75398600903900,"circlet_count":0,"master_deck":["Strike_R","Strike_R+1","Strike_R+1","Defend_R","Defend_R","Defend_R","Defend_R","Bash","Anger","Rampage+1","Headbutt","Warcry","Feed+1","Perfected Strike","Dropkick","Fire Breathing","Apotheosis","Iron Wave","Demon Form","Reckless Charge","Heavy Blade","Offering","Shrug It Off","Dual Wield","Shockwave","Rampage","Perfected Strike","Demon Form","Spot Weakness+1","Twin Strike+1","Magnetism","Madness","Mayhem","Rage+1","Twin Strike","Anger+1","Double Tap","Body Slam+1"],"relics":["Black Blood","Whetstone","Self Forming Clay","Paper Frog","Bag of Marbles","Anchor","Runic Cube","Red Mask","Red Skull","Dodecahedron","Sundial","Peace Pipe","Lantern","Omamori"],"potions_floor_usage":[22,22,25,38,45,47],"damage_taken":[{"damage":5,"enemies":"Small Slimes","floor":1,"turns":3},{"damage":1,"enemies":"Cultist","floor":2,"turns":3},{"damage":0,"enemies":"2 Louse","floor":4,"turns":3},{"damage":10,"enemies":"Looter","floor":5,"turns":2},{"damage":37,"enemies":"Gremlin Nob","floor":6,"turns":5},{"damage":8,"enemies":"Red Slaver","floor":7,"turns":3},{"damage":25,"enemies":"Gremlin Nob","floor":8,"turns":4},{"damage":3,"enemies":"Exordium Wildlife","floor":10,"turns":4},{"damage":0,"enemies":"Blue Slaver","floor":14,"turns":2},{"damage":48,"enemies":"Hexaghost","floor":16,"turns":10},{"damage":27,"enemies":"Spheric Guardian","floor":18,"turns":5},{"damage":13,"enemies":"Chosen","floor":21,"turns":5},{"damage":46,"enemies":"Masked Bandits","floor":22,"turns":5},{"damage":46,"enemies":"Book of Stabbing","floor":24,"turns":6},{"damage":16,"enemies":"Snake Plant","floor":25,"turns":4},{"damage":24,"enemies":"3 Cultists","floor":30,"turns":6},{"damage":73,"enemies":"Champ","floor":33,"turns":9},{"damage":35,"enemies":"Orb Walker","floor":35,"turns":4},{"damage":33,"enemies":"Mind Bloom Boss Battle","floor":36,"turns":10},{"damage":32,"enemies":"3 Darklings","floor":38,"turns":6},{"damage":20,"enemies":"Transient","floor":39,"turns":5},{"damage":22,"enemies":"Maw","floor":41,"turns":6},{"damage":15,"enemies":"Jaw Worm Horde","floor":45,"turns":5},{"damage":57,"enemies":"Giant Head","floor":46,"turns":6},{"damage":17,"enemies":"Writhing Mass","floor":47,"turns":5},{"damage":21,"enemies":"Spire Growth","floor":48,"turns":2}],"seed_played":"505932237676430339","potions_obtained":[{"floor":1,"key":"BloodPotion"},{"floor":6,"key":"Energy Potion"},{"floor":7,"key":"Poison Potion"},{"floor":14,"key":"BloodPotion"},{"floor":18,"key":"SteroidPotion"},{"floor":22,"key":"Swift Potion"},{"floor":33,"key":"Energy Potion"},{"floor":36,"key":"SmokeBomb"},{"floor":39,"key":"Fire Potion"}],"is_trial":false,"path_per_floor":["M","M","?","M","M","E","M","?","T","M","?","R","$","M","R","B",null,"M","?","?","M","?","R","E","M","T","R","$","R","M","$","R","B",null,"M","?","?","M","M","R","M","R","T","?","M","E","M","M"],"character_chosen":"IRONCLAD","items_purchased":["Apotheosis","Anchor","Shockwave","Sundial","Rampage"],"campfire_rested":8,"item_purchase_floors":[13,13,28,28,28],"current_hp_per_floor":[80,80,80,80,76,45,43,24,24,27,27,51,51,57,80,42,84,67,67,35,32,42,70,34,24,24,54,54,84,66,66,96,33,104,79,56,46,24,14,45,33,64,64,64,63,20,13,0],"gold":385,"neow_bonus":"RANDOM_COMMON_RELIC","is_prod":false,"is_daily":false,"chose_seed":false,"campfire_upgraded":0,"win_rate":0.0,"timestamp":1568244700,"path_taken":["M","M","?","M","M","E","M","?","T","M","?","R","$","?","R","BOSS","M","?","?","?","?","R","E","M","T","R","$","R","M","?","R","BOSS","M","?","?","M","M","R","M","R","T","?","M","E","?","M"],"build_version":"2019-07-17","purchased_purges":0,"victory":false,"max_hp_per_floor":[80,80,80,80,80,80,80,80,80,80,80,80,80,80,80,84,84,88,88,88,92,96,96,100,100,100,100,100,100,100,100,100,104,104,104,104,104,104,104,104,104,104,104,104,108,112,112,112],"card_choices":[{"not_picked":["Rage","Heavy Blade"],"picked":"Anger","floor":1},{"not_picked":["Armaments","Twin Strike"],"picked":"Rampage","floor":2},{"not_picked":["Burning Pact","Pommel Strike"],"picked":"Headbutt","floor":4},{"not_picked":["Shrug It Off","Rage"],"picked":"Warcry","floor":5},{"not_picked":["Dual Wield","Fiend Fire"],"picked":"Feed","floor":6},{"not_picked":["Body Slam","Warcry"],"picked":"Perfected Strike","floor":7},{"not_picked":["Seeing Red","Body Slam"],"picked":"Dropkick","floor":8},{"not_picked":["Headbutt","Dual Wield"],"picked":"Fire Breathing","floor":10},{"not_picked":["Cleave","Pommel Strike"],"picked":"Iron Wave","floor":14},{"not_picked":["Juggernaut","Double Tap"],"picked":"Demon Form","floor":16},{"not_picked":["Anger","Armaments"],"picked":"Reckless Charge","floor":18},{"not_picked":["Twin Strike","Shrug It Off"],"picked":"Heavy Blade","floor":21},{"not_picked":["Anger","Heavy Blade+1"],"picked":"Offering","floor":22},{"not_picked":["Hemokinesis","Bloodletting"],"picked":"Shrug It Off","floor":24},{"not_picked":["Ghostly Armor+1","Hemokinesis"],"picked":"Dual Wield","floor":25},{"not_picked":["Clash","Flex+1"],"picked":"Perfected Strike","floor":30},{"not_picked":["Barricade","Brutality"],"picked":"Demon Form","floor":33},{"not_picked":["Inflame+1","Dual Wield+1"],"picked":"Spot Weakness+1","floor":35},{"not_picked":["Bloodletting+1","Iron Wave"],"picked":"Twin Strike+1","floor":36},{"not_picked":["Forethought","PanicButton"],"picked":"Magnetism","floor":37},{"not_picked":["Trip","The Bomb"],"picked":"Madness","floor":37},{"not_picked":["Flash of Steel","Finesse"],"picked":"Mayhem","floor":37},{"not_picked":["Shrug It Off+1","Cleave"],"picked":"Rage+1","floor":38},{"not_picked":["True Grit","Clothesline"],"picked":"Twin Strike","floor":39},{"not_picked":["Power Through+1","Perfected Strike+1"],"picked":"Anger+1","floor":41},{"not_picked":["Clothesline+1","Heavy Blade+1"],"picked":"Double Tap","floor":45},{"not_picked":["Fire Breathing","Searing Blow"],"picked":"Body Slam+1","floor":46}],"player_experience":22929,"relics_obtained":[{"floor":6,"key":"Self Forming Clay"},{"floor":8,"key":"Paper Frog"},{"floor":9,"key":"Bag of Marbles"},{"floor":22,"key":"Red Mask"},{"floor":24,"key":"Red Skull"},{"floor":26,"key":"Dodecahedron"},{"floor":36,"key":"Peace Pipe"},{"floor":43,"key":"Lantern"},{"floor":46,"key":"Omamori"}],"event_choices":[{"damage_healed":0,"gold_gain":0,"player_choice":"Grow","damage_taken":0,"max_hp_gain":0,"max_hp_loss":0,"event_name":"Living Wall","floor":3,"gold_loss":0,"cards_upgraded":["Rampage"]},{"damage_healed":0,"gold_gain":0,"player_choice":"Searched \u00272\u0027 times","damage_taken":0,"max_hp_gain":0,"max_hp_loss":0,"event_name":"Dead Adventurer","floor":8,"gold_loss":0},{"damage_healed":0,"gold_gain":0,"player_choice":"Upgraded","damage_taken":0,"max_hp_gain":0,"max_hp_loss":0,"event_name":"Upgrade Shrine","floor":11,"gold_loss":0,"cards_upgraded":["Feed"]},{"cards_removed":["Strike_R"],"damage_healed":0,"gold_gain":0,"player_choice":"Gave Gold","damage_taken":0,"max_hp_gain":0,"max_hp_loss":0,"event_name":"Beggar","floor":19,"gold_loss":75},{"damage_healed":0,"gold_gain":270,"player_choice":"GOLD GOLD GOLD ","damage_taken":32,"max_hp_gain":0,"max_hp_loss":0,"event_name":"Knowing Skull","floor":20,"potions_obtained":[],"gold_loss":0,"cards_obtained":[]},{"damage_healed":0,"gold_gain":0,"player_choice":"Fought Bandits","damage_taken":0,"max_hp_gain":0,"max_hp_loss":0,"event_name":"Masked Bandits","floor":22,"gold_loss":0},{"damage_healed":0,"gold_gain":0,"player_choice":"Fight","damage_taken":0,"max_hp_gain":0,"max_hp_loss":0,"event_name":"MindBloom","floor":36,"gold_loss":0},{"damage_healed":0,"gold_gain":0,"player_choice":"Memory 3","damage_taken":10,"max_hp_gain":0,"max_hp_loss":0,"event_name":"SensoryStone","floor":37,"gold_loss":0},{"cards_removed":["Strike_R"],"damage_healed":0,"gold_gain":0,"player_choice":"Purged","damage_taken":0,"max_hp_gain":0,"max_hp_loss":0,"event_name":"Purifier","floor":44,"gold_loss":0}],"is_beta":false,"boss_relics":[{"not_picked":["White Beast Statue","Coffee Dripper"],"picked":"Runic Cube"},{"not_picked":["Runic Pyramid","Sozu"],"picked":"Black Blood"}],"items_purged_floors":[],"is_endless":false,"potions_floor_spawned":[1,6,7,8,14,18,22,33,36,39,47],"killed_by":"Spire Growth","ascension_level":0}