{"gold_per_floor":[115,126,145,158,158,158,158,185,185,185,185,200,200,225,225,225],"floor_reached":16,"playtime":573,"items_purged":[],"score":110,"play_id":"abeb041e-13df-4cbe-8065-4f71368d1d50","local_time":"20180708130133","is_ascension_mode":false,"campfire_choices":[{"data":"Machine Learning","floor":6,"key":"SMITH"},{"data":"1","floor":13,"key":"LIFT"},{"data":"2","floor":15,"key":"LIFT"}],"neow_cost":"NONE","seed_source_timestamp":3740940084403,"circlet_count":0,"master_deck":["Strike_B","Strike_B","Strike_B","Strike_B","Defend_B","Defend_B","Defend_B","Defend_B+1","Zap","Dualcast","Stack","Gash+1","Machine Learning+1","Rebound","Stack","Loop"],"relics":["Cracked Core","Kunai","Sundial","Girya","Question Card"],"potions_floor_usage":[14,16],"damage_taken":[{"damage":5,"enemies":"Small Slimes","floor":1,"turns":3},{"damage":1,"enemies":"Cultist","floor":2,"turns":3},{"damage":0,"enemies":"2 Louse","floor":3,"turns":2},{"damage":18,"enemies":"Large Slime","floor":4,"turns":7},{"damage":5,"enemies":"3 Sentries","floor":8,"turns":9},{"damage":4,"enemies":"2 Fungi Beasts","floor":12,"turns":3},{"damage":1,"enemies":"Lagavulin","floor":14,"turns":7},{"damage":23,"enemies":"Hexaghost","floor":16,"turns":11}],"seed_played":"-247623549836701504","potions_obtained":[{"floor":2,"key":"Regen Potion"},{"floor":5,"key":"Weak Potion"},{"floor":5,"key":"Weak Potion"},{"floor":5,"key":"Poison Potion"}],"is_trial":false,"path_per_floor":["M","M","M","M","?","R","?","E","T","?","?","M","R","E","R"],"character_chosen":"DEFECT","items_purchased":[],"campfire_rested":0,"item_purchase_floors":[],"current_hp_per_floor":[77,76,76,58,58,58,58,53,53,37,12,8,8,22,22,0],"gold":225,"neow_bonus":"TEN_PERCENT_HP_BONUS","is_prod":false,"is_daily":false,"chose_seed":false,"campfire_upgraded":1,"win_rate":0,"timestamp":1531069293,"path_taken":["M","M","M","M","?","R","?","E","T","?","?","M","R","E","R","BOSS"],"build_version":"2018-07-05","purchased_purges":0,"victory":false,"max_hp_per_floor":[82,82,82,82,82,82,82,82,82,82,82,82,82,82,82,82],"card_choices":[{"not_picked":["Leap","Beam Cell"],"picked":"Stack","floor":1},{"not_picked":["Streamline","Auto Shields","Stack"],"picked":"SKIP","floor":2},{"not_picked":["Leap","Coolheaded"],"picked":"Gash","floor":3},{"not_picked":["Darkness","Go for the Eyes"],"picked":"Machine Learning","floor":4},{"not_picked":["Steam","Blizzard"],"picked":"Rebound","floor":8},{"not_picked":["Steam","Leap"],"picked":"Stack","floor":12},{"not_picked":["Leap","Stack"],"picked":"Loop","floor":14}],"player_experience":728926,"relics_obtained":[{"floor":8,"key":"Kunai"},{"floor":9,"key":"Sundial"},{"floor":14,"key":"Question Card"}],"event_choices":[{"event_name":"The Lab","player_choice":"Got Potions","floor":5,"damage_taken":0},{"event_name":"Golden Wing","player_choice":"Ignored","floor":7,"damage_taken":0},{"event_name":"Shining Light","player_choice":"Entered Light","floor":10,"damage_taken":0},{"event_name":"Scrap Ooze","player_choice":"success","floor":11,"damage_taken":25}],"boss_relics":[],"items_purged_floors":[],"is_endless":false,"potions_floor_spawned":[2,8],"killed_by":"Hexaghost","ascension_level":0}