{"gold_per_floor":[112,11,11,24,24,84,84,94,121,95,107,139,139,158,158,158],"floor_reached":16,"playtime":2224,"items_purged":["Strike_B"],"score":151,"play_id":"35674079-e574-4f83-b0f7-d4619f49ea04","local_time":"20190730235441","is_ascension_mode":true,"campfire_choices":[{"floor":15,"key":"REST"}],"neow_cost":"NONE","seed_source_timestamp":516034121087808,"circlet_count":0,"master_deck":["Strike_B","Strike_B","Strike_B","Defend_B","Defend_B","Defend_B","Defend_B","Zap","Dualcast","Glacier","Redo","Decay","Self Repair","Storm","Regret","Conserve Battery","Redo","Ball Lightning","Redo","Coolheaded"],"relics":["Cracked Core","NeowsBlessing","Tiny Chest","Unceasing Top","Pen Nib","Ornamental Fan"],"potions_floor_usage":[8,12,16],"damage_taken":[{"damage":0,"enemies":"Small Slimes","floor":1,"turns":1},{"damage":0,"enemies":"Cultist","floor":4,"turns":1},{"damage":0,"enemies":"3 Sentries","floor":6,"turns":1},{"damage":5,"enemies":"2 Louse","floor":8,"turns":4},{"damage":20,"enemies":"Exordium Wildlife","floor":11,"turns":5},{"damage":32,"enemies":"Gremlin Nob","floor":12,"turns":4},{"damage":18,"enemies":"Blue Slaver","floor":13,"turns":3},{"damage":16,"enemies":"3 Louse","floor":14,"turns":2},{"damage":38,"enemies":"The Guardian","floor":16,"turns":11}],"seed_played":"248861528573201023","potions_obtained":[{"floor":6,"key":"Swift Potion"},{"floor":8,"key":"PowerPotion"},{"floor":12,"key":"FearPotion"},{"floor":14,"key":"SpeedPotion"}],"is_trial":false,"path_per_floor":["M","$","?","M","$","E","?","M","T","$","M","E","M","M","R","B"],"character_chosen":"DEFECT","items_purchased":["Redo","Redo"],"campfire_rested":1,"item_purchase_floors":[2,10],"current_hp_per_floor":[75,75,75,75,75,75,75,75,75,75,62,37,26,10,32,0],"gold":158,"neow_bonus":"THREE_ENEMY_KILL","is_prod":false,"is_daily":false,"chose_seed":false,"campfire_upgraded":0,"win_rate":0,"timestamp":1564545281,"path_taken":["M","$","?","M","?","E","?","M","T","$","M","E","?","M","R","BOSS"],"build_version":"2019-07-17","purchased_purges":1,"victory":false,"max_hp_per_floor":[75,75,75,75,75,75,75,75,75,75,75,75,75,75,75,75],"card_choices":[{"not_picked":["Rebound","Cold Snap"],"picked":"Glacier","floor":1},{"not_picked":["Go for the Eyes","Turbo"],"picked":"Self Repair","floor":4},{"not_picked":["All For One","Sweeping Beam"],"picked":"Storm","floor":6},{"not_picked":["Hologram","Coolheaded"],"picked":"Conserve Battery","floor":8},{"not_picked":["Compile Driver","Rebound","Force Field"],"picked":"SKIP","floor":11},{"not_picked":["Cold Snap","Stack"],"picked":"Ball Lightning","floor":12},{"not_picked":["Cold Snap","Streamline"],"picked":"Redo","floor":13},{"not_picked":["Scrape","Steam"],"picked":"Coolheaded","floor":14}],"player_experience":324522,"relics_obtained":[{"floor":6,"key":"Tiny Chest"},{"floor":9,"key":"Pen Nib"},{"floor":12,"key":"Ornamental Fan"}],"event_choices":[{"damage_healed":0,"gold_gain":0,"player_choice":"Cursed","damage_taken":0,"max_hp_gain":0,"max_hp_loss":0,"event_name":"Wheel of Change","floor":3,"gold_loss":0,"cards_obtained":["Decay"]},{"damage_healed":0,"gold_gain":0,"player_choice":"Box","damage_taken":0,"relics_obtained":["Unceasing Top"],"max_hp_gain":0,"max_hp_loss":0,"event_name":"Big Fish","floor":7,"gold_loss":0,"cards_obtained":["Regret"]}],"is_beta":false,"boss_relics":[],"items_purged_floors":[2],"is_endless":false,"potions_floor_spawned":[6,8,12,14],"killed_by":"The Guardian","ascension_level":2}