{"gold_per_floor":[114,114,289,307,232,266,266,297,375,375,375,433,433,452,452,452],"floor_reached":16,"playtime":343,"items_purged":["Doubt"],"score":183,"play_id":"a31cd7be-ce0f-4d90-bd26-2465a9ad0cef","local_time":"20180918161236","is_ascension_mode":true,"campfire_choices":[{"data":"Twin Strike","floor":11,"key":"SMITH"},{"floor":13,"key":"REST"},{"data":"Clash","floor":15,"key":"SMITH"}],"neow_cost":"NONE","seed_source_timestamp":492724193248149,"circlet_count":0,"master_deck":["Strike_R","Strike_R","Strike_R","Defend_R","Defend_R","Defend_R","Bash","Headbutt","Twin Strike+1","Clash+1"],"relics":["Burning Blood","NeowsBlessing","Juzu Bracelet","Bag of Preparation","Pear","Singing Bowl"],"potions_floor_usage":[8,16,16],"damage_taken":[{"damage":0,"enemies":"2 Louse","floor":1,"turns":1},{"damage":0,"enemies":"Cultist","floor":4,"turns":1},{"damage":0,"enemies":"3 Sentries","floor":6,"turns":1},{"damage":47,"enemies":"Lagavulin","floor":8,"turns":7},{"damage":40,"enemies":"3 Sentries","floor":12,"turns":7},{"damage":0,"enemies":"Small Slimes","floor":14,"turns":2},{"damage":45,"enemies":"The Guardian","floor":16,"turns":8}],"seed_played":"4745142772305541811","potions_obtained":[{"floor":4,"key":"LiquidBronze"},{"floor":12,"key":"Weak Potion"},{"floor":14,"key":"SkillPotion"}],"is_trial":false,"path_per_floor":["M","?","?","M","$","E","?","E","T","?","R","?","R","M","R"],"character_chosen":"IRONCLAD","items_purchased":[],"campfire_rested":1,"item_purchase_floors":[],"current_hp_per_floor":[78,78,78,80,80,80,80,39,49,42,42,10,37,43,43,0],"gold":452,"neow_bonus":"THREE_ENEMY_KILL","is_prod":false,"is_daily":false,"chose_seed":false,"campfire_upgraded":2,"win_rate":0,"timestamp":1537301556,"path_taken":["M","?","?","M","$","E","?","E","T","?","R","?","R","M","R","BOSS"],"build_version":"2018-09-18","purchased_purges":1,"victory":false,"max_hp_per_floor":[80,80,80,80,80,80,80,80,90,90,90,92,92,92,92,92],"card_choices":[{"not_picked":["Flex","Body Slam"],"picked":"Headbutt","floor":1},{"not_picked":["Warcry","Headbutt"],"picked":"Twin Strike","floor":4},{"not_picked":["Headbutt","Battle Trance","Impervious"],"picked":"SKIP","floor":6},{"not_picked":["Fiend Fire","Headbutt","Rupture"],"picked":"SKIP","floor":8},{"not_picked":["Battle Trance","Iron Wave","Metallicize"],"picked":"Singing Bowl","floor":12},{"not_picked":["Thunderclap","Iron Wave"],"picked":"Clash","floor":14}],"player_experience":898275,"relics_obtained":[{"floor":6,"key":"Juzu Bracelet"},{"floor":8,"key":"Bag of Preparation"},{"floor":9,"key":"Pear"},{"floor":12,"key":"Singing Bowl"}],"event_choices":[{"event_name":"Purifier","player_choice":"One Purge","floor":2,"damage_taken":0},{"event_name":"Liars Game","player_choice":"agreed","floor":3,"damage_taken":0},{"event_name":"Bonfire Elementals","player_choice":"BASIC","floor":7,"damage_taken":0},{"event_name":"Golden Wing","player_choice":"Card Removal","floor":10,"damage_taken":0},{"event_name":"Dead Adventurer","player_choice":"Searched \u00272\u0027 times","floor":12,"damage_taken":0}],"is_beta":true,"boss_relics":[],"items_purged_floors":[5],"is_endless":false,"potions_floor_spawned":[4,12,14],"killed_by":"The Guardian","ascension_level":8}