{"gold_per_floor":[117,117,117,87,98,129,146,146,146,162,172,198,198,209,209,313,313,328,125,143,159,159,159,185,204,204,204,215,215,227,227,227,227],"floor_reached":33,"playtime":6828,"items_purged":[],"score":329,"play_id":"b0d9f0dd-334f-4f0e-9a73-92742c3f93a1","local_time":"20190915173203","is_ascension_mode":false,"campfire_choices":[{"floor":8,"key":"REST"},{"data":"Dodge and Roll","floor":13,"key":"SMITH"},{"floor":15,"key":"REST"},{"floor":23,"key":"REST"},{"floor":27,"key":"REST"},{"floor":29,"key":"REST"},{"floor":32,"key":"REST"}],"neow_cost":"NONE","seed_source_timestamp":2501900769397200,"circlet_count":0,"master_deck":["Strike_G","Strike_G","Strike_G","Strike_G","Strike_G","Defend_G","Defend_G","Defend_G","Defend_G","Defend_G","Survivor","Neutralize","Calculated Gamble","Blade Dance","Flying Knee","Dodge and Roll+1","Flying Knee+1","Well Laid Plans","Flying Knee+1","Footwork","Corpse Explosion","Backflip","Flying Knee+1","Heel Hook+1","PiercingWail","Dodge and Roll+1","Distraction","Endless Agony+1","Blade Dance","Backflip","Decay","Deflect"],"special_seed":0,"relics":["Ring of the Snake","Bird Faced Urn","Molten Egg 2","Dream Catcher","Fusion Hammer","Toolbox","Oddly Smooth Stone","Gambling Chip"],"potions_floor_usage":[6,10,10,10,10,10,12,16,16,20,21,22,24,33,33],"damage_taken":[{"damage":6.0,"enemies":"2 Louse","floor":1.0,"turns":6.0},{"damage":0,"enemies":"Jaw Worm","floor":5,"turns":5},{"damage":51,"enemies":"Lagavulin","floor":6,"turns":13},{"damage":0,"enemies":"Cultist","floor":7,"turns":4},{"damage":0,"enemies":"Gremlin Gang","floor":10,"turns":3},{"damage":0,"enemies":"Exordium Wildlife","floor":11,"turns":2},{"damage":10,"enemies":"3 Sentries","floor":12,"turns":11},{"damage":8,"enemies":"Lots of Slimes","floor":14,"turns":4},{"damage":3,"enemies":"The Guardian","floor":16,"turns":13},{"damage":8,"enemies":"2 Thieves","floor":18,"turns":3},{"damage":0,"enemies":"Chosen","floor":20,"turns":6},{"damage":27,"enemies":"Shelled Parasite and Fungi","floor":21,"turns":6},{"damage":26,"enemies":"Slavers","floor":24,"turns":4},{"damage":6,"enemies":"Snake Plant","floor":25,"turns":6},{"damage":6,"enemies":"Centurion and Healer","floor":28,"turns":6},{"damage":32,"enemies":"Cultist and Chosen","floor":30,"turns":5},{"damage":109,"enemies":"Champ","floor":33,"turns":14}],"seed_played":"-7701173077843575486","potions_obtained":[{"floor":1.0,"key":"LiquidBronze"},{"floor":4.0,"key":"LiquidBronze"},{"floor":4.0,"key":"FairyPotion"},{"floor":5,"key":"EntropicBrew"},{"floor":10,"key":"SpeedPotion"},{"floor":12,"key":"FearPotion"},{"floor":14,"key":"SteroidPotion"},{"floor":18,"key":"AttackPotion"},{"floor":20,"key":"Block Potion"},{"floor":22,"key":"FairyPotion"},{"floor":22,"key":"Fruit Juice"},{"floor":22,"key":"GamblersBrew"},{"floor":28,"key":"Strength Potion"},{"floor":30,"key":"Dexterity Potion"}],"is_trial":false,"path_per_floor":["M","$","?","?","M","E","M","R","T","M","M","E","R","M","R","B",null,"M","$","M","M","?","R","E","M","T","R","M","R","M","?","R","B"],"character_chosen":"THE_SILENT","items_purchased":["Toolbox"],"campfire_rested":6,"item_purchase_floors":[19],"current_hp_per_floor":[71,71,71,71,71,20,20,43,43,47,47,39,39,33,56,57,77,69,69,73,51,56,80,56,56,56,80,78,82,50,50,74,0],"gold":227,"neow_bonus":"TEN_PERCENT_HP_BONUS","is_prod":false,"is_daily":false,"chose_seed":false,"campfire_upgraded":1,"win_rate":0,"timestamp":1568583123,"path_taken":["M","$","?","?","?","E","M","R","T","?","M","E","R","M","R","BOSS","M","$","?","M","?","R","E","M","T","R","M","R","?","?","R","BOSS"],"build_version":"2019-07-17","purchased_purges":0,"victory":false,"max_hp_per_floor":[77,77,77,77,77,77,77,77,77,77,77,77,77,77,77,77,77,77,77,77,77,82,82,82,82,82,82,82,82,82,82,82,82],"card_choices":[{"not_picked":["Bane","All Out Attack"],"picked":"Calculated Gamble","floor":1.0},{"not_picked":["Blur","Underhanded Strike"],"picked":"Blade Dance","floor":5},{"not_picked":["Night Terror","Crippling Poison"],"picked":"Flying Knee","floor":6},{"not_picked":["Deadly Poison","Flechettes"],"picked":"Dodge and Roll","floor":7},{"not_picked":["Eviscerate+1","Crippling Poison"],"picked":"Flying Knee+1","floor":10},{"not_picked":["Quick Slash+1","Expertise"],"picked":"Well Laid Plans","floor":11},{"not_picked":["Catalyst","Backflip"],"picked":"Flying Knee+1","floor":12},{"not_picked":["Poisoned Stab+1","Slice+1","Flechettes+1"],"picked":"SKIP","floor":14},{"not_picked":["Flying Knee+1","Underhanded Strike+1"],"picked":"Footwork","floor":15},{"not_picked":["Unload+1","Night Terror"],"picked":"Corpse Explosion","floor":16},{"not_picked":["Noxious Fumes","Deadly Poison"],"picked":"Backflip","floor":18},{"not_picked":["Dagger Throw+1","All Out Attack+1"],"picked":"Flying Knee+1","floor":20},{"not_picked":["All Out Attack+1","Masterful Stab+1"],"picked":"Heel Hook+1","floor":21},{"not_picked":["Dodge and Roll+1","Flechettes+1"],"picked":"PiercingWail","floor":23},{"not_picked":["Quick Slash+1","Dash+1"],"picked":"Dodge and Roll+1","floor":24},{"not_picked":["A Thousand Cuts","Dagger Spray+1","Poisoned Stab+1"],"picked":"SKIP","floor":25},{"not_picked":["Footwork","Masterful Stab+1"],"picked":"Distraction","floor":27},{"not_picked":["Bouncing Flask","Bane+1"],"picked":"Endless Agony+1","floor":28},{"not_picked":["Poisoned Stab+1","Skewer+1"],"picked":"Blade Dance","floor":29},{"not_picked":["Expertise","Poisoned Stab+1"],"picked":"Backflip","floor":30},{"not_picked":["Slice+1","Dagger Spray+1"],"picked":"Deflect","floor":32}],"player_experience":480681,"relics_obtained":[{"floor":6,"key":"Bird Faced Urn"},{"floor":9,"key":"Molten Egg 2"},{"floor":12,"key":"Dream Catcher"},{"floor":24,"key":"Oddly Smooth Stone"},{"floor":26,"key":"Gambling Chip"}],"event_choices":[{"damage_healed":0.0,"max_hp_gain":0.0,"max_hp_loss":0.0,"gold_gain":0.0,"event_name":"Shining Light","player_choice":"Ignored","floor":3.0,"gold_loss":0.0,"damage_taken":0.0},{"damage_healed":0.0,"max_hp_gain":0.0,"max_hp_loss":0.0,"gold_gain":0.0,"event_name":"The Woman in Blue","player_choice":"Bought 2 Potions","floor":4.0,"gold_loss":0.0,"damage_taken":0.0},{"damage_healed":0,"gold_gain":0,"player_choice":"Got Potions","damage_taken":0,"max_hp_gain":0,"max_hp_loss":0,"event_name":"Lab","floor":22,"gold_loss":0},{"damage_healed":0,"gold_gain":0,"player_choice":"Smashed Altar","damage_taken":0,"max_hp_gain":0,"max_hp_loss":0,"event_name":"Forgotten Altar","floor":31,"gold_loss":0,"cards_obtained":["Decay"]}],"is_beta":false,"boss_relics":[{"not_picked":["Orrery","Eternal Feather"],"picked":"Fusion Hammer"}],"items_purged_floors":[],"is_endless":false,"potions_floor_spawned":[1,5,10,12,14,18,20,28,30],"killed_by":"Champ","ascension_level":0}