{"gold_per_floor":[111,121,296,316,316,316,16,26,51,51,84,5,5,35,35,132,132,132,132,132,57,57,57,57,57,57,57,57,57,8,8,8,8,8,8,8,8,8,8,8,8,8,8,8,8,8,8,8,8,8],"floor_reached":51,"playtime":5951,"items_purged":["Strike_G"],"score":862,"play_id":"20ccbfc7-af55-4c52-884b-da60f78b9554","local_time":"20190909153906","is_ascension_mode":false,"campfire_choices":[{"data":"Neutralize","floor":6,"key":"SMITH"},{"data":"Wraith Form v2","floor":10,"key":"SMITH"},{"data":"Noxious Fumes","floor":13,"key":"SMITH"},{"data":"Footwork","floor":15,"key":"SMITH"},{"data":"Well Laid Plans","floor":23,"key":"SMITH"},{"data":"Night Terror","floor":25,"key":"SMITH"},{"data":"Wraith Form v2","floor":32,"key":"SMITH"},{"data":"Footwork","floor":40,"key":"SMITH"},{"data":"Night Terror","floor":42,"key":"SMITH"},{"floor":49,"key":"REST"}],"neow_cost":"NONE","seed_source_timestamp":104575037012259,"circlet_count":0,"master_deck":["Strike_G+1","Strike_G+1","Defend_G","Defend_G","Defend_G","Defend_G","Defend_G","Survivor","Neutralize+1","Dash","Footwork+1","Wraith Form v2+1","Night Terror+1","All Out Attack","Backflip","Noxious Fumes+1","Blur","Wraith Form v2+1","Footwork+1","Well Laid Plans+1","Deadly Poison+1","Necronomicurse","Footwork","Dodge and Roll","Backflip","Infinite Blades","Night Terror+1","Prepared","Bouncing Flask+1","Deflect","Flying Knee+1","After Image","Finesse","Secret Technique","Discovery","Deadly Poison+1","Acrobatics+1","Adrenaline","Deflect+1"],"relics":["Ring of the Snake","NeowsBlessing","Pen Nib","Dream Catcher","InkBottle","Ectoplasm","Regal Pillow","Bottled Tornado","Necronomicon","HoveringKite","MawBank","Whetstone","Orichalcum"],"potions_floor_usage":[14,24,33,46,46],"damage_taken":[{"damage":0,"enemies":"Cultist","floor":1,"turns":1},{"damage":0,"enemies":"Jaw Worm","floor":2,"turns":1},{"damage":0,"enemies":"2 Louse","floor":4,"turns":1},{"damage":0,"enemies":"Exordium Thugs","floor":8,"turns":6},{"damage":18,"enemies":"Lagavulin","floor":11,"turns":11},{"damage":4,"enemies":"3 Sentries","floor":14,"turns":7},{"damage":6,"enemies":"Hexaghost","floor":16,"turns":14},{"damage":6,"enemies":"Spheric Guardian","floor":18,"turns":11},{"damage":0,"enemies":"Chosen","floor":19,"turns":5},{"damage":3,"enemies":"Snecko","floor":20,"turns":9},{"damage":6,"enemies":"Shelled Parasite and Fungi","floor":22,"turns":9},{"damage":1,"enemies":"Gremlin Leader","floor":24,"turns":9},{"damage":1,"enemies":"Snake Plant","floor":28,"turns":6},{"damage":1,"enemies":"Centurion and Healer","floor":29,"turns":7},{"damage":1,"enemies":"Cultist and Chosen","floor":31,"turns":7},{"damage":0,"enemies":"Automaton","floor":33,"turns":11},{"damage":1,"enemies":"3 Darklings","floor":35,"turns":6},{"damage":3,"enemies":"Orb Walker","floor":36,"turns":5},{"damage":5,"enemies":"3 Darklings","floor":38,"turns":7},{"damage":5,"enemies":"Transient","floor":41,"turns":5},{"damage":0,"enemies":"Reptomancer","floor":46,"turns":8},{"damage":0,"enemies":"Maw","floor":47,"turns":8},{"damage":0,"enemies":"Giant Head","floor":48,"turns":9},{"damage":0,"enemies":"Donu and Deca","floor":50,"turns":10}],"seed_played":"3175291703463447679","potions_obtained":[{"floor":2,"key":"Regen Potion"},{"floor":4,"key":"SteroidPotion"},{"floor":20,"key":"FearPotion"},{"floor":22,"key":"AttackPotion"},{"floor":28,"key":"PowerPotion"},{"floor":33,"key":"SkillPotion"},{"floor":38,"key":"Poison Potion"},{"floor":46,"key":"AttackPotion"},{"floor":47,"key":"Weak Potion"}],"is_trial":false,"path_per_floor":["M","M","?","M","?","R","$","M","T","R","E","$","R","E","R","B",null,"M","M","M","?","M","R","E","R","T","?","M","M","$","M","R","B",null,"M","M","?","M","$","R","M","R","T","$","?","E","M","E","R","B",null],"character_chosen":"THE_SILENT","items_purchased":["Wraith Form v2","Night Terror","Noxious Fumes","Backflip"],"campfire_rested":1,"item_purchase_floors":[7,7,12,30],"current_hp_per_floor":[70,70,70,70,63,63,63,63,63,63,45,45,45,56,56,50,70,64,64,61,61,55,55,54,54,54,38,37,36,36,35,35,35,70,69,66,66,61,61,61,56,56,56,56,46,46,46,46,70,70],"gold":8,"neow_bonus":"THREE_ENEMY_KILL","is_prod":false,"is_daily":false,"chose_seed":false,"campfire_upgraded":9,"win_rate":0.0,"timestamp":1568068746,"path_taken":["M","?","?","M","?","R","$","?","T","R","E","?","R","E","R","BOSS","M","M","?","?","M","R","E","R","T","?","M","M","?","?","R","BOSS","M","M","?","?","$","R","M","R","T","?","?","E","M","E","R","BOSS"],"build_version":"2019-09-09","purchased_purges":1,"victory":true,"max_hp_per_floor":[70,70,70,70,70,70,70,70,70,70,70,70,70,70,70,70,70,70,70,70,70,70,70,70,70,70,70,70,70,70,70,70,70,70,70,70,70,70,70,70,70,70,70,70,70,70,70,70,70,70],"card_choices":[{"not_picked":["Outmaneuver","Dagger Throw","Acrobatics"],"picked":"SKIP","floor":1},{"not_picked":["Backflip","Poisoned Stab"],"picked":"Dash","floor":2},{"not_picked":["Backflip","Dash"],"picked":"Footwork","floor":4},{"not_picked":["Slice","Flying Knee"],"picked":"All Out Attack","floor":8},{"not_picked":["Blade Dance","Deflect"],"picked":"Backflip","floor":11},{"not_picked":["All Out Attack","Terror"],"picked":"Blur","floor":14},{"not_picked":["Venomology","Glass Knife"],"picked":"Wraith Form v2","floor":16},{"not_picked":["Heel Hook","Slice","Distraction"],"picked":"SKIP","floor":18},{"not_picked":["Flying Knee","Dagger Throw"],"picked":"Footwork","floor":19},{"not_picked":["Quick Slash","Dagger Throw","Dash"],"picked":"SKIP","floor":20},{"not_picked":["Dodge and Roll","PiercingWail+1"],"picked":"Well Laid Plans","floor":22},{"not_picked":["Quick Slash","Reflex+1"],"picked":"Deadly Poison+1","floor":24},{"not_picked":["Outmaneuver","Dagger Spray+1"],"picked":"Footwork","floor":28},{"not_picked":["PiercingWail","Underhanded Strike"],"picked":"Dodge and Roll","floor":29},{"not_picked":["All Out Attack","Backflip"],"picked":"Infinite Blades","floor":31},{"not_picked":["A Thousand Cuts","Doppelganger"],"picked":"Night Terror","floor":33},{"not_picked":["Sucker Punch+1","Slice+1"],"picked":"Prepared","floor":35},{"not_picked":["Caltrops","Heel Hook"],"picked":"Bouncing Flask+1","floor":36},{"not_picked":["Endless Agony+1","Quick Slash+1"],"picked":"Flying Knee+1","floor":38},{"not_picked":["Deflect","Prepared"],"picked":"After Image","floor":41},{"not_picked":["Violence","Purity"],"picked":"Finesse","floor":45},{"not_picked":["Forethought","Magnetism"],"picked":"Secret Technique","floor":45},{"not_picked":["Forethought","Transmutation"],"picked":"Discovery","floor":45},{"not_picked":["Masterful Stab+1","Outmaneuver"],"picked":"Deadly Poison+1","floor":46},{"not_picked":["Dodge and Roll","Slice+1"],"picked":"Acrobatics+1","floor":47},{"not_picked":["Outmaneuver+1","Poisoned Stab"],"picked":"Adrenaline","floor":48},{"not_picked":["Poisoned Stab","All Out Attack"],"picked":"Deflect+1","floor":49}],"player_experience":5244,"relics_obtained":[{"floor":9,"key":"Pen Nib"},{"floor":11,"key":"Dream Catcher"},{"floor":14,"key":"InkBottle"},{"floor":24,"key":"Regal Pillow"},{"floor":26,"key":"Bottled Tornado"},{"floor":27,"key":"Necronomicon"},{"floor":43,"key":"MawBank"},{"floor":46,"key":"Whetstone"},{"floor":48,"key":"Orichalcum"}],"event_choices":[{"damage_healed":0,"gold_gain":175,"player_choice":"AGREE","damage_taken":0,"max_hp_gain":0,"max_hp_loss":0,"event_name":"Liars Game","floor":3,"gold_loss":0,"cards_obtained":["Doubt"]},{"cards_removed":["Doubt"],"damage_healed":0,"gold_gain":0,"player_choice":"Card Removal","damage_taken":7,"max_hp_gain":0,"max_hp_loss":0,"event_name":"Golden Wing","floor":5,"gold_loss":0},{"cards_removed":["Strike_G"],"damage_healed":0,"gold_gain":0,"player_choice":"Gave Gold","damage_taken":0,"max_hp_gain":0,"max_hp_loss":0,"event_name":"Beggar","floor":21,"gold_loss":75},{"damage_healed":0,"gold_gain":0,"player_choice":"Obtained Book","damage_taken":16,"max_hp_gain":0,"max_hp_loss":0,"event_name":"Cursed Tome","floor":27,"gold_loss":0},{"damage_healed":0,"gold_gain":0,"cards_transformed":["Strike_G"],"player_choice":"Transformed","damage_taken":0,"max_hp_gain":0,"max_hp_loss":0,"event_name":"Transmorgrifier","floor":37,"gold_loss":0,"cards_obtained":["Deflect"]},{"damage_healed":0,"gold_gain":0,"player_choice":"Memory 3","damage_taken":10,"max_hp_gain":0,"max_hp_loss":0,"event_name":"SensoryStone","floor":45,"gold_loss":0}],"is_beta":true,"boss_relics":[{"not_picked":["Busted Crown","Calling Bell"],"picked":"Ectoplasm"},{"not_picked":["Empty Cage","SacredBark"],"picked":"HoveringKite"}],"items_purged_floors":[7],"is_endless":false,"potions_floor_spawned":[2,4,20,22,28,29,33,35,38,46,47],"ascension_level":0}