{"gold_per_floor":[109,59,69,69,69,69,89,89,167,167,181,181,106,120,120,218,218,228,244,278,278],"floor_reached":21,"playtime":463,"items_purged":["Defend_R"],"score":228,"play_id":"8ce2142c-2e44-42a3-8f0e-e87fa9f7ff22","local_time":"20180814224818","is_ascension_mode":true,"campfire_choices":[{"data":"Bash","floor":6,"key":"SMITH"},{"data":"Twin Strike","floor":8,"key":"SMITH"},{"data":"Twin Strike","floor":10,"key":"SMITH"},{"data":"Defend_R","floor":15,"key":"SMITH"}],"neow_cost":"NONE","seed_source_timestamp":804286980295411,"circlet_count":0,"master_deck":["Strike_R","Strike_R","Strike_R","Defend_R+1","Defend_R","Defend_R","Bash+1","Twin Strike+1","Twin Strike+1","Limit Break","Twin Strike+1","Flex"],"relics":["Burning Blood","Ice Cream","Pantograph","Philosopher\u0027s Stone","Red Mask"],"potions_floor_usage":[16,19,21],"damage_taken":[{"damage":2,"enemies":"Small Slimes","floor":1,"turns":4},{"damage":6,"enemies":"2 Louse","floor":3,"turns":3},{"damage":0,"enemies":"Cultist","floor":7,"turns":2},{"damage":0,"enemies":"Large Slime","floor":11,"turns":4},{"damage":2,"enemies":"3 Louse","floor":14,"turns":3},{"damage":75,"enemies":"Hexaghost","floor":16,"turns":8},{"damage":22,"enemies":"Shell Parasite","floor":18,"turns":4},{"damage":13,"enemies":"2 Thieves","floor":19,"turns":3},{"damage":25,"floor":20,"turns":4},{"damage":30,"enemies":"Sentry and Sphere","floor":21,"turns":3}],"seed_played":"3564499127569845439","potions_obtained":[{"floor":1,"key":"GamblersBrew"},{"floor":11,"key":"Regen Potion"},{"floor":14,"key":"AttackPotion"}],"is_trial":false,"path_per_floor":["M","?","M","?","?","R","M","R","T","R","M","?","$","M","R","B",null,"M","M","?"],"character_chosen":"IRONCLAD","items_purchased":[],"campfire_rested":0,"item_purchase_floors":[],"current_hp_per_floor":[76,76,76,76,69,69,75,75,75,75,80,80,80,80,80,20,65,49,42,23,0],"gold":278,"neow_bonus":"THREE_CARDS","is_prod":false,"is_daily":false,"chose_seed":false,"campfire_upgraded":4,"win_rate":0,"timestamp":1534301298,"path_taken":["M","?","M","?","?","R","?","R","T","R","M","?","$","M","R","BOSS","M","M","?","M"],"build_version":"2018-08-13v2","purchased_purges":1,"victory":false,"max_hp_per_floor":[80,80,80,80,80,80,80,80,80,80,80,80,80,80,80,80,80,80,80,80,80],"card_choices":[{"not_picked":["Havoc","Rage"],"picked":"Twin Strike","floor":0},{"not_picked":["Rage","Clash","Perfected Strike"],"picked":"SKIP","floor":1},{"not_picked":["Rage","Combust"],"picked":"Twin Strike","floor":3},{"not_picked":["Perfected Strike","Clash","Bloodletting"],"picked":"SKIP","floor":7},{"not_picked":["Rupture","Wild Strike","Dark Embrace"],"picked":"SKIP","floor":11},{"not_picked":["Havoc","Carnage","Wild Strike"],"picked":"SKIP","floor":14},{"not_picked":["Bludgeon","Brutality"],"picked":"Limit Break","floor":16},{"not_picked":["Blood for Blood+1","Fire Breathing+1","Clothesline"],"picked":"SKIP","floor":18},{"not_picked":["Evolve","Ghostly Armor"],"picked":"Twin Strike+1","floor":19},{"not_picked":["Rupture+1","Armaments+1"],"picked":"Flex","floor":20}],"player_experience":860466,"relics_obtained":[{"floor":9,"key":"Pantograph"},{"floor":20,"key":"Red Mask"}],"event_choices":[{"event_name":"The Cleric","player_choice":"Card Removal","floor":2,"damage_taken":0},{"event_name":"Purifier","player_choice":"One Purge","floor":4,"damage_taken":0},{"event_name":"Scrap Ooze","player_choice":"success","floor":5,"damage_taken":7},{"event_name":"Shining Light","player_choice":"Ignored","floor":12,"damage_taken":0},{"event_name":"Masked Bandits","player_choice":"Fought Bandits","floor":20,"damage_taken":0}],"is_beta":true,"boss_relics":[{"not_picked":["Eternal Feather","White Beast Statue"],"picked":"Philosopher\u0027s Stone"}],"items_purged_floors":[13],"is_endless":false,"potions_floor_spawned":[1,11,14],"killed_by":"Sentry and Sphere","ascension_level":7}