{"gold_per_floor":[118,68,32,32,32,32,93,93,165,191,206,206,13,13,13,84,84,100,100,86,97,116,149,149,178,178,178,209,228,243,269,269,269],"floor_reached":33,"playtime":3568,"items_purged":["Strike_R"],"score":562,"play_id":"4842d24e-2388-4bb3-9ff6-2e98adcd51cb","local_time":"20190907204645","is_ascension_mode":true,"campfire_choices":[{"data":"True Grit","floor":6.0,"key":"SMITH"},{"data":"Bludgeon","floor":8.0,"key":"SMITH"},{"data":"Shrug It Off","floor":12.0,"key":"SMITH"},{"data":"Armaments","floor":15.0,"key":"SMITH"},{"floor":24.0,"key":"REST"},{"floor":27.0,"key":"REST"},{"floor":32.0,"key":"REST"}],"neow_cost":"NONE","seed_source_timestamp":1317518877988092,"circlet_count":0,"master_deck":["AscendersBane","Strike_R","Strike_R","Defend_R","Defend_R","Defend_R","Defend_R","Bash+1","True Grit+1","Evolve","Bludgeon+1","Sentinel","Shrug It Off+1","Enlightenment","Armaments+1","Immolate+1","Dual Wield","Clothesline","Rampage+1","Shrug It Off","Barricade","Corruption"],"special_seed":0,"relics":["Burning Blood","Shuriken","Tiny Chest","Mummified Hand","Omamori","Calling Bell","Art of War","Dodecahedron","Calipers","Spirit Poop","Boot","Whetstone","Blood Vial","Pear","Anchor"],"potions_floor_usage":[33],"damage_taken":[{"damage":13.0,"enemies":"Jaw Worm","floor":1.0,"turns":5.0},{"damage":13.0,"enemies":"3 Sentries","floor":7.0,"turns":11.0},{"damage":5.0,"enemies":"Lagavulin","floor":10.0,"turns":4.0},{"damage":0.0,"enemies":"2 Louse","floor":11.0,"turns":3.0},{"damage":18.0,"enemies":"Slime Boss","floor":16.0,"turns":11.0},{"damage":0.0,"enemies":"Shell Parasite","floor":18.0,"turns":6.0},{"damage":7.0,"enemies":"2 Thieves","floor":20.0,"turns":4.0},{"damage":7.0,"enemies":"Shelled Parasite and Fungi","floor":21.0,"turns":3.0},{"damage":9.0,"enemies":"Centurion and Healer","floor":22.0,"turns":7.0},{"damage":66.0,"enemies":"Book of Stabbing","floor":23.0,"turns":8.0},{"damage":26.0,"enemies":"Slavers","floor":25.0,"turns":7.0},{"damage":6.0,"enemies":"Gremlin Leader","floor":28.0,"turns":10.0},{"damage":35.0,"enemies":"Snake Plant","floor":29.0,"turns":6.0},{"damage":5.0,"enemies":"Chosen and Byrds","floor":30.0,"turns":7.0},{"damage":16.0,"enemies":"Book of Stabbing","floor":31.0,"turns":5.0},{"damage":64,"enemies":"Automaton","floor":33,"turns":6}],"seed_played":"-6856653836226352108","potions_obtained":[{"floor":1.0,"key":"AttackPotion"},{"floor":7.0,"key":"PowerPotion"},{"floor":16.0,"key":"SkillPotion"},{"floor":20.0,"key":"Energy Potion"},{"floor":22.0,"key":"SteroidPotion"},{"floor":25.0,"key":"Dexterity Potion"},{"floor":30.0,"key":"LiquidBronze"},{"floor":31.0,"key":"EssenceOfSteel"}],"is_trial":false,"path_per_floor":["M","?","$","?","?","R","E","R","T","E","M","R","$","?","R","B",null,"M","?","M","M","M","E","R","E","T","R","E","M","M","E","R","B"],"character_chosen":"IRONCLAD","items_purchased":["Evolve","Enlightenment","Armaments"],"campfire_rested":3,"item_purchase_floors":[3,13,13],"current_hp_per_floor":[61,61,61,54,51,51,44,44,44,45,51,51,51,51,51,39,66,72,72,71,70,67,7,29,9,9,31,43,16,19,11,36,0],"gold":269,"neow_bonus":"UPGRADE_CARD","is_prod":false,"is_daily":false,"chose_seed":false,"campfire_upgraded":4,"win_rate":0,"timestamp":1567914405,"path_taken":["M","?","$","?","?","R","E","R","T","E","M","R","$","?","R","BOSS","M","?","M","M","M","E","R","E","T","R","E","?","M","E","R","BOSS"],"build_version":"2019-07-17","purchased_purges":1,"victory":false,"max_hp_per_floor":[75,75,75,75,75,75,75,75,75,75,75,75,75,75,75,75,75,75,75,75,75,75,75,75,75,75,75,85,85,85,85,85,85],"card_choices":[{"not_picked":["Bloodletting","Blood for Blood"],"picked":"True Grit","floor":1.0},{"not_picked":["Pommel Strike","Shockwave"],"picked":"Bludgeon","floor":7.0},{"not_picked":["True Grit","Blood for Blood"],"picked":"Sentinel","floor":10.0},{"not_picked":["Clash","Anger"],"picked":"Shrug It Off","floor":11.0},{"not_picked":["Impervious","Double Tap"],"picked":"Immolate","floor":16.0},{"not_picked":["Armaments","Pommel Strike","Flex"],"picked":"SKIP","floor":18.0},{"not_picked":["Armaments","Sentinel"],"picked":"Dual Wield","floor":20.0},{"not_picked":["Flex","Bloodletting+1"],"picked":"Clothesline","floor":21.0},{"not_picked":["Flex","Twin Strike"],"picked":"Rampage","floor":22.0},{"not_picked":["Armaments","Wild Strike"],"picked":"Shrug It Off","floor":23.0},{"not_picked":["Dual Wield","Thunderclap"],"picked":"Barricade","floor":25.0},{"not_picked":["Flex","Bloodletting","Carnage"],"picked":"SKIP","floor":28.0},{"not_picked":["Havoc","Burning Pact","Headbutt"],"picked":"SKIP","floor":29.0},{"not_picked":["Clash","Bloodletting"],"picked":"Corruption","floor":30.0},{"not_picked":["Fiend Fire","Barricade","Heavy Blade"],"picked":"SKIP","floor":31.0}],"player_experience":908145,"relics_obtained":[{"floor":7.0,"key":"Tiny Chest"},{"floor":9.0,"key":"Mummified Hand"},{"floor":10.0,"key":"Omamori"},{"floor":17.0,"key":"Art of War"},{"floor":17.0,"key":"Dodecahedron"},{"floor":17.0,"key":"Calipers"},{"floor":23.0,"key":"Boot"},{"floor":25.0,"key":"Whetstone"},{"floor":26.0,"key":"Blood Vial"},{"floor":28.0,"key":"Pear"},{"floor":31.0,"key":"Anchor"}],"event_choices":[{"cards_removed":["Strike_R"],"damage_healed":0.0,"max_hp_gain":0.0,"max_hp_loss":0.0,"gold_gain":0.0,"event_name":"The Cleric","player_choice":"Card Removal","floor":2.0,"gold_loss":50.0,"damage_taken":0.0},{"cards_removed":["Strike_R"],"damage_healed":0.0,"max_hp_gain":0.0,"max_hp_loss":0.0,"gold_gain":0.0,"event_name":"Golden Wing","player_choice":"Card Removal","floor":4.0,"gold_loss":0.0,"damage_taken":7.0},{"damage_healed":0.0,"max_hp_gain":0.0,"max_hp_loss":0.0,"gold_gain":0.0,"event_name":"Scrap Ooze","player_choice":"Success","floor":5.0,"gold_loss":0.0,"damage_taken":3.0,"relics_obtained":["Shuriken"]},{"damage_healed":0.0,"max_hp_gain":0.0,"max_hp_loss":0.0,"gold_gain":0.0,"event_name":"Liars Game","player_choice":"Ignored","floor":14.0,"gold_loss":0.0,"damage_taken":0.0},{"cards_removed":["Writhe"],"damage_healed":0.0,"max_hp_gain":0.0,"max_hp_loss":0.0,"gold_gain":0.0,"event_name":"Bonfire Elementals","player_choice":"Offered Curse","floor":19.0,"gold_loss":0.0,"damage_taken":0.0,"relics_obtained":["Spirit Poop"]}],"is_beta":false,"boss_relics":[{"not_picked":["Fusion Hammer","Orrery"],"picked":"Calling Bell"}],"items_purged_floors":[13],"is_endless":false,"potions_floor_spawned":[1,7,16,20,22,25,30,31],"killed_by":"Automaton","ascension_level":14}