{"gold_per_floor":[111,111,121,121,140,140,175,175,175,19,33,33,53,87,87,87],"floor_reached":16,"playtime":539,"items_purged":[],"score":135,"play_id":"31c2c52e-c303-4ad4-b9e3-8aa71b9ef63e","local_time":"20190107221525","is_ascension_mode":false,"campfire_choices":[{"data":"Blade Dance","floor":6,"key":"SMITH"},{"data":"Wraith Form v2","floor":8,"key":"SMITH"},{"data":"Dagger Spray","floor":15,"key":"SMITH"}],"neow_cost":"NONE","seed_source_timestamp":953609540940146,"circlet_count":0,"master_deck":["Backstab+1","Defend_G","Defend_G","Defend_G","Defend_G","Defend_G","Strike_G","Strike_G","Strike_G","Strike_G","Strike_G","Survivor","Neutralize","Wraith Form v2+1","hubris:TrickCloak","Blade Dance+1","Dagger Spray+1"],"relics":["Burning Blood","Bag of Marbles","infinitespire:Cubic Diamond","Frozen Egg 2","Mummified Hand","hubris:OldNail","hubris:Towel","Oddly Smooth Stone","hubris:CuriousFeather"],"potions_floor_usage":[7,14,16],"damage_taken":[{"damage":0,"enemies":"Jaw Worm","floor":1,"turns":3},{"damage":0,"enemies":"Small Slimes","floor":3,"turns":2},{"damage":0,"enemies":"Cultist","floor":5,"turns":2},{"damage":31,"enemies":"3 Sentries","floor":7,"turns":7},{"damage":9,"enemies":"Gremlin Gang","floor":11,"turns":4},{"damage":0,"enemies":"Looter","floor":13,"turns":2},{"damage":0,"enemies":"Gremlin Nob","floor":14,"turns":2},{"damage":57,"enemies":"The Guardian","floor":16,"turns":15}],"seed_played":"-1733815514397291835","potions_obtained":[{"floor":1,"key":"Fire Potion"},{"floor":11,"key":"Dexterity Potion"},{"floor":13,"key":"AttackPotion"}],"is_trial":false,"path_per_floor":["M","?","M","?","M","R","E","R","T","$","M","?","M","E","R","B"],"character_chosen":"THE_SILENT","items_purchased":["hubris:OldNail"],"campfire_rested":0,"item_purchase_floors":[10],"current_hp_per_floor":[70,70,70,70,70,70,45,45,45,45,42,42,48,54,54,0],"gold":87,"neow_bonus":"ONE_RANDOM_RARE_CARD","is_prod":false,"is_daily":false,"chose_seed":false,"campfire_upgraded":3,"win_rate":0,"timestamp":1546917325,"path_taken":["M","?","M","?","M","R","E","R","T","$","M","?","?","E","R","BOSS"],"build_version":"2019-01-03v4","purchased_purges":0,"victory":false,"max_hp_per_floor":[70,70,70,70,70,70,70,70,70,70,70,70,70,70,70,70],"card_choices":[{"not_picked":["Quick Slash","Flying Knee"],"picked":"hubris:TrickCloak","floor":1},{"not_picked":["Bouncing Flask","Prepared"],"picked":"Blade Dance","floor":3},{"not_picked":["Quick Slash","Tools of the Trade","Poisoned Stab"],"picked":"SKIP","floor":5},{"not_picked":["Catalyst","Bullet Time","Quick Slash"],"picked":"SKIP","floor":7},{"not_picked":["hubris:TrickCloak","Flying Knee"],"picked":"Dagger Spray","floor":11},{"not_picked":["Flying Knee","PiercingWail","Bane"],"picked":"SKIP","floor":13},{"not_picked":["Flechettes","Outmaneuver","Choke"],"picked":"SKIP","floor":14}],"player_experience":553915,"relics_obtained":[{"floor":2,"key":"Bag of Marbles"},{"floor":7,"key":"Frozen Egg 2"},{"floor":9,"key":"Mummified Hand"},{"floor":14,"key":"hubris:CuriousFeather"}],"event_choices":[],"is_beta":false,"boss_relics":[],"items_purged_floors":[],"is_endless":false,"potions_floor_spawned":[1,11,13],"killed_by":"The Guardian","ascension_level":0}