{"gold_per_floor":[114,124,139,139,139,139,162,162,162,193,44,58,77,117,117,240,240,256,256,271,295,319,319,355,371,371,371,404,404,414,118,118,213,213,227,242,257,270,350,350,370,370,370,382,604,653,666,682,682,682],"floor_reached":51,"playtime":8108,"items_purged":["Injury"],"score":760,"play_id":"845efc88-6e3c-476f-b676-0dfb6a0c6efe","local_time":"20190701201059","is_ascension_mode":false,"campfire_choices":[{"floor":6.0,"key":"REST"},{"data":"Genetic Algorithm","floor":8.0,"key":"SMITH"},{"data":"Electrodynamics","floor":15.0,"key":"SMITH"},{"floor":23,"key":"DIG"},{"floor":29,"key":"DIG"},{"floor":32,"key":"REST"},{"floor":40,"key":"DIG"},{"floor":42,"key":"DIG"},{"floor":49,"key":"DIG"}],"neow_cost":"NONE","seed_source_timestamp":1568145368761879,"circlet_count":0,"master_deck":["Strike_B","Strike_B","Strike_B","Strike_B","Defend_B","Defend_B","Defend_B+1","Defend_B","Zap","Dualcast+1","Darkness","Genetic Algorithm+1","Auto Shields","Coolheaded","Electrodynamics+1","Self Repair","Steam","Rebound","Beam Cell","Buffer","White Noise+1","Aggregate","Loop+1","Heatsinks","Sunder+1","Fusion","Sweeping Beam","Loop+1","FTL","Streamline","Amplify","Redo","Lockon","Storm+1","Chaos+1","White Noise","Stack+1","Amplify","Capacitor","Static Discharge+1"],"special_seed":0,"relics":["Cracked Core","Bloody Idol","Pen Nib","Mummified Hand","Oddly Smooth Stone","Runic Pyramid","Shovel","Vajra","Bottled Flame","Sundial","Red Mask","Girya","Toolbox","Lizard Tail","Meat on the Bone","Blood Vial","Lantern","Bag of Preparation","Ice Cream","Ornamental Fan"],"potions_floor_usage":[18,25,33,33,47,50,50],"damage_taken":[{"damage":0.0,"enemies":"Small Slimes","floor":1.0,"turns":3.0},{"damage":7.0,"enemies":"2 Louse","floor":2.0,"turns":4.0},{"damage":0.0,"enemies":"Cultist","floor":3.0,"turns":4.0},{"damage":2.0,"enemies":"Blue Slaver","floor":7.0,"turns":4.0},{"damage":24.0,"enemies":"Lagavulin","floor":10.0,"turns":7.0},{"damage":6.0,"enemies":"Large Slime","floor":12.0,"turns":5.0},{"damage":0.0,"enemies":"Exordium Thugs","floor":13.0,"turns":5.0},{"damage":0.0,"enemies":"3 Sentries","floor":14.0,"turns":3.0},{"damage":27.0,"enemies":"The Guardian","floor":16.0,"turns":13.0},{"damage":0,"enemies":"3 Byrds","floor":18,"turns":4},{"damage":0,"enemies":"Spheric Guardian","floor":20,"turns":5},{"damage":0,"enemies":"Centurion and Healer","floor":21,"turns":10},{"damage":0,"enemies":"Sentry and Sphere","floor":22,"turns":4},{"damage":24,"enemies":"Book of Stabbing","floor":24,"turns":6},{"damage":0,"enemies":"Snecko","floor":25,"turns":4},{"damage":32,"enemies":"Masked Bandits","floor":28,"turns":7},{"damage":0,"enemies":"Cultist and Chosen","floor":30,"turns":2},{"damage":0,"enemies":"Champ","floor":33,"turns":9},{"damage":0,"enemies":"3 Shapes","floor":35,"turns":3},{"damage":11,"enemies":"Orb Walker","floor":36,"turns":3},{"damage":48,"enemies":"Spire Growth","floor":37,"turns":5},{"damage":23,"enemies":"3 Darklings","floor":38,"turns":5},{"damage":4,"enemies":"Jaw Worm Horde","floor":41,"turns":3},{"damage":10,"enemies":"Sphere and 2 Shapes","floor":44,"turns":3},{"damage":16,"enemies":"2 Orb Walkers","floor":46,"turns":4},{"damage":0,"enemies":"Transient","floor":47,"turns":5},{"damage":13,"enemies":"Jaw Worm Horde","floor":48,"turns":4},{"damage":98,"enemies":"Awakened One","floor":50,"turns":9}],"seed_played":"1952359276381571596","potions_obtained":[{"floor":2.0,"key":"Explosive Potion"},{"floor":3.0,"key":"GamblersBrew"},{"floor":10.0,"key":"Strength Potion"},{"floor":14.0,"key":"Explosive Potion"},{"floor":18,"key":"Poison Potion"},{"floor":21,"key":"Strength Potion"},{"floor":28,"key":"Dexterity Potion"},{"floor":30,"key":"SpeedPotion"},{"floor":37,"key":"SkillPotion"},{"floor":44,"key":"FearPotion"},{"floor":48,"key":"PowerPotion"}],"is_trial":false,"path_per_floor":["M","M","M","?","?","R","M","R","T","E","$","M","M","E","R","B",null,"M","?","M","M","M","R","E","M","T","?","?","R","M","$","R","B",null,"M","M","M","M","T","R","M","R","T","M","?","?","M","M","R","B",null],"character_chosen":"DEFECT","items_purchased":["Self Repair","Toolbox","FTL","Streamline"],"campfire_rested":2,"item_purchase_floors":[11,31,31,31],"current_hp_per_floor":[82,75,75,59,59,82,80,80,80,56,56,57,64,71,71,51,82,82,82,82,82,82,82,65,72,72,72,52,52,57,57,81,82,82,82,82,46,35,40,40,62,62,62,59,64,62,76,77,77,63],"gold":682,"neow_bonus":"TEN_PERCENT_HP_BONUS","is_prod":false,"is_daily":false,"chose_seed":false,"campfire_upgraded":2,"win_rate":0.0,"timestamp":1562026259,"path_taken":["M","M","M","?","?","R","M","R","T","E","$","M","M","E","R","BOSS","M","?","M","?","M","R","E","M","T","?","?","R","?","$","R","BOSS","M","M","M","M","?","R","M","R","T","M","?","?","M","M","R","BOSS"],"build_version":"2019-01-23","purchased_purges":1,"victory":true,"max_hp_per_floor":[82,82,82,82,82,82,82,82,82,82,82,82,82,82,82,82,82,82,82,82,82,82,82,82,82,82,82,82,82,82,82,82,82,82,82,82,82,82,82,82,82,82,82,82,82,82,82,82,82,82],"card_choices":[{"not_picked":["Leap","Conserve Battery"],"picked":"Darkness","floor":1.0},{"not_picked":["Compile Driver","Streamline"],"picked":"Genetic Algorithm","floor":2.0},{"not_picked":["Barrage","Sweeping Beam"],"picked":"Auto Shields","floor":3.0},{"not_picked":["Heatsinks","Reboot"],"picked":"Coolheaded","floor":7.0},{"not_picked":["Streamline","Sunder"],"picked":"Electrodynamics","floor":10.0},{"not_picked":["Stack","Go for the Eyes"],"picked":"Steam","floor":12.0},{"not_picked":["Scrape","Steam"],"picked":"Rebound","floor":13.0},{"not_picked":["Go for the Eyes","Barrage"],"picked":"Beam Cell","floor":14.0},{"not_picked":["Multi-Cast","Electrodynamics"],"picked":"Buffer","floor":16.0},{"not_picked":["Coolheaded+1","Compile Driver"],"picked":"White Noise+1","floor":18},{"not_picked":["Ball Lightning","Turbo"],"picked":"Aggregate","floor":20},{"not_picked":["BootSequence","Static Discharge"],"picked":"Loop+1","floor":21},{"not_picked":["Turbo","Tempest+1"],"picked":"Heatsinks","floor":22},{"not_picked":["Turbo+1","Leap"],"picked":"Sunder+1","floor":24},{"not_picked":["Heatsinks","Redo"],"picked":"Fusion","floor":25},{"not_picked":["Blizzard","Fusion"],"picked":"Sweeping Beam","floor":28},{"not_picked":["Doom and Gloom","Rebound+1"],"picked":"Loop+1","floor":30},{"not_picked":["Seek","Rainbow"],"picked":"Amplify","floor":33},{"not_picked":["Steam","Compile Driver"],"picked":"Redo","floor":35},{"not_picked":["Barrage","Sweeping Beam"],"picked":"Lockon","floor":36},{"not_picked":["Ball Lightning+1","Gash"],"picked":"Storm+1","floor":37},{"not_picked":["Rebound","Steam"],"picked":"Chaos+1","floor":38},{"not_picked":["Lockon+1","Ball Lightning+1"],"picked":"White Noise","floor":41},{"not_picked":["Cold Snap","Gash"],"picked":"Stack+1","floor":44},{"not_picked":["Barrage+1","Tempest+1"],"picked":"Amplify","floor":46},{"not_picked":["Beam Cell","Skim+1"],"picked":"Capacitor","floor":47},{"not_picked":["Sweeping Beam","Gash"],"picked":"Static Discharge+1","floor":48}],"player_experience":67401,"relics_obtained":[{"floor":9.0,"key":"Pen Nib"},{"floor":10.0,"key":"Mummified Hand"},{"floor":14.0,"key":"Oddly Smooth Stone"},{"floor":23,"key":"Vajra"},{"floor":24,"key":"Bottled Flame"},{"floor":26,"key":"Sundial"},{"floor":28,"key":"Red Mask"},{"floor":29,"key":"Girya"},{"floor":39,"key":"Meat on the Bone"},{"floor":40,"key":"Blood Vial"},{"floor":42,"key":"Lantern"},{"floor":43,"key":"Bag of Preparation"},{"floor":46,"key":"Ice Cream"},{"floor":49,"key":"Ornamental Fan"}],"event_choices":[{"damage_healed":0.0,"max_hp_gain":0.0,"max_hp_loss":0.0,"gold_gain":0.0,"event_name":"Shining Light","player_choice":"Entered Light","floor":4.0,"gold_loss":0.0,"damage_taken":16.0,"cards_upgraded":["Dualcast","Defend_B"]},{"damage_healed":0.0,"max_hp_gain":0.0,"max_hp_loss":0.0,"gold_gain":0.0,"event_name":"Golden Idol","player_choice":"Take Wound","floor":5.0,"gold_loss":0.0,"damage_taken":0.0,"relics_obtained":["Golden Idol"],"cards_obtained":["Injury"]},{"damage_healed":0,"gold_gain":0,"player_choice":"Gave Potion","damage_taken":0,"relics_obtained":["Shovel"],"max_hp_gain":0,"max_hp_loss":0,"event_name":"WeMeetAgain","floor":19,"gold_loss":0},{"damage_healed":0,"gold_gain":0,"player_choice":"Gave Idol","damage_taken":0,"relics_obtained":["Bloody Idol"],"max_hp_gain":0,"max_hp_loss":0,"event_name":"Forgotten Altar","floor":27,"relics_lost":["Golden Idol"],"gold_loss":0},{"damage_healed":0,"gold_gain":0,"player_choice":"Fought Bandits","damage_taken":0,"max_hp_gain":0,"max_hp_loss":0,"event_name":"Masked Bandits","floor":28,"gold_loss":0},{"damage_healed":0,"gold_gain":222,"player_choice":"Wore Mask","damage_taken":0,"max_hp_gain":0,"max_hp_loss":0,"event_name":"Tomb of Lord Red Mask","floor":45,"gold_loss":0},{"damage_healed":0,"gold_gain":0,"player_choice":"Fight","damage_taken":0,"max_hp_gain":0,"max_hp_loss":0,"event_name":"Mysterious Sphere","floor":46,"gold_loss":0}],"is_beta":false,"boss_relics":[{"not_picked":["Nuclear Battery","Orrery"],"picked":"Runic Pyramid"},{"not_picked":["Snecko Eye","Philosopher\u0027s Stone"],"picked":"Lizard Tail"}],"items_purged_floors":[11],"is_endless":false,"potions_floor_spawned":[2,3,10,14,18,21,28,30,37,44,48],"ascension_level":0}