{"gold_per_floor":[110,110,110,127,75,75,75,110,135,58,74,86,86,115,115,115],"floor_reached":16,"playtime":1470,"items_purged":[],"score":108,"play_id":"c7cb864f-1c97-4cab-9713-beb6b462ed07","local_time":"20190127154306","is_ascension_mode":false,"campfire_choices":[{"floor":6,"key":"REST"},{"floor":13,"key":"REST"},{"floor":15,"key":"REST"}],"neow_cost":"NONE","seed_source_timestamp":0,"circlet_count":0,"master_deck":["Strike_R","Strike_R+1","Strike_R","Strike_R","Strike_R","Defend_R","Defend_R","Defend_R+1","Defend_R","Bash","Blind","Headbutt","Feel No Pain","Warcry","Reaper","Sever Soul","Burning Pact","Iron Wave","Armaments"],"special_seed":0,"relics":["Burning Blood","Potion Belt","Ancient Tea Set","Unceasing Top"],"potions_floor_usage":[16,16,16],"damage_taken":[{"damage":2.0,"enemies":"Small Slimes","floor":1.0,"turns":3.0},{"damage":6.0,"enemies":"2 Louse","floor":4.0,"turns":3.0},{"damage":52,"enemies":"Lagavulin","floor":8,"turns":7},{"damage":11,"enemies":"Jaw Worm","floor":11,"turns":4},{"damage":10,"enemies":"Blue Slaver","floor":12,"turns":4},{"damage":18,"enemies":"3 Sentries","floor":14,"turns":11},{"damage":87,"enemies":"Hexaghost","floor":16,"turns":16}],"seed_played":"-3456572897441992942","potions_obtained":[{"floor":4,"key":"SpeedPotion"},{"floor":12,"key":"LiquidBronze"},{"floor":14,"key":"Block Potion"}],"is_trial":false,"path_per_floor":["M","?","?","M","$","R","?","E","T","$","M","M","R","E","R","B"],"character_chosen":"IRONCLAD","items_purchased":["Warcry","Sever Soul"],"campfire_rested":3,"item_purchase_floors":[5,10],"current_hp_per_floor":[80,80,64,64,64,80,85,39,39,39,34,30,55,55,80,0],"gold":115,"neow_bonus":"RANDOM_COLORLESS","is_prod":false,"is_daily":false,"chose_seed":false,"campfire_upgraded":0,"win_rate":0,"timestamp":1548600186,"path_taken":["M","?","?","M","$","R","?","E","T","$","M","M","R","E","R","BOSS"],"build_version":"2019-01-23","purchased_purges":0,"victory":false,"max_hp_per_floor":[80,80,80,80,80,80,85,85,85,85,85,85,85,85,85,85],"card_choices":[{"not_picked":["Carnage","Pummel"],"picked":"Headbutt","floor":1.0},{"not_picked":["Armaments","Shrug It Off"],"picked":"Feel No Pain","floor":4},{"not_picked":["Clash","Pommel Strike"],"picked":"Reaper","floor":8},{"not_picked":["Seeing Red","Sword Boomerang"],"picked":"Burning Pact","floor":11},{"not_picked":["Pommel Strike","Entrench"],"picked":"Iron Wave","floor":12},{"not_picked":["Clothesline","Whirlwind"],"picked":"Armaments","floor":14}],"player_experience":18835,"relics_obtained":[{"floor":8,"key":"Potion Belt"},{"floor":9,"key":"Ancient Tea Set"},{"floor":14,"key":"Unceasing Top"}],"event_choices":[{"damage_healed":0.0,"max_hp_gain":0.0,"max_hp_loss":0.0,"gold_gain":0.0,"event_name":"Liars Game","player_choice":"Ignored","floor":2.0,"gold_loss":0.0,"damage_taken":0.0},{"damage_healed":0.0,"max_hp_gain":0.0,"max_hp_loss":0.0,"gold_gain":0.0,"event_name":"Shining Light","player_choice":"Entered Light","floor":3.0,"gold_loss":0.0,"damage_taken":16.0,"cards_upgraded":["Defend_R","Strike_R"]},{"damage_healed":0,"gold_gain":0,"player_choice":"Donut","damage_taken":0,"max_hp_gain":5,"max_hp_loss":0,"event_name":"Big Fish","floor":7,"gold_loss":0}],"is_beta":false,"boss_relics":[],"items_purged_floors":[],"is_endless":false,"potions_floor_spawned":[4,12,14],"killed_by":"Hexaghost","ascension_level":0}