{"path_per_floor":["M","M","M","?","M","E","R","E","T","R","E","$","R","M","R","B",null,"M","$","M","?","M","R","E","R","T","R","?","$","E","?","R"],"character_chosen":"IRONCLAD","items_purchased":["Madness","Combust","Trip","Flex"],"gold_per_floor":[113,128,138,138,153,178,178,206,232,232,262,19,19,34,34,129,129,142,17,27,27,38,38,66,66,66,66,66,66,94,94,94,94],"floor_reached":33,"campfire_rested":1,"playtime":2975,"current_hp_per_floor":[77,75,80,68,59,55,55,45,45,45,47,47,47,43,43,21,65,55,55,34,34,28,28,7,7,7,31,80,80,63,63,63,0],"items_purged":["Strike_R"],"gold":94,"score":391,"play_id":"4671959a-a82d-4f03-b8a3-015741387b4c","local_time":"20180415001523","is_prod":false,"is_daily":false,"chose_seed":false,"is_ascension_mode":true,"campfire_upgraded":7,"timestamp":1523776523,"path_taken":["M","M","?","?","?","E","R","E","T","R","E","$","R","M","R","BOSS","M","$","M","?","M","R","E","R","T","R","?","$","E","?","R","BOSS"],"build_version":"2018-04-12","seed_source_timestamp":7561710611248,"purchased_purges":1,"victory":false,"master_deck":["Strike_R","Strike_R+1","Strike_R","Strike_R","Defend_R","Defend_R","Defend_R","Defend_R","Bash","Anger+1","Cleave","Twin Strike","Immolate+1","Thunderclap+1","Metallicize+1","Evolve+1","Madness+1","Combust+1","Pommel Strike+1","Immolate+1","Power Through","Trip+1","Flex","Armaments+1","Intimidate+1","Second Wind","Power Through"],"max_hp_per_floor":[80,80,80,80,80,80,80,80,80,80,80,80,80,80,80,80,80,80,80,80,80,80,80,80,80,80,80,80,80,80,80,80,80],"relics":["Burning Blood","Frozen Egg 2","Darkstone Periapt","Whetstone","Art of War","Self Forming Clay","Runic Cube","Bottled Tornado","Centennial Puzzle","Prayer Wheel"],"card_choices":[{"not_picked":["Havoc","Body Slam"],"picked":"Anger","floor":1},{"not_picked":["Headbutt","Clash"],"picked":"Cleave","floor":2},{"not_picked":["Pommel Strike","Sword Boomerang"],"picked":"Twin Strike","floor":3},{"not_picked":["Sword Boomerang","Shrug It Off"],"picked":"Immolate","floor":5},{"not_picked":["Headbutt","True Grit"],"picked":"Thunderclap","floor":6},{"not_picked":["Sword Boomerang","Iron Wave"],"picked":"Metallicize","floor":8},{"not_picked":["Body Slam","Cleave"],"picked":"Evolve","floor":11},{"not_picked":["Perfected Strike","Heavy Blade"],"picked":"Pommel Strike","floor":14},{"not_picked":["Brutality","Demon Form"],"picked":"Immolate","floor":16},{"not_picked":["Dual Wield","Evolve"],"picked":"Power Through","floor":18},{"not_picked":["Havoc","Warcry"],"picked":"Entrench","floor":20},{"not_picked":["Pummel","Entrench"],"picked":"Armaments","floor":22},{"not_picked":["Spot Weakness","Sword Boomerang"],"picked":"Intimidate","floor":24},{"not_picked":["Burning Pact","Bloodletting"],"picked":"Second Wind","floor":30}],"player_experience":300597,"potions_floor_usage":[16,16,18,30,33],"damage_taken":[{"damage":1,"enemies":"Cultist","floor":1,"turns":3},{"damage":8,"enemies":"Small Slimes","floor":2,"turns":3},{"damage":0,"enemies":"2 Louse","floor":3,"turns":3},{"damage":15,"enemies":"Gremlin Gang","floor":5,"turns":5},{"damage":10,"enemies":"3 Sentries","floor":6,"turns":4},{"damage":16,"enemies":"Gremlin Nob","floor":8,"turns":3},{"damage":4,"enemies":"3 Sentries","floor":11,"turns":2},{"damage":10,"enemies":"Lots of Slimes","floor":14,"turns":2},{"damage":43,"enemies":"The Guardian","floor":16,"turns":8},{"damage":25,"enemies":"Shell Parasite","floor":18,"turns":4},{"damage":27,"enemies":"Spheric Guardian","floor":20,"turns":4},{"damage":12,"enemies":"Centurion and Healer","floor":22,"turns":6},{"damage":27,"enemies":"Gremlin Leader","floor":24,"turns":5},{"damage":23,"enemies":"Book of Stabbing","floor":30,"turns":6},{"damage":63,"enemies":"Collector","floor":33,"turns":8}],"event_choices":[{"event_name":"Scrap Ooze","player_choice":"success","floor":4,"damage_taken":12},{"event_name":"Beggar","player_choice":"Ignored","floor":21,"damage_taken":0},{"event_name":"Bonfire Elementals","player_choice":"UNCOMMON","floor":28,"damage_taken":0},{"event_name":"The Library","player_choice":"Read","floor":31,"damage_taken":0}],"boss_relics":[{"not_picked":["Calling Bell","Runic Dome"],"picked":"Runic Cube"}],"potions_floor_spawned":[2,8,16,24,30],"seed_played":"2668508292120936702","killed_by":"Collector","ascension_level":6,"is_trial":false}