{"path_per_floor":["M","?","M","M","M","R","$","?","T","R","M","R","$","M","R","B",null,"M","$","M","M","?","R","$","M","T","M","R","M","R","M","R"],"character_chosen":"IRONCLAD","items_purchased":["Bandage Up","Spot Weakness"],"gold_per_floor":[116,191,203,214,230,230,155,255,255,255,268,268,74,87,87,190,190,204,79,98,114,114,114,42,60,60,78,78,96,96,110,110],"floor_reached":33,"campfire_rested":5,"playtime":1135,"current_hp_per_floor":[80,69,70,72,56,56,56,56,56,56,41,65,65,55,79,24,80,61,61,42,48,90,90,90,46,46,8,35,39,66,56,83],"items_purged":["Strike_R","Defend_R","Strike_R"],"gold":110,"score":241,"play_id":"4ff5d38c-208e-4573-bf30-9b1833fdd949","is_prod":false,"is_daily":false,"is_ascension_mode":false,"campfire_upgraded":3,"path_taken":["M","?","M","M","M","R","$","?","T","R","?","R","$","M","R","BOSS","M","$","M","M","?","R","$","M","T","M","R","M","R","M","R","BOSS"],"build_version":"2018-02-22-PROD1","purchased_purges":3,"victory":false,"master_deck":["Strike_R","Strike_R","Strike_R","Defend_R","Defend_R","Defend_R","Bash+1","Offering","Cleave+1","Headbutt","Carnage+1","True Grit","Bandage Up+1","Clothesline+1","Burning Pact","Pommel Strike+1","Spot Weakness","Armaments","Corruption","Headbutt","Sever Soul+1"],"max_hp_per_floor":[80,80,80,80,80,80,80,80,80,80,80,80,80,80,80,80,80,80,80,80,80,90,90,90,90,90,90,90,90,90,90,90],"relics":["Burning Blood","Ginger","Lizard Tail","Dream Catcher"],"card_choices":[{"not_picked":["Shrug It Off","True Grit"],"picked":"Offering"},{"not_picked":["Havoc","Combust"],"picked":"Cleave"},{"not_picked":["Sentinel","Perfected Strike"],"picked":"Headbutt"},{"not_picked":["Whirlwind","Anger"],"picked":"Carnage"},{"not_picked":["Sentinel","Whirlwind"],"picked":"True Grit"},{"not_picked":["Brutality","Exhume"],"picked":"Double Tap"},{"not_picked":["Havoc","Carnage"],"picked":"Clothesline"},{"not_picked":["Anger","Searing Blow"],"picked":"Burning Pact"},{"not_picked":["Thunderclap","Havoc"],"picked":"Pommel Strike"},{"not_picked":["Iron Wave","Thunderclap"],"picked":"Armaments"},{"not_picked":["Headbutt","Reckless Charge"],"picked":"Corruption"},{"not_picked":["Warcry","Battle Trance"],"picked":"Headbutt"},{"not_picked":["Wild Strike","Havoc"],"picked":"Sever Soul"}],"player_experience":109880,"potions_floor_usage":[27,27,33,33],"damage_taken":[{"damage":1,"enemies":"Cultist","floor":1,"turns":3},{"damage":5,"enemies":"Jaw Worm","floor":3,"turns":3},{"damage":4,"enemies":"2 Louse","floor":4,"turns":2},{"damage":22,"enemies":"Gremlin Gang","floor":5,"turns":5},{"damage":21,"enemies":"Exordium Thugs","floor":11,"turns":3},{"damage":20,"enemies":"Lots of Slimes","floor":14,"turns":3},{"damage":65,"enemies":"Hexaghost","floor":16,"turns":8},{"damage":29,"enemies":"Shell Parasite","floor":18,"turns":6},{"damage":29,"enemies":"2 Thieves","floor":20,"turns":3},{"damage":4,"enemies":"Snake Plant","floor":21,"turns":2},{"damage":56,"enemies":"Sentry and Sphere","floor":25,"turns":6},{"damage":53,"enemies":"3 Cultists","floor":27,"turns":6},{"damage":53,"enemies":"Slaver and Parasite","floor":29,"turns":5},{"damage":22,"enemies":"Snake Plant","floor":31,"turns":4},{"damage":101,"enemies":"Champ","floor":33,"turns":10}],"event_choices":[{"event_name":"World of Goop","player_choice":"Gather Gold","floor":2,"damage_taken":0},{"event_name":"Golden Shrine","player_choice":"Pray","floor":8,"damage_taken":0},{"event_name":"Bonfire Elementals","player_choice":"RARE","floor":22,"damage_taken":0}],"boss_relics":[{"not_picked":["Eternal Feather","Velvet Choker"],"picked":"Lizard Tail"}],"potions_floor_spawned":[1,14,16,18,25,31],"seed_played":"-5162892583330886395","killed_by":"Champ","ascension_level":0,"is_trial":false}