{"gold_per_floor":[20,20,120,141,70,70,84,102,153,153,177,177,259,184,184,184],"floor_reached":16,"playtime":307,"items_purged":["Defend_R"],"score":90,"play_id":"8051b416-7766-4951-95c9-bb16caabc705","local_time":"20190912230324","is_ascension_mode":false,"campfire_choices":[{"floor":6,"key":"DIG"},{"data":"Whirlwind","floor":10,"key":"SMITH"},{"floor":12,"key":"DIG"},{"floor":15,"key":"DIG"}],"neow_cost":"NO_GOLD","seed_source_timestamp":2314248605335900,"circlet_count":0,"master_deck":["Strike_R","Strike_R","Strike_R","Strike_R","Strike_R","Defend_R","Defend_R","Defend_R","Bash","Seeing Red","Whirlwind+1"],"relics":["Burning Blood","Shovel","Golden Idol","Blood Vial","Happy Flower","Strawberry","Sundial","Dream Catcher"],"potions_floor_usage":[4,11],"damage_taken":[{"damage":3,"enemies":"Small Slimes","floor":1,"turns":3},{"damage":6,"enemies":"Cultist","floor":4,"turns":3},{"damage":11,"enemies":"Jaw Worm","floor":7,"turns":3},{"damage":19,"enemies":"Blue Slaver","floor":8,"turns":3},{"damage":10,"enemies":"Exordium Thugs","floor":11,"turns":3},{"damage":56,"enemies":"The Guardian","floor":16,"turns":9}],"seed_played":"-692592641240216699","potions_obtained":[{"floor":1,"key":"Energy Potion"},{"floor":7,"key":"SpeedPotion"}],"is_trial":false,"path_per_floor":["M","?","?","M","$","R","M","M","T","R","M","R","T","$","R","B"],"character_chosen":"IRONCLAD","items_purchased":["Seeing Red"],"campfire_rested":0,"item_purchase_floors":[5],"current_hp_per_floor":[80,60,60,60,60,60,57,46,46,46,44,51,51,51,51,0],"gold":184,"neow_bonus":"ONE_RARE_RELIC","is_prod":false,"is_daily":false,"chose_seed":false,"campfire_upgraded":1,"win_rate":0,"timestamp":1568343804,"path_taken":["M","?","?","M","$","R","?","M","T","R","M","R","?","$","R","BOSS"],"build_version":"2019-07-17","purchased_purges":1,"victory":false,"max_hp_per_floor":[80,80,80,80,80,80,80,80,80,80,80,87,87,87,87,87],"card_choices":[{"not_picked":["Carnage","Body Slam","Havoc"],"picked":"SKIP","floor":1},{"not_picked":["Rage","Burning Pact","Pommel Strike"],"picked":"SKIP","floor":4},{"not_picked":["Warcry","Uppercut"],"picked":"Whirlwind","floor":7},{"not_picked":["Fire Breathing","Sentinel","Anger"],"picked":"SKIP","floor":8},{"not_picked":["Shockwave","Sever Soul","Blood for Blood"],"picked":"SKIP","floor":11}],"player_experience":399780,"relics_obtained":[{"floor":6,"key":"Blood Vial"},{"floor":9,"key":"Happy Flower"},{"floor":12,"key":"Strawberry"},{"floor":13,"key":"Sundial"},{"floor":15,"key":"Dream Catcher"}],"event_choices":[{"damage_healed":0,"gold_gain":0,"player_choice":"Take Damage","damage_taken":20,"relics_obtained":["Golden Idol"],"max_hp_gain":0,"max_hp_loss":0,"event_name":"Golden Idol","floor":2,"gold_loss":0},{"damage_healed":0,"gold_gain":100,"player_choice":"Pray","damage_taken":0,"max_hp_gain":0,"max_hp_loss":0,"event_name":"Golden Shrine","floor":3,"gold_loss":0}],"is_beta":false,"boss_relics":[],"items_purged_floors":[14],"is_endless":false,"potions_floor_spawned":[1,7],"killed_by":"The Guardian","ascension_level":0}