{"gold_per_floor":[115,48,48,61,77,87,117,134,180,196,208,218,246,261,261,357,357],"floor_reached":17,"playtime":986,"items_purged":[],"score":163,"play_id":"6edb31ed-0949-4d45-b770-1ec7425cac3a","local_time":"20190314054246","is_ascension_mode":false,"campfire_choices":[{"data":"Metallicize","floor":15,"key":"SMITH"}],"neow_cost":"NONE","seed_source_timestamp":190039175263,"circlet_count":0,"master_deck":["Strike_R","Strike_R","Strike_R","Strike_R","Strike_R","Defend_R","Defend_R","Defend_R","Defend_R","Bash+1","Anger","Inflame","Inflame","Shockwave","Shrug It Off","Juggernaut","Anger","Shrug It Off","Offering","Heavy Blade","Metallicize+1","Burning Pact","Immolate"],"relics":["Burning Blood","NeowsBlessing","Bottled Tornado","Smiling Mask","Odd Mushroom","Philosopher\u0027s Stone"],"potions_floor_usage":[7,13,13],"damage_taken":[{"damage":0,"enemies":"Small Slimes","floor":1,"turns":1},{"damage":0,"enemies":"Cultist","floor":4,"turns":1},{"damage":0,"enemies":"Jaw Worm","floor":5,"turns":1},{"damage":10,"enemies":"Large Slime","floor":6,"turns":7},{"damage":14,"enemies":"Lagavulin","floor":7,"turns":7},{"damage":2,"enemies":"3 Louse","floor":8,"turns":4},{"damage":7,"enemies":"Exordium Wildlife","floor":10,"turns":5},{"damage":9,"enemies":"Large Slime","floor":11,"turns":6},{"damage":6,"enemies":"Looter","floor":12,"turns":2},{"damage":6,"enemies":"The Mushroom Lair","floor":13,"turns":4},{"damage":13,"enemies":"2 Fungi Beasts","floor":14,"turns":4},{"damage":32,"enemies":"Hexaghost","floor":16,"turns":9}],"seed_played":"-8419848521405034454","potions_obtained":[{"floor":1,"key":"Dexterity Potion"},{"floor":6,"key":"Block Potion"},{"floor":10,"key":"AttackPotion"},{"floor":13,"key":"PowerPotion"},{"floor":14,"key":"BloodPotion"},{"floor":16,"key":"SpeedPotion"}],"is_trial":false,"path_per_floor":["M","$","?","M","M","M","E","M","T","M","M","M","?","M","R","B",null],"character_chosen":"IRONCLAD","items_purchased":["Inflame"],"campfire_rested":0,"item_purchase_floors":[2],"current_hp_per_floor":[80,80,80,80,80,76,68,72,72,71,68,68,68,61,61,35,80],"gold":357,"neow_bonus":"THREE_ENEMY_KILL","is_prod":false,"is_daily":false,"chose_seed":false,"campfire_upgraded":1,"win_rate":0,"timestamp":1552538566,"path_taken":["M","$","?","?","M","M","E","M","T","?","?","?","?","M","R","BOSS"],"build_version":"2019-01-23","purchased_purges":0,"victory":false,"max_hp_per_floor":[80,80,80,80,80,80,80,80,80,80,80,80,80,80,80,80,80],"card_choices":[{"not_picked":["Intimidate","Body Slam"],"picked":"Anger","floor":1},{"not_picked":["Clothesline","True Grit"],"picked":"Inflame","floor":4},{"not_picked":["Sentinel","Blood for Blood"],"picked":"Shockwave","floor":5},{"not_picked":["Clash","Twin Strike"],"picked":"Shrug It Off","floor":6},{"not_picked":["Clothesline","Second Wind"],"picked":"Juggernaut","floor":7},{"not_picked":["Cleave","Iron Wave"],"picked":"Anger","floor":8},{"not_picked":["Inflame","Clothesline"],"picked":"Shrug It Off","floor":10},{"not_picked":["Perfected Strike","Pummel"],"picked":"Offering","floor":11},{"not_picked":["Perfected Strike","Pommel Strike"],"picked":"Heavy Blade","floor":12},{"not_picked":["Heavy Blade","Infernal Blade"],"picked":"Metallicize","floor":13},{"not_picked":["Havoc","Hemokinesis"],"picked":"Burning Pact","floor":14},{"not_picked":["Impervious","Bludgeon"],"picked":"Immolate","floor":16}],"player_experience":377771,"relics_obtained":[{"floor":7,"key":"Bottled Tornado"},{"floor":9,"key":"Smiling Mask"},{"floor":13,"key":"Odd Mushroom"}],"event_choices":[{"damage_healed":0,"gold_gain":0,"player_choice":"Forge","damage_taken":0,"max_hp_gain":0,"max_hp_loss":0,"event_name":"Accursed Blacksmith","floor":3,"gold_loss":0,"cards_upgraded":["Bash"]},{"damage_healed":0,"gold_gain":0,"player_choice":"Fought Mushrooms","damage_taken":0,"max_hp_gain":0,"max_hp_loss":0,"event_name":"Mushrooms","floor":13,"gold_loss":0}],"is_beta":false,"boss_relics":[{"not_picked":["Runic Dome","Busted Crown"],"picked":"Philosopher\u0027s Stone"}],"items_purged_floors":[],"is_endless":false,"potions_floor_spawned":[1,6,10,13,14,16],"ascension_level":0}