{"gold_per_floor":[116,126,137,137,137,137,157,157,157,157,185,185,216,68,68,166,166,183,193,25,25,25,25,25],"floor_reached":24,"playtime":609,"items_purged":["Strike_R","Strike_R"],"score":293,"play_id":"528ba7fb-8e19-4c6a-9c22-a6ac3f14482b","local_time":"20181023205002","is_ascension_mode":true,"campfire_choices":[{"data":"Shrug It Off","floor":6,"key":"SMITH"},{"data":"Entrench","floor":8,"key":"SMITH"},{"floor":15,"key":"REST"},{"data":"True Grit","floor":23,"key":"SMITH"}],"neow_cost":"NONE","seed_source_timestamp":333688466312022,"circlet_count":0,"master_deck":["Strike_R","Strike_R","Strike_R","Defend_R","Defend_R","Defend_R","Defend_R","Bash+1","Inflame+1","Shrug It Off+1","Shrug It Off+1","Headbutt","Entrench+1","True Grit+1","Twin Strike","Feed","Feed","Sword Boomerang","Twin Strike+1","Inflame"],"relics":["Black Blood","Paper Frog","Bird Faced Urn","Nloth\u0027s Gift"],"potions_floor_usage":[13,16],"damage_taken":[{"damage":3,"enemies":"Jaw Worm","floor":1,"turns":4},{"damage":1,"enemies":"Cultist","floor":2,"turns":3},{"damage":5,"enemies":"2 Louse","floor":3,"turns":3},{"damage":16,"enemies":"Blue Slaver","floor":7,"turns":3},{"damage":40,"enemies":"Lagavulin","floor":11,"turns":8},{"damage":16,"enemies":"Gremlin Nob","floor":13,"turns":4},{"damage":20,"enemies":"The Guardian","floor":16,"turns":15},{"damage":6,"enemies":"Spheric Guardian","floor":18,"turns":4},{"damage":9,"enemies":"Shell Parasite","floor":19,"turns":7},{"damage":87,"enemies":"Book of Stabbing","floor":24,"turns":6}],"seed_played":"1928211804739346267","potions_obtained":[{"floor":1,"key":"LiquidBronze"},{"floor":13,"key":"Energy Potion"}],"is_trial":false,"path_per_floor":["M","M","M","?","?","R","M","R","T","?","E","?","E","$","R","B",null,"M","M","$","?","?","R"],"character_chosen":"IRONCLAD","items_purchased":["Feed","Inflame"],"campfire_rested":1,"item_purchase_floors":[14,20],"current_hp_per_floor":[75,80,80,80,64,64,54,54,54,54,20,20,10,10,34,22,66,75,81,81,81,81,81,0],"gold":25,"neow_bonus":"UPGRADE_CARD","is_prod":false,"is_daily":false,"chose_seed":false,"campfire_upgraded":3,"win_rate":0,"timestamp":1540342202,"path_taken":["M","M","M","?","?","R","M","R","T","?","E","?","E","$","R","BOSS","M","M","$","?","?","R","E"],"build_version":"2018-10-22","purchased_purges":2,"victory":false,"max_hp_per_floor":[80,80,80,80,80,80,80,80,80,80,80,80,80,80,80,80,80,83,86,86,86,86,86,86],"card_choices":[{"not_picked":["Clash","Shrug It Off"],"picked":"Inflame","floor":1},{"not_picked":["Headbutt","Sword Boomerang"],"picked":"Shrug It Off","floor":2},{"not_picked":["Metallicize","Burning Pact"],"picked":"Shrug It Off","floor":3},{"not_picked":["Flex","Wild Strike"],"picked":"Entrench","floor":7},{"not_picked":["Armaments","Fire Breathing"],"picked":"True Grit","floor":11},{"not_picked":["Pommel Strike","Burning Pact"],"picked":"Twin Strike","floor":13},{"not_picked":["Immolate","Berserk"],"picked":"Feed","floor":16},{"not_picked":["True Grit","Thunderclap"],"picked":"Sword Boomerang","floor":18},{"not_picked":["Blood for Blood","Havoc+1"],"picked":"Twin Strike+1","floor":19}],"player_experience":943480,"relics_obtained":[{"floor":9,"key":"Dodecahedron"},{"floor":11,"key":"Paper Frog"},{"floor":13,"key":"Bird Faced Urn"}],"event_choices":[{"damage_healed":0,"gold_gain":0,"player_choice":"1 cards matched","damage_taken":0,"max_hp_gain":0,"max_hp_loss":0,"event_name":"Match and Keep!","floor":4,"gold_loss":0,"cards_obtained":["Headbutt"]},{"damage_healed":0,"gold_gain":0,"player_choice":"Entered Light","damage_taken":16,"max_hp_gain":0,"max_hp_loss":0,"event_name":"Shining Light","floor":5,"gold_loss":0,"cards_upgraded":["Shrug It Off","Inflame"]},{"damage_healed":0,"gold_gain":0,"player_choice":"Fled","damage_taken":0,"max_hp_gain":0,"max_hp_loss":0,"event_name":"Scrap Ooze","floor":10,"gold_loss":0},{"damage_healed":0,"gold_gain":0,"player_choice":"Ignored","damage_taken":0,"max_hp_gain":0,"max_hp_loss":0,"event_name":"Golden Idol","floor":12,"gold_loss":0},{"damage_healed":0,"gold_gain":0,"player_choice":"Ignored","damage_taken":0,"max_hp_gain":0,"max_hp_loss":0,"event_name":"WeMeetAgain","floor":21,"gold_loss":0},{"damage_healed":0,"gold_gain":0,"player_choice":"Traded Relic","damage_taken":0,"relics_obtained":["Nloth\u0027s Gift"],"max_hp_gain":0,"max_hp_loss":0,"event_name":"N\u0027loth","floor":22,"relics_lost":["Dodecahedron"],"gold_loss":0}],"is_beta":true,"boss_relics":[{"not_picked":["Lizard Tail","Busted Crown"],"picked":"Black Blood"}],"items_purged_floors":[14,20],"is_endless":false,"potions_floor_spawned":[1,13],"killed_by":"Book of Stabbing","ascension_level":9}