{"gold_per_floor":[115,115,115,115,126,156,42,56,106,106],"floor_reached":10,"playtime":750,"items_purged":["Defend_P"],"score":132,"play_id":"d6aee365-724a-4a9f-8c83-2e583790f2df","local_time":"20190913211030","is_ascension_mode":true,"campfire_choices":[],"neow_cost":"NONE","seed_source_timestamp":236251665032265,"circlet_count":0,"master_deck":["AscendersBane","Strike_P","Strike_P","Strike_P","Strike_P","Defend_P","Eruption+1","Vigilance","JustLucky","FollowUp","CrushJoints","MentalFortress","Adaptation","Crescendo"],"relics":["PureWater","Boot","Regal Pillow","Orichalcum"],"potions_floor_usage":[10],"damage_taken":[{"damage":0,"enemies":"Small Slimes","floor":1,"turns":2},{"damage":0,"enemies":"Cultist","floor":5,"turns":2},{"damage":25,"enemies":"3 Sentries","floor":6,"turns":6},{"damage":0,"enemies":"2 Louse","floor":8,"turns":1},{"damage":24,"enemies":"Exordium Thugs","floor":10,"turns":3}],"seed_played":"9122836672596278111","potions_obtained":[{"floor":6,"key":"Ancient Potion"},{"floor":8,"key":"Weak Potion"}],"is_trial":false,"path_per_floor":["M","?","?","?","M","E","$","M","T","M"],"character_chosen":"WATCHER","items_purchased":["Adaptation"],"campfire_rested":0,"item_purchase_floors":[7],"current_hp_per_floor":[55,48,43,43,43,18,18,18,18,0],"gold":106,"neow_bonus":"TRANSFORM_CARD","is_prod":false,"is_daily":false,"chose_seed":false,"campfire_upgraded":0,"win_rate":0,"timestamp":1568434230,"path_taken":["M","?","?","?","?","E","?","M","T","M"],"build_version":"2019-09-12","purchased_purges":1,"victory":false,"max_hp_per_floor":[61,61,61,61,61,61,61,61,61,61],"card_choices":[{"not_picked":["Prostrate","FlyingSleeves"],"picked":"FollowUp","floor":1},{"not_picked":["FollowUp","ForeignInfluence"],"picked":"CrushJoints","floor":5},{"not_picked":["FlyingSleeves","CleanseEvil"],"picked":"MentalFortress","floor":6},{"not_picked":["Establishment","JustLucky"],"picked":"Crescendo","floor":8}],"player_experience":1046518,"relics_obtained":[{"floor":6,"key":"Regal Pillow"},{"floor":9,"key":"Orichalcum"}],"event_choices":[{"cards_removed":["Defend_P"],"damage_healed":0,"gold_gain":0,"player_choice":"Card Removal","damage_taken":7,"max_hp_gain":0,"max_hp_loss":0,"event_name":"Golden Wing","floor":2,"gold_loss":0},{"damage_healed":0,"gold_gain":0,"player_choice":"Success","damage_taken":5,"relics_obtained":["Boot"],"max_hp_gain":0,"max_hp_loss":0,"event_name":"Scrap Ooze","floor":3,"gold_loss":0},{"damage_healed":0,"gold_gain":0,"player_choice":"Upgraded","damage_taken":0,"max_hp_gain":0,"max_hp_loss":0,"event_name":"Upgrade Shrine","floor":4,"gold_loss":0,"cards_upgraded":["Eruption"]}],"is_beta":true,"boss_relics":[],"items_purged_floors":[7],"is_endless":false,"potions_floor_spawned":[6,8],"killed_by":"Exordium Thugs","ascension_level":20}