{"path_per_floor":["M","?","$","?","M","R","E","?","T","M","R","$","R","M","R","B",null,"M","M","$","?","M","R","E"],"character_chosen":"THE_SILENT","items_purchased":["Noxious Fumes"],"gold_per_floor":[109,109,36,36,46,46,81,81,108,124,124,49,49,67,67,162,162,173,189,189,189,204,204,233],"floor_reached":25,"campfire_rested":1,"playtime":865,"current_hp_per_floor":[70,70,70,70,70,70,70,70,70,70,70,70,70,70,70,49,70,29,35,35,28,2,23,11],"items_purged":["Strike_G"],"gold":233,"score":268,"play_id":"6d84edc2-7411-4bbc-a521-2215e6800e8c","local_time":"20180316032132","is_prod":false,"is_daily":false,"is_ascension_mode":true,"campfire_upgraded":4,"timestamp":1521184892,"path_taken":["M","?","$","?","M","R","E","?","T","M","R","$","R","?","R","BOSS","M","M","$","?","M","R","E","M"],"build_version":"2018-03-15","purchased_purges":1,"victory":false,"master_deck":["Defend_G","Defend_G","Defend_G","Defend_G","Defend_G","Strike_G","Strike_G","Strike_G","Survivor","Neutralize+1","Malaise","Bouncing Flask","Noxious Fumes+1","Caltrops+1","Quick Slash+1","Die Die Die","Bane","Sucker Punch","Backflip"],"max_hp_per_floor":[70,70,70,70,70,70,70,70,70,70,70,70,70,70,70,70,70,70,70,70,70,70,70,70],"relics":["Ring of the Snake","NeowsBlessing","Oddly Smooth Stone","Lantern","Lizard Tail","Blue Candle"],"card_choices":[{"not_picked":["Poisoned Stab","Deflect"],"picked":"Malaise"},{"not_picked":["Calculated Gamble","Backflip"],"picked":"Caltrops"},{"not_picked":["Malaise","Deadly Poison"],"picked":"Quick Slash"},{"not_picked":["Tools of the Trade","Night Terror"],"picked":"Die Die Die"},{"not_picked":["Eviscerate","Backflip"],"picked":"Bane"},{"not_picked":["Malaise","Flying Knee"],"picked":"Sucker Punch"},{"not_picked":["Quick Slash","Wraith Form"],"picked":"Backflip"}],"player_experience":189832,"potions_floor_usage":[24],"damage_taken":[{"damage":0,"enemies":"Small Slimes","floor":1,"turns":1},{"damage":0,"enemies":"2 Louse","floor":5,"turns":1},{"damage":0,"enemies":"Gremlin Nob","floor":7,"turns":1},{"damage":0,"enemies":"Cultist","floor":10,"turns":4},{"damage":0,"enemies":"Blue Slaver","floor":14,"turns":4},{"damage":21,"enemies":"Hexaghost","floor":16,"turns":8},{"damage":41,"enemies":"3 Byrds","floor":18,"turns":4},{"damage":29,"enemies":"Spheric Guardian","floor":19,"turns":4},{"damage":26,"enemies":"Centurion and Healer","floor":22,"turns":7},{"damage":12,"enemies":"Book of Stabbing","floor":24,"turns":5},{"damage":16,"enemies":"Snecko","floor":25,"turns":5}],"event_choices":[{"event_name":"Living Wall","player_choice":"Change","floor":2,"damage_taken":0},{"event_name":"The Cleric","player_choice":"Leave","floor":4,"damage_taken":0},{"event_name":"Accursed Blacksmith","player_choice":"Ignore","floor":8,"damage_taken":0},{"event_name":"Wheel of Change","player_choice":"Damage","floor":21,"damage_taken":0}],"boss_relics":[{"not_picked":["Snecko Eye","Runic Dome"],"picked":"Lizard Tail"}],"potions_floor_spawned":[7,14,16,22,24],"seed_played":"7196488467988837433","killed_by":"Snecko","ascension_level":2,"is_trial":false}