{"path_per_floor":["M","M","?","M","?","E","M","$","T","E","M","M","$","?","R","B",null,"M","M","M","?","?"],"character_chosen":"THE_SILENT","items_purchased":["Footwork","Bane","Regen Potion","Accuracy"],"gold_per_floor":[116,134,134,153,153,181,194,34,114,141,158,168,50,50,50,151,151,166,176,196,196,121,121],"floor_reached":23,"campfire_rested":1,"playtime":1089,"current_hp_per_floor":[70,70,70,68,68,44,26,26,26,2,2,2,2,19,40,31,70,55,39,5,5,5,0],"items_purged":["Strike_G"],"gold":121,"score":233,"play_id":"3759c312-f9e2-48e0-806b-a2c277528819","local_time":"20180323031604","is_prod":false,"is_daily":false,"is_ascension_mode":true,"campfire_upgraded":0,"timestamp":1521789364,"path_taken":["M","M","?","M","?","E","M","?","T","E","M","?","$","?","R","BOSS","M","?","M","?","?","M"],"build_version":"2018-03-22","purchased_purges":1,"victory":false,"master_deck":["Defend_G","Defend_G","Defend_G","Defend_G","Defend_G","Strike_G","Strike_G","Strike_G","Survivor","Neutralize","Sucker Punch","Envenom","Backflip","Panacea","Neutralize","Blade Dance","Footwork","Bane","Dodge and Roll","Cloak And Dagger","Catalyst","Accuracy+1","Parasite","Envenom+1","Dodge and Roll","Backstab"],"max_hp_per_floor":[70,70,70,70,70,70,70,70,70,70,70,70,70,70,70,70,70,70,70,70,70,70,70],"relics":["Black Star","Tough Bandages","Blue Candle","Letter Opener","Paper Crane","Frozen Egg 2","Cursed Key"],"card_choices":[{"not_picked":["Underhanded Strike","Eviscerate"],"picked":"Sucker Punch","floor":1},{"not_picked":["PiercingWail","Sucker Punch"],"picked":"Envenom","floor":2},{"not_picked":["Noxious Fumes","PiercingWail"],"picked":"Backflip","floor":4},{"not_picked":["Deflect","Dash"],"picked":"Blade Dance","floor":7},{"not_picked":["Noxious Fumes","Outmaneuver"],"picked":"Dodge and Roll","floor":10},{"not_picked":["Noxious Fumes","Poisoned Stab"],"picked":"Cloak And Dagger","floor":11},{"not_picked":["Poisoned Stab","Dagger Spray"],"picked":"Catalyst","floor":12},{"not_picked":["Night Terror","Die Die Die"],"picked":"Envenom","floor":16},{"not_picked":["Dagger Throw","Sucker Punch"],"picked":"Dodge and Roll","floor":19},{"not_picked":["Deadly Poison","Cloak And Dagger"],"picked":"Backstab","floor":20}],"player_experience":255742,"potions_floor_usage":[11,16,16,23],"damage_taken":[{"damage":0,"enemies":"2 Louse","floor":1,"turns":3},{"damage":0,"enemies":"Jaw Worm","floor":2,"turns":5},{"damage":2,"enemies":"Cultist","floor":4,"turns":4},{"damage":24,"enemies":"Lagavulin","floor":6,"turns":9},{"damage":18,"enemies":"Large Slime","floor":7,"turns":8},{"damage":24,"enemies":"3 Sentries","floor":10,"turns":8},{"damage":0,"enemies":"Exordium Wildlife","floor":11,"turns":5},{"damage":0,"enemies":"Looter","floor":12,"turns":4},{"damage":24,"enemies":"Slime Boss","floor":16,"turns":16},{"damage":15,"enemies":"Shell Parasite","floor":18,"turns":8},{"damage":16,"enemies":"Spheric Guardian","floor":19,"turns":6},{"damage":34,"enemies":"Snake Plant","floor":20,"turns":6},{"damage":10,"enemies":"Chosen and Byrds","floor":23,"turns":4}],"event_choices":[{"event_name":"Liars Game","player_choice":"disagreed","floor":3,"damage_taken":0},{"event_name":"Match and Keep!","player_choice":"2 cards matched","floor":5,"damage_taken":0},{"event_name":"Mushrooms","player_choice":"Healed and dodged fight","floor":14,"damage_taken":0},{"event_name":"Cursed Tome","player_choice":"Ignored","floor":21,"damage_taken":0},{"event_name":"Beggar","player_choice":"Gave Gold","floor":22,"damage_taken":0}],"boss_relics":[{"not_picked":["Ectoplasm","Orrery"],"picked":"Cursed Key"}],"potions_floor_spawned":[2,6,11,16,19,20],"seed_played":"7986482983221396439","killed_by":"Chosen and Byrds","ascension_level":3,"is_trial":false}