{"path_per_floor":["M","?","$","M","?","E","R","E","T","M","M","$","E","?","R","B",null,"M","M","$","?","M","R"],"character_chosen":"IRONCLAD","items_purchased":["Medical Kit","Pummel"],"gold_per_floor":[113,113,38,51,126,154,154,188,215,230,244,41,69,169,169,272,272,290,302,167,82,97,97],"floor_reached":24,"campfire_rested":3,"playtime":978,"current_hp_per_floor":[66,66,66,71,60,41,62,49,49,50,43,43,34,34,57,23,79,36,19,19,19,9,32],"items_purged":["Defend_R","Rupture"],"gold":97,"score":257,"play_id":"7fe9ab5e-bb1e-4705-8356-75747bf53497","local_time":"20180321010139","is_prod":false,"is_daily":false,"is_ascension_mode":true,"campfire_upgraded":0,"timestamp":1521608499,"path_taken":["M","?","?","M","?","E","R","E","T","M","M","?","E","?","R","BOSS","M","M","$","?","M","R","E"],"build_version":"2018-03-15v3","purchased_purges":2,"victory":false,"master_deck":["Bash","Demon Form+1","Sword Boomerang","Metallicize","Cleave","Flex","Feed","Sentinel","Thunderclap","Headbutt","Havoc","Warcry","Havoc","Armaments","Battle Trance+1","Infernal Blade+1","Pummel"],"max_hp_per_floor":[72,72,72,72,72,72,72,79,79,79,79,79,79,79,79,79,79,79,79,79,79,79,79],"relics":["Burning Blood","Sundial","Strawberry","Blood Vial","Medical Kit","Omamori","Pandora\u0027s Box","Dead Branch"],"card_choices":[{"not_picked":["Fiend Fire","Reaper"],"picked":"Demon Form"},{"not_picked":["Blood for Blood","Hemokinesis"],"picked":"Sword Boomerang"},{"not_picked":["Warcry","Spot Weakness"],"picked":"Metallicize"},{"not_picked":["Shrug It Off","Dropkick"],"picked":"Cleave"},{"not_picked":["Carnage","Warcry"],"picked":"Flex"},{"not_picked":["Demon Form","Brutality"],"picked":"Feed"},{"not_picked":["Carnage","Body Slam"],"picked":"Battle Trance"},{"not_picked":["Warcry","Pommel Strike"],"picked":"Infernal Blade"}],"player_experience":226009,"potions_floor_usage":[16,22,22,22,24],"damage_taken":[{"damage":12,"enemies":"Jaw Worm","floor":1,"turns":3},{"damage":1,"enemies":"Cultist","floor":4,"turns":3},{"damage":25,"enemies":"3 Sentries","floor":6,"turns":6},{"damage":26,"enemies":"Gremlin Nob","floor":8,"turns":4},{"damage":7,"enemies":"Small Slimes","floor":10,"turns":3},{"damage":15,"enemies":"3 Louse","floor":11,"turns":4},{"damage":17,"enemies":"Lagavulin","floor":13,"turns":5},{"damage":42,"enemies":"Hexaghost","floor":16,"turns":6},{"damage":49,"enemies":"3 Byrds","floor":18,"turns":5},{"damage":25,"enemies":"Chosen","floor":19,"turns":4},{"damage":21,"enemies":"Centurion and Healer","floor":22,"turns":5},{"damage":37,"enemies":"Book of Stabbing","floor":24,"turns":3}],"event_choices":[{"event_name":"Upgrade Shrine","player_choice":"Upgraded","floor":2,"damage_taken":0},{"event_name":"World of Goop","player_choice":"Gather Gold","floor":5,"damage_taken":0},{"event_name":"Golden Shrine","player_choice":"Pray","floor":14,"damage_taken":0},{"event_name":"Addict","player_choice":"Obtained Relic","floor":21,"damage_taken":0}],"boss_relics":[{"not_picked":["Orrery","Eternal Feather"],"picked":"Pandora\u0027s Box"}],"potions_floor_spawned":[1,6,13,16,19,22],"seed_played":"3476056968837132376","killed_by":"Book of Stabbing","ascension_level":4,"is_trial":false}