{"gold_per_floor":[119,131,206,356,23,23,49,49,49,49,61,94,94,107,107,184,184,204,16,26,46,46],"floor_reached":22,"playtime":2853,"items_purged":["Doubt","Pain"],"score":488,"play_id":"abf4d5d2-4a25-4dc9-b521-06fad833ad10","local_time":"20190914105255","is_ascension_mode":true,"campfire_choices":[{"data":"Consecrate","floor":6.0,"key":"SMITH"},{"data":"Devotion","floor":10.0,"key":"SMITH"},{"data":"Eruption","floor":15.0,"key":"SMITH"}],"neow_cost":"TEN_PERCENT_HP_LOSS","seed_source_timestamp":0,"circlet_count":0,"master_deck":["AscendersBane","Strike_P+1","Strike_P","Strike_P+1","Strike_P","Defend_P","Defend_P","Eruption+1","Vigilance","Consecrate+1","Crescendo","MentalFortress+1","Devotion+1","EmptyBody","Establishment","LessonLearned","JustLucky","Devotion","Swivel+1","ClearTheMind"],"special_seed":0,"relics":["PureWater","Happy Flower","Lantern","WarpedTongs","Thread and Needle","Boot","Black Star"],"potions_floor_usage":[22],"damage_taken":[{"damage":0.0,"enemies":"Jaw Worm","floor":1.0,"turns":3.0},{"damage":1.0,"enemies":"Small Slimes","floor":2.0,"turns":4.0},{"damage":16.0,"enemies":"Gremlin Nob","floor":7.0,"turns":3.0},{"damage":2.0,"enemies":"Cultist","floor":11.0,"turns":3.0},{"damage":8.0,"enemies":"3 Sentries","floor":12.0,"turns":5.0},{"damage":2.0,"enemies":"3 Louse","floor":14.0,"turns":1.0},{"damage":6.0,"enemies":"Slime Boss","floor":16.0,"turns":5.0},{"damage":9.0,"enemies":"3 Byrds","floor":18.0,"turns":5.0},{"damage":0.0,"enemies":"Spheric Guardian","floor":20.0,"turns":3.0},{"damage":6.0,"enemies":"Centurion and Healer","floor":21.0,"turns":5.0},{"damage":48,"enemies":"Cultist and Chosen","floor":22,"turns":7}],"seed_played":"77394391629420382","potions_obtained":[{"floor":2.0,"key":"Swift Potion"},{"floor":7.0,"key":"Block Potion"},{"floor":12.0,"key":"PowerPotion"},{"floor":16.0,"key":"SpeedPotion"},{"floor":18.0,"key":"Dexterity Potion"},{"floor":20.0,"key":"Swift Potion"}],"is_trial":false,"path_per_floor":["M","M","?","?","$","R","E","?","T","R","M","E","$","M","R","B",null,"M","$","M","M","M"],"character_chosen":"WATCHER","items_purchased":["Happy Flower","MentalFortress","Devotion"],"campfire_rested":0,"item_purchase_floors":[5,5,19],"current_hp_per_floor":[55,54,43,43,43,43,27,27,27,27,25,17,17,15,15,9,44,35,35,35,29,0],"gold":46,"neow_bonus":"REMOVE_TWO","is_prod":false,"is_daily":false,"chose_seed":false,"campfire_upgraded":3,"win_rate":0,"timestamp":1568483575,"path_taken":["M","M","?","?","$","R","E","?","T","R","M","E","$","M","R","BOSS","M","$","?","M","M"],"build_version":"2019-09-12","purchased_purges":2,"victory":false,"max_hp_per_floor":[55,55,55,55,55,55,55,55,55,55,55,55,55,55,55,55,55,55,55,55,55,55],"card_choices":[{"not_picked":["Prostrate","CleanseEvil"],"picked":"Consecrate","floor":1.0},{"not_picked":["Weave","FollowUp"],"picked":"Crescendo","floor":2.0},{"not_picked":["SandsOfTime","Worship"],"picked":"Devotion","floor":7.0},{"not_picked":["ClearTheMind","StepAndStrike"],"picked":"EmptyBody","floor":11.0},{"not_picked":["Unraveling","Prostrate"],"picked":"Establishment","floor":12.0},{"not_picked":["Halt","Establishment","EmptyBody"],"picked":"SKIP","floor":14.0},{"not_picked":["Nirvana","Wish"],"picked":"LessonLearned","floor":16.0},{"not_picked":["Sanctity","Halt"],"picked":"JustLucky","floor":18.0},{"not_picked":["FollowUp","Halt"],"picked":"Swivel+1","floor":20.0},{"not_picked":["EmptyMind","MentalFortress"],"picked":"ClearTheMind","floor":21.0}],"player_experience":1054276,"relics_obtained":[{"floor":7.0,"key":"Lantern"},{"floor":9.0,"key":"Thread and Needle"},{"floor":12.0,"key":"Boot"}],"event_choices":[{"damage_healed":0.0,"max_hp_gain":0.0,"max_hp_loss":0.0,"gold_gain":75.0,"event_name":"World of Goop","player_choice":"Gather Gold","floor":3.0,"gold_loss":0.0,"damage_taken":11.0},{"damage_healed":0.0,"max_hp_gain":0.0,"max_hp_loss":0.0,"gold_gain":150.0,"event_name":"Liars Game","player_choice":"AGREE","floor":4.0,"gold_loss":0.0,"damage_taken":0.0,"cards_obtained":["Doubt"]},{"damage_healed":0.0,"max_hp_gain":0.0,"max_hp_loss":0.0,"gold_gain":0.0,"event_name":"Accursed Blacksmith","player_choice":"Rummage","floor":8.0,"gold_loss":0.0,"damage_taken":0.0,"relics_obtained":["WarpedTongs"],"cards_obtained":["Pain"]}],"is_beta":true,"boss_relics":[{"not_picked":["SlaversCollar","Cursed Key"],"picked":"Black Star"}],"items_purged_floors":[5,19],"is_endless":false,"potions_floor_spawned":[2,7,12,16,18,20],"killed_by":"Cultist and Chosen","ascension_level":20}