{"path_per_floor":["M","?","?","$","?","E","R","E","T","$","E","$","M","?","R","B",null,"M","?","?","M","M","R","M","R","T","M","R","$","M","M","R"],"character_chosen":"THE_SILENT","items_purchased":["Footwork","Apotheosis","Blur","Footwork","Mummified Hand"],"gold_per_floor":[112,187,187,150,150,191,191,235,286,101,142,107,123,123,123,253,253,238,238,238,254,270,270,295,295,295,318,318,28,42,55,55],"floor_reached":33,"campfire_rested":3,"playtime":1409,"current_hp_per_floor":[68,57,50,50,50,47,47,31,31,31,17,17,17,17,37,37,73,69,69,69,69,71,71,70,70,70,14,38,38,18,17,41],"items_purged":[],"gold":55,"score":344,"play_id":"2009a8ad-985e-4f94-8238-70d1672a5e11","local_time":"20180321023813","is_prod":false,"is_daily":false,"is_ascension_mode":true,"campfire_upgraded":3,"timestamp":1521614293,"path_taken":["M","?","?","$","?","E","R","E","T","$","E","$","M","?","R","BOSS","M","?","?","M","M","R","M","R","T","M","R","$","M","M","R","BOSS"],"build_version":"2018-03-15v3","purchased_purges":1,"victory":false,"master_deck":["Survivor","Neutralize","Deflect","Sucker Punch","Cloak And Dagger","PiercingWail","Flying Knee","Dagger Spray","Terror+1","Bane","Footwork","Heel Hook","Adrenaline+1","Apotheosis+1","Blur","Dash","Bullet Time+1","Dodge and Roll","Sucker Punch","Backstab+1","Footwork","Footwork","Backstab"],"max_hp_per_floor":[70,70,70,70,65,65,65,65,65,65,67,67,67,67,67,67,73,75,75,75,75,77,77,79,79,79,81,81,81,81,81,81],"relics":["Pandora\u0027s Box","Golden Idol","Dodecahedron","Vajra","Singing Bowl","Lantern","Orrery","Frozen Eye","Mummified Hand"],"card_choices":[{"not_picked":["Leg Sweep","Setup"],"picked":"Heel Hook"},{"not_picked":["Storm of Steel","Predator"],"picked":"Adrenaline"},{"not_picked":["Underhanded Strike","Deadly Poison"],"picked":"Dash"},{"not_picked":["Tactician","Wraith Form"],"picked":"Bullet Time"},{"not_picked":["PiercingWail","Accuracy"],"picked":"Dodge and Roll"},{"not_picked":["Underhanded Strike","Infinite Blades"],"picked":"Sucker Punch"},{"not_picked":["Bane","Storm of Steel"],"picked":"Backstab"},{"not_picked":["Deflect","Malaise"],"picked":"Footwork"},{"not_picked":["Deflect","Prepared"],"picked":"Backstab"}],"player_experience":228436,"potions_floor_usage":[31,33],"damage_taken":[{"damage":2,"enemies":"2 Louse","floor":1,"turns":2},{"damage":3,"enemies":"Lagavulin","floor":6,"turns":5},{"damage":16,"enemies":"Gremlin Nob","floor":8,"turns":4},{"damage":16,"enemies":"3 Sentries","floor":11,"turns":5},{"damage":0,"enemies":"Jaw Worm","floor":13,"turns":2},{"damage":0,"enemies":"Hexaghost","floor":16,"turns":6},{"damage":6,"enemies":"2 Thieves","floor":18,"turns":4},{"damage":0,"enemies":"Chosen","floor":21,"turns":5},{"damage":0,"enemies":"Centurion and Healer","floor":22,"turns":5},{"damage":3,"enemies":"Cultist and Chosen","floor":24,"turns":6},{"damage":58,"enemies":"Chosen and Byrds","floor":27,"turns":6},{"damage":20,"enemies":"Snake Plant","floor":30,"turns":3},{"damage":10,"enemies":"Centurion and Healer","floor":31,"turns":4},{"damage":48,"enemies":"Champ","floor":33,"turns":9}],"event_choices":[{"event_name":"World of Goop","player_choice":"Gather Gold","floor":2,"damage_taken":0},{"event_name":"Golden Wing","player_choice":"Card Removal","floor":3,"damage_taken":0},{"event_name":"Golden Idol","player_choice":"Lose Max HP","floor":5,"damage_taken":0},{"event_name":"Upgrade Shrine","player_choice":"Upgraded","floor":14,"damage_taken":0},{"event_name":"Purifier","player_choice":"One Purge","floor":19,"damage_taken":0},{"event_name":"The Woman in Blue","player_choice":"Bought 0 Potions","floor":20,"damage_taken":0}],"boss_relics":[{"not_picked":["Eternal Feather","White Beast Statue"],"picked":"Orrery"}],"potions_floor_spawned":[16,21,27,30,31],"seed_played":"6371493059702814745","killed_by":"Champ","ascension_level":2,"is_trial":false}