{"gold_per_floor":[11,11,21,21,21,50,50,78,78,11,41,41,58,88,88,193,193,210,220,180,199,209,209,240,240,240,271,283,11,38,48,48,152,152,172,172,172,4,23,54,54,54,54,54,85,99,127,141,141,141,141,141,17,43,43],"floor_reached":56,"playtime":7382,"items_purged":["Pain","Strike_G","Strike_G"],"score":2004,"play_id":"92f86ea7-5595-4ab1-bf15-df9733d7016a","local_time":"20190831165641","is_ascension_mode":true,"campfire_choices":[{"floor":7.0,"key":"REST"},{"data":"Noxious Fumes","floor":15.0,"key":"SMITH"},{"floor":23.0,"key":"REST"},{"data":"Malaise","floor":25.0,"key":"SMITH"},{"data":"Storm of Steel","floor":32.0,"key":"SMITH"},{"data":"1","floor":44.0,"key":"LIFT"},{"floor":49.0,"key":"RECALL"},{"data":"After Image","floor":52.0,"key":"SMITH"}],"neow_cost":"NO_GOLD","seed_source_timestamp":0,"circlet_count":0,"master_deck":["AscendersBane","Strike_G+1","Strike_G","Strike_G","Defend_G","Defend_G","Defend_G","Defend_G","Survivor","Neutralize+1","Dash+1","Endless Agony","Dagger Throw","Noxious Fumes+1","Infinite Blades","Accuracy","Storm of Steel+1","Infinite Blades","Deflect","Malaise+1","Blur","Dodge and Roll","Crippling Poison","Footwork","Dodge and Roll","Cloak And Dagger","Dash+1","After Image+1","Backflip","Well Laid Plans","Concentrate+1","Writhe","Backflip+1","PiercingWail"],"special_seed":0,"relics":["Ring of the Snake","Dead Branch","WarpedTongs","Shuriken","Bag of Preparation","Girya","Tingsha","Potion Belt","Eternal Feather","Lantern","Question Card","Ginger","Ancient Tea Set","Gremlin Horn","WristBlade","Dodecahedron","Smiling Mask","Whetstone","Nunchaku","Boot"],"potions_floor_usage":[55,55],"damage_taken":[{"damage":8.0,"enemies":"Jaw Worm","floor":1.0,"turns":6.0},{"damage":0.0,"enemies":"Cultist","floor":3.0,"turns":5.0},{"damage":17.0,"enemies":"3 Sentries","floor":6.0,"turns":8.0},{"damage":4.0,"enemies":"Gremlin Nob","floor":8.0,"turns":3.0},{"damage":17.0,"enemies":"3 Sentries","floor":11.0,"turns":7.0},{"damage":1.0,"enemies":"2 Louse","floor":13.0,"turns":2.0},{"damage":19.0,"enemies":"Gremlin Nob","floor":14.0,"turns":4.0},{"damage":8.0,"enemies":"Hexaghost","floor":16.0,"turns":8.0},{"damage":17.0,"enemies":"2 Thieves","floor":18.0,"turns":4.0},{"damage":19.0,"enemies":"Shell Parasite","floor":19.0,"turns":4.0},{"damage":9.0,"enemies":"Cultist and Chosen","floor":21.0,"turns":4.0},{"damage":16.0,"enemies":"Snake Plant","floor":22.0,"turns":6.0},{"damage":1.0,"enemies":"Slavers","floor":24.0,"turns":2.0},{"damage":1.0,"enemies":"Gremlin Leader","floor":27.0,"turns":1.0},{"damage":14.0,"enemies":"Centurion and Healer","floor":28.0,"turns":6.0},{"damage":17.0,"enemies":"Slavers","floor":30.0,"turns":6.0},{"damage":0.0,"enemies":"Sentry and Sphere","floor":31.0,"turns":6.0},{"damage":12.0,"enemies":"Automaton","floor":33.0,"turns":5.0},{"damage":0.0,"enemies":"3 Darklings","floor":35.0,"turns":6.0},{"damage":0.0,"enemies":"3 Shapes","floor":39.0,"turns":5.0},{"damage":3.0,"enemies":"Reptomancer","floor":40.0,"turns":3.0},{"damage":0.0,"enemies":"Nemesis","floor":45.0,"turns":5.0},{"damage":0.0,"enemies":"Transient","floor":46.0,"turns":5.0},{"damage":0.0,"enemies":"Reptomancer","floor":47.0,"turns":6.0},{"damage":0.0,"enemies":"Jaw Worm Horde","floor":48.0,"turns":3.0},{"damage":23.0,"enemies":"Time Eater","floor":50.0,"turns":12.0},{"damage":31.0,"enemies":"Shield and Spear","floor":54.0,"turns":7.0},{"damage":54,"enemies":"The Heart","floor":55,"turns":8}],"seed_played":"-665862290294986369","potions_obtained":[{"floor":3.0,"key":"FearPotion"},{"floor":11.0,"key":"Energy Potion"},{"floor":13.0,"key":"Strength Potion"},{"floor":14.0,"key":"GhostInAJar"},{"floor":20.0,"key":"Strength Potion"},{"floor":20.0,"key":"Dexterity Potion"},{"floor":20.0,"key":"AttackPotion"},{"floor":22.0,"key":"PowerPotion"},{"floor":24.0,"key":"SteroidPotion"},{"floor":31.0,"key":"Dexterity Potion"},{"floor":35.0,"key":"LiquidBronze"},{"floor":40.0,"key":"SteroidPotion"},{"floor":54.0,"key":"Poison Potion"}],"is_trial":false,"path_per_floor":["M","?","M","?","?","E","R","E","T","$","E","$","M","E","R","B",null,"M","M","?","M","M","R","E","R","T","E","M","$","E","M","R","B",null,"M","T","?","$","M","E","?","?","T","R","E","M","E","M","R","B",null,"R","$","E","B",null],"character_chosen":"THE_SILENT","items_purchased":["Noxious Fumes","Ancient Tea Set","Dodge and Roll","Well Laid Plans","Regen Potion"],"campfire_rested":2,"item_purchase_floors":[10,29,29,38,53],"current_hp_per_floor":[69,69,69,51,51,34,59,55,55,55,38,38,37,18,18,10,66,49,30,30,21,5,45,44,59,59,58,44,44,27,27,45,33,71,71,71,71,71,71,68,84,84,84,84,84,84,84,84,84,61,78,84,84,64,10],"gold":43,"neow_bonus":"TWENTY_PERCENT_HP_BONUS","is_prod":false,"is_daily":false,"chose_seed":false,"campfire_upgraded":4,"win_rate":0,"timestamp":1567295801,"path_taken":["M","?","?","?","?","E","R","E","T","$","E","$","M","E","R","BOSS","M","?","?","M","M","R","E","R","T","E","M","$","E","M","R","BOSS","M","?","?","$","M","E","?","?","T","R","E","?","E","M","R","BOSS","R","$","E","BOSS"],"build_version":"2019-07-17","purchased_purges":3,"victory":true,"max_hp_per_floor":[84,84,84,84,84,84,84,84,84,84,84,84,84,84,84,84,84,84,84,84,84,84,84,84,84,84,84,84,84,84,84,84,84,84,84,84,84,84,84,84,84,84,84,84,84,84,84,84,84,84,84,84,84,84,84],"card_choices":[{"not_picked":["Bane","Underhanded Strike","Outmaneuver"],"picked":"SKIP","floor":1.0},{"not_picked":["Deflect","Footwork"],"picked":"Dash","floor":3.0},{"not_picked":["Flying Knee","Dodge and Roll"],"picked":"Endless Agony","floor":6.0},{"not_picked":["Flechettes","Underhanded Strike"],"picked":"Dagger Throw","floor":8.0},{"not_picked":["Bouncing Flask","Quick Slash"],"picked":"Infinite Blades","floor":11.0},{"not_picked":["Phantasmal Killer","Underhanded Strike","Setup"],"picked":"SKIP","floor":13.0},{"not_picked":["Corpse Explosion","Eviscerate"],"picked":"Accuracy","floor":14.0},{"not_picked":["Grand Finale","Unload"],"picked":"Storm of Steel","floor":16.0},{"not_picked":["Outmaneuver","Quick Slash"],"picked":"Infinite Blades","floor":18.0},{"not_picked":["Blade Dance","Flying Knee"],"picked":"Deflect","floor":19.0},{"not_picked":["Calculated Gamble","Heel Hook"],"picked":"Malaise","floor":21.0},{"not_picked":["Deflect","Backflip"],"picked":"Blur","floor":22.0},{"not_picked":["Crippling Poison","Flying Knee"],"picked":"Dodge and Roll","floor":24.0},{"not_picked":["Corpse Explosion","Dagger Throw","Flying Knee"],"picked":"Crippling Poison","floor":27.0},{"not_picked":["Expertise","Tactician","Underhanded Strike"],"picked":"Footwork","floor":28.0},{"not_picked":["Setup","Deadly Poison+1","Skewer"],"picked":"Cloak And Dagger","floor":30.0},{"not_picked":["Reflex","Deflect","Backflip"],"picked":"Dash+1","floor":31.0},{"not_picked":["Glass Knife","Burst","Storm of Steel"],"picked":"After Image","floor":33.0},{"not_picked":["Skewer","Predator+1","Escape Plan"],"picked":"Backflip","floor":35.0},{"not_picked":["Dagger Spray+1","Skewer","Bane","Outmaneuver"],"picked":"SKIP","floor":39.0},{"not_picked":["Envenom","Acrobatics","Dagger Throw+1"],"picked":"Concentrate+1","floor":40.0},{"not_picked":["Deadly Poison+1","Bane+1","Cloak And Dagger","Riddle With Holes"],"picked":"SKIP","floor":45.0},{"not_picked":["Dagger Throw+1","Distraction","Blade Dance","Flying Knee"],"picked":"SKIP","floor":46.0},{"not_picked":["Reflex","Noxious Fumes","Poisoned Stab"],"picked":"Backflip+1","floor":47.0},{"not_picked":["Calculated Gamble","Finisher","Accuracy","Catalyst"],"picked":"SKIP","floor":48.0},{"not_picked":["Underhanded Strike","Leg Sweep","Slice+1"],"picked":"PiercingWail","floor":54.0}],"player_experience":836460,"relics_obtained":[{"floor":6.0,"key":"Shuriken"},{"floor":8.0,"key":"Bag of Preparation"},{"floor":9.0,"key":"Girya"},{"floor":11.0,"key":"Tingsha"},{"floor":14.0,"key":"Potion Belt"},{"floor":24.0,"key":"Lantern"},{"floor":26.0,"key":"Question Card"},{"floor":27.0,"key":"Ginger"},{"floor":30.0,"key":"Gremlin Horn"},{"floor":36.0,"key":"Dodecahedron"},{"floor":40.0,"key":"Smiling Mask"},{"floor":45.0,"key":"Whetstone"},{"floor":47.0,"key":"Nunchaku"},{"floor":54.0,"key":"Boot"}],"event_choices":[{"damage_healed":0.0,"max_hp_gain":0.0,"max_hp_loss":0.0,"gold_gain":0.0,"event_name":"Upgrade Shrine","player_choice":"Upgraded","floor":2.0,"gold_loss":0.0,"damage_taken":0.0,"cards_upgraded":["Neutralize"]},{"damage_healed":0.0,"max_hp_gain":0.0,"max_hp_loss":0.0,"gold_gain":0.0,"event_name":"Scrap Ooze","player_choice":"Success","floor":4.0,"gold_loss":0.0,"damage_taken":18.0,"relics_obtained":["Dead Branch"]},{"damage_healed":0.0,"max_hp_gain":0.0,"max_hp_loss":0.0,"gold_gain":0.0,"event_name":"Accursed Blacksmith","player_choice":"Rummage","floor":5.0,"gold_loss":0.0,"damage_taken":0.0,"relics_obtained":["WarpedTongs"],"cards_obtained":["Pain"]},{"damage_healed":0.0,"max_hp_gain":0.0,"max_hp_loss":0.0,"gold_gain":0.0,"event_name":"The Woman in Blue","player_choice":"Bought 3 Potions","floor":20.0,"gold_loss":0.0,"damage_taken":0.0},{"damage_healed":0.0,"max_hp_gain":0.0,"max_hp_loss":0.0,"gold_gain":0.0,"event_name":"Tomb of Lord Red Mask","player_choice":"Ignored","floor":37.0,"gold_loss":0.0,"damage_taken":0.0},{"damage_healed":21.0,"max_hp_gain":0.0,"max_hp_loss":0.0,"gold_gain":0.0,"event_name":"Winding Halls","player_choice":"Writhe","floor":41.0,"gold_loss":0.0,"damage_taken":0.0,"cards_obtained":["Writhe"]},{"cards_removed":["Defend_G"],"damage_healed":0.0,"max_hp_gain":0.0,"max_hp_loss":0.0,"gold_gain":0.0,"event_name":"Falling","player_choice":"Removed Skill","floor":42.0,"gold_loss":0.0,"damage_taken":0.0}],"is_beta":false,"boss_relics":[{"not_picked":["Velvet Choker","Fusion Hammer"],"picked":"Eternal Feather"},{"not_picked":["HoveringKite","Lizard Tail"],"picked":"WristBlade"}],"items_purged_floors":[29,38,53],"is_endless":false,"potions_floor_spawned":[3,11,13,14,22,24,31,35,39,40,54],"ascension_level":12}