{"gold_per_floor":[112,112,128,53,53,53,78,353,379,279,290,307,307,317,317,414,414,425,338,349,366,80,80,80],"floor_reached":24,"playtime":750,"items_purged":["Strike_B","Regret"],"score":265,"play_id":"5d89d03f-534e-432a-aa9d-3fb1226ee8d8","local_time":"20181230034733","is_ascension_mode":true,"campfire_choices":[{"data":"Gash","floor":6,"key":"SMITH"},{"data":"Gash","floor":13,"key":"SMITH"},{"data":"Defragment","floor":15,"key":"SMITH"},{"floor":23,"key":"REST"}],"neow_cost":"NONE","seed_source_timestamp":813404884877107,"circlet_count":0,"master_deck":["Strike_B+1","Strike_B","Strike_B+1","Defend_B","Defend_B","Defend_B","Defend_B","Zap","Dualcast","Gash+1","BootSequence","Defragment+1","Gash+1","Ball Lightning","Buffer","Panacea","Hologram+1"],"relics":["Cracked Core","FossilizedHelix","Whetstone","Prayer Wheel"],"potions_floor_usage":[16,21,24],"damage_taken":[{"damage":7,"enemies":"2 Louse","floor":1,"turns":2},{"damage":12,"enemies":"Small Slimes","floor":3,"turns":3},{"damage":40,"enemies":"3 Sentries","floor":7,"turns":9},{"damage":0,"enemies":"Cultist","floor":11,"turns":3},{"damage":0,"enemies":"Exordium Wildlife","floor":12,"turns":3},{"damage":0,"enemies":"Red Slaver","floor":14,"turns":3},{"damage":14,"enemies":"Hexaghost","floor":16,"turns":8},{"damage":19,"enemies":"Spheric Guardian","floor":18,"turns":4},{"damage":21,"enemies":"3 Byrds","floor":20,"turns":5},{"damage":17,"enemies":"Sentry and Sphere","floor":21,"turns":5},{"damage":0,"enemies":"Gremlin Leader","floor":24,"turns":4}],"seed_played":"369502251870673305","potions_obtained":[{"floor":11,"key":"Swift Potion"},{"floor":12,"key":"Ancient Potion"},{"floor":14,"key":"EssenceOfSteel"},{"floor":20,"key":"Swift Potion"}],"is_trial":false,"path_per_floor":["M","$","M","$","?","R","E","?","T","$","M","M","R","M","R","B",null,"M","$","M","M","$","R","E"],"character_chosen":"DEFECT","items_purchased":["Panacea","Prayer Wheel"],"campfire_rested":1,"item_purchase_floors":[19,22],"current_hp_per_floor":[61,61,49,49,74,74,34,34,34,34,34,34,34,34,34,20,61,42,42,21,4,4,26,26],"gold":80,"neow_bonus":"THREE_CARDS","is_prod":false,"is_daily":false,"chose_seed":false,"campfire_upgraded":3,"win_rate":0,"timestamp":1546138053,"path_taken":["M","$","M","$","?","R","E","?","T","$","M","?","R","M","R","BOSS","M","$","M","M","$","R","E"],"build_version":"2018-12-20","purchased_purges":2,"victory":false,"max_hp_per_floor":[75,75,75,75,75,75,75,75,75,75,75,75,75,75,75,75,75,75,75,75,75,75,75,75],"card_choices":[{"not_picked":["Cold Snap","Sweeping Beam"],"picked":"Gash","floor":0},{"not_picked":["Coolheaded","Reinforced Body","Doom and Gloom"],"picked":"SKIP","floor":1},{"not_picked":["Conserve Battery","Ball Lightning","Aggregate"],"picked":"SKIP","floor":3},{"not_picked":["Redo","BootSequence","Hologram"],"picked":"SKIP","floor":7},{"not_picked":["Redo","Hologram"],"picked":"BootSequence","floor":7},{"not_picked":["Rebound","Redo"],"picked":"Defragment","floor":11},{"not_picked":["Rebound","Cold Snap"],"picked":"Gash","floor":12},{"not_picked":["Stack","Streamline"],"picked":"Ball Lightning","floor":14},{"not_picked":["Meteor Strike","Rainbow"],"picked":"Buffer","floor":16},{"not_picked":["Rebound","Streamline","Turbo+1"],"picked":"SKIP","floor":18},{"not_picked":["Tempest","Compile Driver+1","Ball Lightning"],"picked":"SKIP","floor":20},{"not_picked":["Chaos","Coolheaded"],"picked":"Hologram+1","floor":21}],"player_experience":351154,"relics_obtained":[{"floor":7,"key":"FossilizedHelix"},{"floor":9,"key":"Whetstone"}],"event_choices":[{"damage_healed":25,"gold_gain":0,"player_choice":"Banana","damage_taken":0,"max_hp_gain":0,"max_hp_loss":0,"event_name":"Big Fish","floor":5,"gold_loss":0},{"damage_healed":0,"gold_gain":275,"player_choice":"Desecrate","damage_taken":0,"max_hp_gain":0,"max_hp_loss":0,"event_name":"Golden Shrine","floor":8,"gold_loss":0,"cards_obtained":["Regret"]}],"is_beta":false,"boss_relics":[{"not_picked":["Cursed Key","Runic Dome","Coffee Dripper"]}],"items_purged_floors":[4,10],"is_endless":false,"potions_floor_spawned":[11,12,14,20],"killed_by":"Gremlin Leader","ascension_level":7}