{"gold_per_floor":[109,284,284,4,20,54,15,41,67,67,101,101,376,11,11,106,106,116,134,148,161,174,174,229,229,274,308,326,337,337,372,372,477,477,496,496,496,512,529,529,562,160,160,160,187,31,31,46,46,46,46,46,8,39,39],"floor_reached":55,"playtime":6803,"items_purged":["Doubt","Regret","Cold Snap"],"score":1049,"play_id":"6497bd78-e12d-4a1c-a18b-b630d067eb50","local_time":"20190204141446","is_ascension_mode":true,"campfire_choices":[{"data":"Dualcast","floor":10,"key":"SMITH"},{"data":"Buffer","floor":12,"key":"SMITH"},{"data":"Defragment","floor":15,"key":"SMITH"},{"data":"Redo","floor":23,"key":"SMITH"},{"data":"Defend_B","floor":25,"key":"PURGE"},{"data":"Steam Power","floor":32,"key":"SMITH"},{"data":"Mayhem","floor":40,"key":"SMITH"},{"data":"Creative AI","floor":44,"key":"SMITH"},{"floor":49,"key":"RECALL"},{"data":"Impatience","floor":52,"key":"SMITH"}],"neow_cost":"NONE","seed_source_timestamp":231403584196165,"circlet_count":0,"master_deck":["Zap+1","Dualcast+1","Ball Lightning","Reinforced Body","Glacier","Gash+1","Buffer+1","The Bomb","Defragment+1","Redo+1","Amplify","Storm+1","Self Repair+1","Ball Lightning+1","Ball Lightning+1","Chaos+1","Stack","Recycle+1","Doom and Gloom","All For One+1","RitualDagger","Steam Power+1","Creative AI+1","Amplify","Reinforced Body","Chaos","Gash","Streamline","Self Repair","Mayhem+1","Violence","Secret Weapon","Steam Power+1","Chaos+1","Rebound+1","Impatience+1","Capacitor","Mayhem+1","Gash+1"],"relics":["Cracked Core","OrangePellets","Orichalcum","Ancient Tea Set","Art of War","Peace Pipe","Coffee Dripper","Tiny Chest","FossilizedHelix","The Courier","Pandora\u0027s Box","Torii","DollysMirror","Blue Candle","Whetstone","Bottled Lightning"],"potions_floor_usage":[6,8,24,24,24,28,31,33,50,50,50,54],"damage_taken":[{"damage":0,"enemies":"2 Louse","floor":1,"turns":3},{"damage":0,"enemies":"Small Slimes","floor":5,"turns":2},{"damage":6,"enemies":"3 Sentries","floor":6,"turns":7},{"damage":6,"enemies":"Gremlin Nob","floor":8,"turns":3},{"damage":0,"enemies":"3 Sentries","floor":11,"turns":7},{"damage":0,"enemies":"Slime Boss","floor":16,"turns":8},{"damage":0,"enemies":"Spheric Guardian","floor":18,"turns":5},{"damage":0,"enemies":"Chosen","floor":19,"turns":3},{"damage":9,"enemies":"Shelled Parasite and Fungi","floor":20,"turns":4},{"damage":2,"enemies":"Centurion and Healer","floor":21,"turns":4},{"damage":10,"enemies":"Sentry and Sphere","floor":22,"turns":4},{"damage":0,"enemies":"Slavers","floor":24,"turns":3},{"damage":31,"enemies":"Gremlin Leader","floor":27,"turns":6},{"damage":0,"enemies":"Cultist and Chosen","floor":28,"turns":4},{"damage":11,"enemies":"Snake Plant","floor":29,"turns":4},{"damage":29,"enemies":"Slavers","floor":31,"turns":5},{"damage":0,"enemies":"Automaton","floor":33,"turns":8},{"damage":0,"enemies":"Orb Walker","floor":35,"turns":3},{"damage":15,"enemies":"3 Shapes","floor":38,"turns":3},{"damage":14,"enemies":"Jaw Worm Horde","floor":39,"turns":4},{"damage":0,"enemies":"Giant Head","floor":41,"turns":6},{"damage":12,"enemies":"Nemesis","floor":45,"turns":5},{"damage":0,"enemies":"Maw","floor":48,"turns":4},{"damage":15,"enemies":"Time Eater","floor":50,"turns":8},{"damage":20,"enemies":"Shield and Spear","floor":54,"turns":5},{"damage":70,"enemies":"The Heart","floor":55,"turns":8}],"seed_played":"1446794777271291776","potions_obtained":[{"floor":0,"key":"FearPotion"},{"floor":0,"key":"SmokeBomb"},{"floor":0,"key":"SkillPotion"},{"floor":8,"key":"Block Potion"},{"floor":16,"key":"EssenceOfSteel"},{"floor":19,"key":"Swift Potion"},{"floor":24,"key":"EssenceOfSteel"},{"floor":28,"key":"Fruit Juice"},{"floor":31,"key":"GamblersBrew"},{"floor":38,"key":"LiquidBronze"},{"floor":41,"key":"Weak Potion"}],"is_trial":false,"path_per_floor":["M","?","?","$","M","E","$","E","T","R","E","R","?","$","R","B",null,"M","M","M","M","M","R","E","R","T","E","M","M","?","E","R","B",null,"M","?","?","M","M","R","E","$","T","R","E","$","?","M","R","B",null,"R","$","E","B"],"character_chosen":"DEFECT","items_purchased":["OrangePellets","Glacier","The Bomb","Defragment","Redo","Impatience","Capacitor","DollysMirror","Whetstone","Strength Potion","Energy Potion"],"campfire_rested":0,"item_purchase_floors":[4,7,14,14,14,42,42,42,46,46,53],"current_hp_per_floor":[75,75,60,60,60,54,54,48,48,48,48,48,48,48,48,48,75,75,75,75,75,75,75,75,75,75,54,69,68,62,43,43,53,80,80,70,70,80,80,80,80,80,80,80,80,80,80,80,80,75,80,80,80,70,0],"gold":39,"neow_bonus":"THREE_SMALL_POTIONS","is_prod":false,"is_daily":false,"chose_seed":false,"campfire_upgraded":8,"win_rate":0,"timestamp":1549318486,"path_taken":["M","?","?","$","M","E","?","E","T","R","E","R","?","$","R","BOSS","M","M","M","M","M","R","E","R","T","E","M","?","?","E","R","BOSS","M","?","?","M","?","R","E","$","T","R","E","$","?","?","R","BOSS","R","$","E","BOSS"],"build_version":"2019-01-23","purchased_purges":3,"victory":false,"max_hp_per_floor":[75,75,75,75,75,75,75,75,75,75,75,75,75,75,75,75,75,75,75,75,75,75,75,75,75,75,75,80,80,80,80,80,80,80,80,80,80,80,80,80,80,80,80,80,80,80,80,80,80,80,80,80,80,80,80],"card_choices":[{"not_picked":["Steam","Stack"],"picked":"Cold Snap","floor":1},{"not_picked":["Coolheaded","Leap"],"picked":"Ball Lightning","floor":5},{"not_picked":["Go for the Eyes","Skim"],"picked":"Reinforced Body","floor":6},{"not_picked":["Streamline","Reinforced Body"],"picked":"Gash","floor":8},{"not_picked":["Ball Lightning","Blizzard"],"picked":"Buffer","floor":11},{"not_picked":["Rainbow","Reboot"],"picked":"Amplify","floor":16},{"not_picked":["Redo","Stack"],"picked":"Storm+1","floor":18},{"not_picked":["Reprogram","Rip and Tear+1"],"picked":"Self Repair+1","floor":19},{"not_picked":["Static Discharge","Streamline"],"picked":"Ball Lightning+1","floor":20},{"not_picked":["Heatsinks","Go for the Eyes"],"picked":"Ball Lightning+1","floor":21},{"not_picked":["Barrage","FTL"],"picked":"Chaos+1","floor":22},{"not_picked":["Genetic Algorithm","Reprogram"],"picked":"Stack","floor":24},{"not_picked":["Turbo+1","Chaos+1"],"picked":"Recycle+1","floor":27},{"not_picked":["Compile Driver","BootSequence"],"picked":"Doom and Gloom","floor":28},{"not_picked":["Conserve Battery+1","Hello World"],"picked":"All For One","floor":29},{"not_picked":["Stack","Cold Snap"],"picked":"Steam Power","floor":31},{"not_picked":["Buffer","Fission"],"picked":"Creative AI","floor":33},{"not_picked":["Reprogram+1","Doom and Gloom","Recycle"],"picked":"SKIP","floor":35},{"not_picked":["Secret Technique","Violence"],"picked":"Mayhem","floor":36},{"not_picked":["Sadistic Nature","Chrysalis"],"picked":"Violence","floor":36},{"not_picked":["Purity","Deep Breath"],"picked":"Secret Weapon","floor":36},{"not_picked":["Cold Snap+1","Rebound+1"],"picked":"Steam Power+1","floor":38},{"not_picked":["Chill","Streamline+1"],"picked":"Chaos+1","floor":39},{"not_picked":["Electrodynamics","Cold Snap"],"picked":"Rebound+1","floor":41},{"not_picked":["Scrape+1","Cold Snap"],"picked":"Gash+1","floor":45},{"not_picked":["Leap+1","Conserve Battery","Heatsinks+1"],"picked":"SKIP","floor":48},{"not_picked":["Buffer","Defragment","Undo+1"],"picked":"SKIP","floor":54}],"player_experience":444572,"relics_obtained":[{"floor":6,"key":"Orichalcum"},{"floor":8,"key":"Ancient Tea Set"},{"floor":9,"key":"Art of War"},{"floor":11,"key":"Peace Pipe"},{"floor":24,"key":"Tiny Chest"},{"floor":27,"key":"FossilizedHelix"},{"floor":31,"key":"The Courier"},{"floor":41,"key":"Torii"},{"floor":43,"key":"Blue Candle"},{"floor":54,"key":"Bottled Lightning"}],"event_choices":[{"damage_healed":0,"gold_gain":175,"player_choice":"AGREE","damage_taken":0,"max_hp_gain":0,"max_hp_loss":0,"event_name":"Liars Game","floor":2,"gold_loss":0,"cards_obtained":["Doubt"]},{"damage_healed":0,"gold_gain":0,"player_choice":"Entered Light","damage_taken":15,"max_hp_gain":0,"max_hp_loss":0,"event_name":"Shining Light","floor":3,"gold_loss":0,"cards_upgraded":["Zap","Strike_B"]},{"damage_healed":0,"gold_gain":275,"player_choice":"Desecrate","damage_taken":0,"max_hp_gain":0,"max_hp_loss":0,"event_name":"Golden Shrine","floor":13,"gold_loss":0,"cards_obtained":["Regret"]},{"damage_healed":0,"gold_gain":0,"player_choice":"Joined the Cult","damage_taken":6,"max_hp_gain":0,"max_hp_loss":0,"event_name":"Nest","floor":30,"gold_loss":0,"cards_obtained":["RitualDagger"]},{"damage_healed":0,"gold_gain":0,"player_choice":"Memory 3","damage_taken":10,"max_hp_gain":0,"max_hp_loss":0,"event_name":"SensoryStone","floor":36,"gold_loss":0},{"cards_removed":["Reprogram"],"damage_healed":0,"gold_gain":0,"player_choice":"Purged","damage_taken":0,"max_hp_gain":0,"max_hp_loss":0,"event_name":"Purifier","floor":37,"gold_loss":0},{"damage_healed":0,"gold_gain":0,"player_choice":"0 cards matched","damage_taken":0,"max_hp_gain":0,"max_hp_loss":0,"event_name":"Match and Keep!","floor":47,"gold_loss":0,"cards_obtained":[]}],"is_beta":false,"boss_relics":[{"not_picked":["Tiny House","Ectoplasm"],"picked":"Coffee Dripper"},{"not_picked":["Philosopher\u0027s Stone","Nuclear Battery"],"picked":"Pandora\u0027s Box"}],"items_purged_floors":[4,14,42],"is_endless":false,"potions_floor_spawned":[8,16,19,24,28,31,38,41],"killed_by":"The Heart","ascension_level":1}