{"gold_per_floor":[112,125,136,155,167,196,47,77,100,100,129,149,149,213,213,288,288,300,300,319,8,24,24,53,53,79,94,126,126,152,163,163,237,237,247,265,265,278,278,304,304,322,346,54,86,86,96,129,129,129,129],"floor_reached":52,"playtime":6509,"items_purged":["Strike_B","Strike_B","Decay"],"score":2294,"play_id":"1bfe9bae-0307-4c15-b222-ab8a5071d6ee","local_time":"20190830213835","is_ascension_mode":true,"campfire_choices":[{"data":"Sunder","floor":10,"key":"SMITH"},{"data":"Hologram","floor":13,"key":"SMITH"},{"data":"Biased Cognition","floor":15,"key":"SMITH"},{"data":"Sunder","floor":23,"key":"SMITH"},{"data":"Doom and Gloom","floor":25,"key":"SMITH"},{"data":"Hologram","floor":32,"key":"SMITH"},{"data":"Buffer","floor":41,"key":"SMITH"},{"data":"Consume","floor":49,"key":"SMITH"}],"neow_cost":"NONE","seed_source_timestamp":627247799938314,"circlet_count":0,"master_deck":["AscendersBane","Defend_B","Defend_B","Defend_B","Defend_B+1","Zap","Dualcast","Doom and Gloom+1","Conserve Battery+1","Capacitor","Undo","All For One+1","Biased Cognition+1","Sunder+1","Hologram+1","Reinforced Body","Echo Form","Sunder+1","Sunder+1","Thunder Strike+1","Hologram+1","Melter+1","Creative AI","Buffer+1","Consume+1","Force Field+1","Conserve Battery+1","Aggregate+1","Static Discharge+1"],"relics":["Snecko Eye","Lantern","Meat on the Bone","Ancient Tea Set","War Paint","Potion Belt","Coffee Dripper","DollysMirror","Bottled Flame","Shuriken","Bag of Marbles","Nuclear Battery","Strawberry","Whetstone","DataDisk","Dead Branch","Boot"],"potions_floor_usage":[5,14,24,27,30,48,50,51],"damage_taken":[{"damage":12,"enemies":"Cultist","floor":1,"turns":4},{"damage":0,"enemies":"Small Slimes","floor":2,"turns":2},{"damage":0,"enemies":"2 Louse","floor":3,"turns":2},{"damage":13,"enemies":"Exordium Thugs","floor":4,"turns":5},{"damage":0,"enemies":"Lots of Slimes","floor":5,"turns":3},{"damage":4,"enemies":"Gremlin Nob","floor":6,"turns":3},{"damage":0,"enemies":"3 Sentries","floor":8,"turns":3},{"damage":9,"enemies":"Lagavulin","floor":11,"turns":4},{"damage":3,"enemies":"Looter","floor":12,"turns":2},{"damage":16,"enemies":"Lagavulin Event","floor":14,"turns":4},{"damage":0,"enemies":"The Guardian","floor":16,"turns":8},{"damage":0,"enemies":"Spheric Guardian","floor":18,"turns":1},{"damage":0,"enemies":"3 Byrds","floor":20,"turns":3},{"damage":0,"enemies":"Sentry and Sphere","floor":22,"turns":2},{"damage":4,"enemies":"Book of Stabbing","floor":24,"turns":3},{"damage":0,"enemies":"Snake Plant","floor":27,"turns":2},{"damage":1,"enemies":"Slavers","floor":28,"turns":3},{"damage":14,"enemies":"Book of Stabbing","floor":30,"turns":5},{"damage":20,"enemies":"Shelled Parasite and Fungi","floor":31,"turns":4},{"damage":10,"enemies":"Automaton","floor":33,"turns":7},{"damage":3,"enemies":"3 Darklings","floor":35,"turns":3},{"damage":0,"enemies":"3 Shapes","floor":36,"turns":4},{"damage":0,"enemies":"Transient","floor":38,"turns":5},{"damage":0,"enemies":"Reptomancer","floor":40,"turns":2},{"damage":16,"enemies":"Spire Growth","floor":42,"turns":4},{"damage":0,"enemies":"Giant Head","floor":45,"turns":3},{"damage":0,"enemies":"3 Darklings","floor":47,"turns":3},{"damage":0,"enemies":"Reptomancer","floor":48,"turns":3},{"damage":10,"enemies":"Donu and Deca","floor":50,"turns":8},{"damage":18,"enemies":"Time Eater","floor":51,"turns":8}],"seed_played":"-1047711871108543164","potions_obtained":[{"floor":1,"key":"LiquidBronze"},{"floor":3,"key":"Block Potion"},{"floor":6,"key":"EssenceOfSteel"},{"floor":14,"key":"FearPotion"},{"floor":18,"key":"EssenceOfSteel"},{"floor":24,"key":"GamblersBrew"},{"floor":31,"key":"SkillPotion"},{"floor":38,"key":"Block Potion"},{"floor":42,"key":"AttackPotion"},{"floor":47,"key":"Dexterity Potion"},{"floor":48,"key":"Dexterity Potion"}],"is_trial":false,"path_per_floor":["M","M","M","M","M","E","$","E","T","R","E","M","R","?","R","B",null,"M","?","M","$","M","R","E","R","T","M","E","?","E","M","R","B",null,"M","M","?","M","?","E","R","M","T","$","E","$","M","E","R","B","B",null],"character_chosen":"DEFECT","items_purchased":["Sunder","DollysMirror","DataDisk"],"campfire_rested":0,"item_purchase_floors":[7,21,44],"current_hp_per_floor":[52,52,52,39,39,35,35,35,35,35,38,47,47,43,43,43,64,64,64,64,64,64,64,60,60,60,60,59,59,45,37,37,39,63,60,60,60,60,60,67,67,51,51,51,51,51,51,51,51,41,35],"gold":129,"neow_bonus":"BOSS_RELIC","is_prod":false,"is_daily":false,"chose_seed":false,"campfire_upgraded":8,"win_rate":0,"timestamp":1567226315,"path_taken":["M","M","?","M","M","E","$","E","T","R","E","?","R","?","R","BOSS","M","?","?","?","?","R","E","R","T","M","E","?","E","M","R","BOSS","M","M","?","?","?","E","R","M","T","?","E","$","?","E","R","BOSS","BOSS"],"build_version":"2019-07-17","purchased_purges":3,"victory":true,"max_hp_per_floor":[71,71,71,71,71,71,71,71,71,71,71,71,71,71,71,71,71,71,71,71,71,71,71,71,71,71,71,71,71,71,71,71,71,71,71,71,71,71,71,78,78,78,78,78,78,78,78,78,78,78,78],"card_choices":[{"not_picked":["Capacitor","Compile Driver"],"picked":"Doom and Gloom","floor":1},{"not_picked":["Compile Driver","Stack"],"picked":"Conserve Battery","floor":2},{"not_picked":["Conserve Battery","Hello World"],"picked":"Capacitor","floor":3},{"not_picked":["Ball Lightning","Reinforced Body"],"picked":"Undo","floor":4},{"not_picked":["Beam Cell","Stack"],"picked":"All For One","floor":5},{"not_picked":["Stack","Barrage"],"picked":"Biased Cognition","floor":6},{"not_picked":["Ball Lightning","Conserve Battery","Hello World"],"picked":"SKIP","floor":8},{"not_picked":["Machine Learning","Reboot"],"picked":"Hologram","floor":11},{"not_picked":["Leap","Capacitor"],"picked":"Reinforced Body","floor":12},{"not_picked":["Core Surge","Seek"],"picked":"Echo Form","floor":16},{"not_picked":["Melter","Rebound","Barrage"],"picked":"SKIP","floor":18},{"not_picked":["Sweeping Beam","Streamline","Blizzard"],"picked":"SKIP","floor":20},{"not_picked":["Cold Snap","Hologram"],"picked":"Thunder Strike","floor":22},{"not_picked":["Gash","Conserve Battery","Heatsinks"],"picked":"SKIP","floor":24},{"not_picked":["Storm","Streamline"],"picked":"Hologram","floor":27},{"not_picked":["Leap","Go for the Eyes"],"picked":"Melter+1","floor":28},{"not_picked":["Barrage","Force Field"],"picked":"Creative AI","floor":30},{"not_picked":["Ball Lightning","Gash","Barrage"],"picked":"SKIP","floor":31},{"not_picked":["Creative AI","Thunder Strike"],"picked":"Buffer","floor":33},{"not_picked":["Barrage","Hello World","Reprogram"],"picked":"SKIP","floor":35},{"not_picked":["Stack","Blizzard+1","Barrage"],"picked":"SKIP","floor":36},{"not_picked":["Reprogram","Compile Driver","Scrape"],"picked":"SKIP","floor":38},{"not_picked":["Streamline","Double Energy"],"picked":"Force Field+1","floor":40},{"not_picked":["Chill","Turbo"],"picked":"Conserve Battery+1","floor":42},{"not_picked":["Gash","Stack"],"picked":"Aggregate+1","floor":45},{"not_picked":["Beam Cell+1","Ball Lightning","Rebound+1"],"picked":"SKIP","floor":47},{"not_picked":["Force Field","Echo Form"],"picked":"Static Discharge+1","floor":48}],"player_experience":819336,"relics_obtained":[{"floor":6,"key":"Lantern"},{"floor":8,"key":"Meat on the Bone"},{"floor":9,"key":"Ancient Tea Set"},{"floor":11,"key":"War Paint"},{"floor":24,"key":"Bottled Flame"},{"floor":28,"key":"Shuriken"},{"floor":30,"key":"Bag of Marbles"},{"floor":40,"key":"Strawberry"},{"floor":43,"key":"Whetstone"},{"floor":45,"key":"Dead Branch"},{"floor":48,"key":"Boot"}],"event_choices":[{"damage_healed":0,"gold_gain":0,"player_choice":"Searched \u00273\u0027 times","damage_taken":0,"relics_obtained":["Potion Belt"],"max_hp_gain":0,"max_hp_loss":0,"event_name":"Dead Adventurer","floor":14,"gold_loss":0},{"damage_healed":0,"gold_gain":0,"cards_transformed":["Strike_B"],"player_choice":"Transformed","damage_taken":0,"max_hp_gain":0,"max_hp_loss":0,"event_name":"Transmorgrifier","floor":19,"gold_loss":0,"cards_obtained":["Sunder"]},{"cards_removed":["Strike_B"],"damage_healed":0,"gold_gain":0,"player_choice":"Elegance","damage_taken":0,"max_hp_gain":0,"max_hp_loss":0,"event_name":"Back to Basics","floor":29,"gold_loss":0},{"damage_healed":0,"gold_gain":0,"player_choice":"1 cards matched","damage_taken":0,"max_hp_gain":0,"max_hp_loss":0,"event_name":"Match and Keep!","floor":37,"gold_loss":0,"cards_obtained":["Consume"]},{"damage_healed":0,"gold_gain":0,"player_choice":"Cursed","damage_taken":0,"max_hp_gain":0,"max_hp_loss":0,"event_name":"Wheel of Change","floor":39,"gold_loss":0,"cards_obtained":["Decay"]}],"is_beta":false,"boss_relics":[{"not_picked":["Runic Pyramid","Cursed Key"],"picked":"Coffee Dripper"},{"not_picked":["Empty Cage","Inserter"],"picked":"Nuclear Battery"}],"items_purged_floors":[7,21,44],"is_endless":false,"potions_floor_spawned":[1,3,6,11,12,14,18,24,31,38,42,47,48],"ascension_level":20}