{"gold_per_floor":[116,116,134,134,147,182,182,205,205,220,25,25,25,25,25,25],"floor_reached":16,"playtime":4872,"items_purged":[],"score":100,"play_id":"64bae5a3-4994-4678-98a2-3bdc918a6e6c","local_time":"20190911023617","is_ascension_mode":false,"campfire_choices":[{"floor":12,"key":"REST"},{"floor":15,"key":"REST"}],"neow_cost":"NONE","seed_source_timestamp":20411609270400,"circlet_count":0,"master_deck":["Strike_G","Strike_G","Strike_G","Strike_G","Strike_G","Defend_G","Defend_G","Defend_G+1","Defend_G","Defend_G","Survivor","Neutralize","Acrobatics+1","Backflip","Poisoned Stab","Crippling Poison","Bouncing Flask","Leg Sweep"],"relics":["Ring of the Snake","Peace Pipe","Golden Idol","Gambling Chip","Bag of Preparation"],"potions_floor_usage":[6,16,16,16],"damage_taken":[{"damage":0,"enemies":"Small Slimes","floor":1,"turns":7},{"damage":6,"enemies":"Jaw Worm","floor":3,"turns":5},{"damage":0,"enemies":"Cultist","floor":5,"turns":4},{"damage":39,"enemies":"Gremlin Nob","floor":6,"turns":6},{"damage":12,"enemies":"Blue Slaver","floor":8,"turns":5},{"damage":5,"enemies":"2 Fungi Beasts","floor":10,"turns":3},{"damage":55,"enemies":"Slime Boss","floor":16,"turns":18}],"seed_played":"-5861397987859907276","potions_obtained":[{"floor":5,"key":"Regen Potion"},{"floor":6,"key":"GhostInAJar"},{"floor":8,"key":"Poison Potion"}],"is_trial":false,"path_per_floor":["M","$","M","?","M","E","?","M","T","M","$","R","$","?","R","B"],"character_chosen":"THE_SILENT","items_purchased":["Bag of Preparation","Block Potion"],"campfire_rested":2,"item_purchase_floors":[11,11],"current_hp_per_floor":[77,77,71,56,56,26,26,14,14,9,9,32,32,32,55,0],"gold":25,"neow_bonus":"TEN_PERCENT_HP_BONUS","is_prod":false,"is_daily":false,"chose_seed":false,"campfire_upgraded":0,"win_rate":0.0,"timestamp":1568162177,"path_taken":["M","$","M","?","M","E","?","M","T","M","$","R","?","?","R","BOSS"],"build_version":"2019-07-17","purchased_purges":0,"victory":false,"max_hp_per_floor":[77,77,77,77,77,77,77,77,77,77,77,77,77,77,77,77],"card_choices":[{"not_picked":["Prepared","Sucker Punch"],"picked":"Acrobatics","floor":1},{"not_picked":["Dash","Underhanded Strike"],"picked":"Backflip","floor":3},{"not_picked":["Dash","Finisher"],"picked":"Poisoned Stab","floor":5},{"not_picked":["Backflip","Acrobatics"],"picked":"Crippling Poison","floor":6},{"not_picked":["Infinite Blades","Blade Dance"],"picked":"Bouncing Flask","floor":8},{"not_picked":["Slice","Backflip"],"picked":"Leg Sweep","floor":10}],"player_experience":40041,"relics_obtained":[{"floor":6,"key":"Peace Pipe"},{"floor":9,"key":"Gambling Chip"}],"event_choices":[{"damage_healed":0,"gold_gain":0,"player_choice":"Entered Light","damage_taken":15,"max_hp_gain":0,"max_hp_loss":0,"event_name":"Shining Light","floor":4,"gold_loss":0,"cards_upgraded":["Acrobatics","Defend_G"]},{"damage_healed":0,"gold_gain":0,"player_choice":"Take Wound","damage_taken":0,"relics_obtained":["Golden Idol"],"max_hp_gain":0,"max_hp_loss":0,"event_name":"Golden Idol","floor":7,"gold_loss":0,"cards_obtained":["Injury"]},{"cards_removed":["Injury"],"damage_healed":0,"gold_gain":0,"player_choice":"Purged","damage_taken":0,"max_hp_gain":0,"max_hp_loss":0,"event_name":"Purifier","floor":14,"gold_loss":0}],"is_beta":false,"boss_relics":[],"items_purged_floors":[],"is_endless":false,"potions_floor_spawned":[5,6,8],"killed_by":"Slime Boss","ascension_level":0}