{"gold_per_floor":[117,117,132,144,144,177,191,226,273,289,73,73,93,93,93,191,191,202,65,0,16,29,57,57,57,83,93,93,93,128,142,142,239,239,254,105,105,121,121,121,138,148,148,23,0,0,11,11],"floor_reached":48,"playtime":4934,"items_purged":["Strike_R","Strike_R","Strike_R"],"score":531,"play_id":"05a33a3c-bacd-490c-b9cd-951ee1f497b4","local_time":"20190129082200","is_ascension_mode":true,"campfire_choices":[{"floor":12.0,"key":"REST"},{"data":"Juggernaut","floor":15.0,"key":"SMITH"},{"floor":24.0,"key":"REST"},{"floor":28.0,"key":"REST"},{"floor":32.0,"key":"REST"},{"floor":40,"key":"REST"}],"neow_cost":"NONE","seed_source_timestamp":0,"circlet_count":0,"master_deck":["Strike_R","Defend_R","Defend_R","Defend_R","Defend_R","Bash+1","Iron Wave","Ghostly Armor","Battle Trance","Juggernaut+1","Metallicize","True Grit","Seeing Red","Good Instincts","Armaments","Anger","True Grit","Impervious","Iron Wave","Good Instincts","Armaments","True Grit+1","Corruption+1","Cleave+1","Entrench","Shockwave+1","Sword Boomerang+1","Sword Boomerang","Armaments+1","Warcry","Iron Wave+1","Offering","Warcry","Warcry","Spot Weakness","Juggernaut","Bash","Body Slam+1","Ghostly Armor","Feel No Pain","Battle Trance+1"],"special_seed":0,"relics":["Burning Blood","Dodecahedron","Bottled Lightning","Dream Catcher","Eternal Feather","Omamori","Nilry\u0027s Codex","Happy Flower","Pocketwatch","Runic Dome","Pantograph","Red Mask"],"potions_floor_usage":[41,41,47,48],"damage_taken":[{"damage":7.0,"enemies":"Jaw Worm","floor":1.0,"turns":4.0},{"damage":2.0,"enemies":"2 Louse","floor":3.0,"turns":2.0},{"damage":10.0,"enemies":"Small Slimes","floor":4.0,"turns":4.0},{"damage":39.0,"enemies":"Lagavulin","floor":6.0,"turns":11.0},{"damage":7.0,"enemies":"Blue Slaver","floor":7.0,"turns":3.0},{"damage":7.0,"enemies":"Gremlin Nob","floor":8.0,"turns":5.0},{"damage":0.0,"enemies":"2 Fungi Beasts","floor":10.0,"turns":4.0},{"damage":3.0,"enemies":"Red Slaver","floor":13.0,"turns":3.0},{"damage":24.0,"enemies":"Slime Boss","floor":16.0,"turns":11.0},{"damage":0.0,"enemies":"Chosen","floor":18.0,"turns":3.0},{"damage":14.0,"enemies":"2 Thieves","floor":20.0,"turns":5.0},{"damage":16.0,"enemies":"Snake Plant","floor":21.0,"turns":4.0},{"damage":22.0,"enemies":"3 Cultists","floor":22.0,"turns":6.0},{"damage":26.0,"enemies":"Slavers","floor":23.0,"turns":7.0},{"damage":3.0,"enemies":"Snecko","floor":27.0,"turns":5.0},{"damage":25.0,"enemies":"Gremlin Leader","floor":30.0,"turns":6.0},{"damage":9.0,"enemies":"Centurion and Healer","floor":31.0,"turns":9.0},{"damage":22.0,"enemies":"Collector","floor":33.0,"turns":10.0},{"damage":41,"enemies":"Orb Walker","floor":35,"turns":6},{"damage":37,"enemies":"3 Darklings","floor":38,"turns":6},{"damage":43,"enemies":"Writhing Mass","floor":41,"turns":8},{"damage":18,"enemies":"Maw","floor":42,"turns":6},{"damage":4,"enemies":"Spire Growth","floor":47,"turns":4},{"damage":15,"enemies":"Writhing Mass","floor":48,"turns":4}],"seed_played":"281167103460832594","potions_obtained":[{"floor":1.0,"key":"Weak Potion"},{"floor":3.0,"key":"Ancient Potion"},{"floor":6.0,"key":"SteroidPotion"},{"floor":7.0,"key":"AttackPotion"},{"floor":10.0,"key":"PowerPotion"},{"floor":18.0,"key":"SpeedPotion"},{"floor":21.0,"key":"Swift Potion"},{"floor":27.0,"key":"AttackPotion"},{"floor":30.0,"key":"Energy Potion"},{"floor":42,"key":"SteroidPotion"}],"is_trial":false,"path_per_floor":["M","?","M","M","?","E","M","E","T","M","$","R","M","?","R","B",null,"M","$","M","M","M","E","R","?","T","M","R","?","E","M","R","B",null,"M","$","?","M","?","R","M","M","T","$","?","?","M","M"],"character_chosen":"IRONCLAD","items_purchased":["Good Instincts","Armaments","Good Instincts","Armaments","Warcry"],"campfire_rested":5,"item_purchase_floors":[11,11,19,19,36],"current_hp_per_floor":[79,79,80,76,76,43,42,41,41,47,47,71,74,74,74,56,80,80,80,72,62,46,26,65,49,49,52,80,80,61,58,80,64,80,45,45,45,14,14,62,25,13,13,13,13,13,15,0],"gold":11,"neow_bonus":"UPGRADE_CARD","is_prod":false,"is_daily":false,"chose_seed":false,"campfire_upgraded":1,"win_rate":0,"timestamp":1548746520,"path_taken":["M","?","M","M","?","E","M","E","T","M","?","R","M","?","R","BOSS","M","$","?","M","M","E","R","?","T","M","R","?","E","M","R","BOSS","M","$","?","?","?","R","M","M","T","?","?","?","?","M"],"build_version":"2019-01-23","purchased_purges":3,"victory":false,"max_hp_per_floor":[80,80,80,80,80,80,80,80,80,80,80,80,80,80,80,80,80,80,80,80,80,80,80,80,80,80,80,80,80,80,80,80,80,80,80,80,80,80,80,80,80,80,80,80,80,80,80,80],"card_choices":[{"not_picked":["Spot Weakness","Clothesline"],"picked":"Iron Wave","floor":1.0},{"not_picked":["Seeing Red","Shockwave"],"picked":"Ghostly Armor","floor":3.0},{"not_picked":["Thunderclap","Warcry"],"picked":"Battle Trance","floor":4.0},{"not_picked":["Clash","Intimidate"],"picked":"Juggernaut","floor":6.0},{"not_picked":["Shrug It Off","Heavy Blade"],"picked":"Metallicize","floor":7.0},{"not_picked":["Clothesline","Heavy Blade"],"picked":"True Grit","floor":8.0},{"not_picked":["Intimidate","Blood for Blood"],"picked":"Seeing Red","floor":10.0},{"not_picked":["Disarm","Twin Strike"],"picked":"Anger","floor":12.0},{"not_picked":["Warcry","Cleave"],"picked":"True Grit","floor":13.0},{"not_picked":["Limit Break","Demon Form"],"picked":"Impervious","floor":16.0},{"not_picked":["Dropkick","Anger"],"picked":"Iron Wave","floor":18.0},{"not_picked":["Dropkick","Heavy Blade"],"picked":"True Grit+1","floor":20.0},{"not_picked":["Headbutt","Clash+1"],"picked":"Corruption+1","floor":21.0},{"not_picked":["True Grit+1","Limit Break"],"picked":"Cleave+1","floor":22.0},{"not_picked":["Inflame+1","Pommel Strike+1"],"picked":"Entrench","floor":23.0},{"not_picked":["Dual Wield","Wild Strike+1"],"picked":"Shockwave+1","floor":24.0},{"not_picked":["Heavy Blade","Searing Blow"],"picked":"Sword Boomerang+1","floor":27.0},{"not_picked":["Clothesline","Headbutt+1"],"picked":"Sword Boomerang","floor":28.0},{"not_picked":["Impervious","Sword Boomerang"],"picked":"Armaments+1","floor":30.0},{"not_picked":["Disarm","Wild Strike"],"picked":"Warcry","floor":31.0},{"not_picked":["Inflame","Headbutt"],"picked":"Iron Wave+1","floor":32.0},{"not_picked":["Immolate","Feed"],"picked":"Offering","floor":33.0},{"not_picked":["Headbutt+1","Whirlwind"],"picked":"Warcry","floor":35},{"not_picked":["Warcry+1","Dropkick"],"picked":"Body Slam+1","floor":38},{"not_picked":["Sever Soul+1","Blood for Blood"],"picked":"Feel No Pain","floor":40},{"not_picked":["Body Slam","Pommel Strike+1"],"picked":"Battle Trance+1","floor":41},{"not_picked":["Armaments","Combust","Hemokinesis+1"],"picked":"SKIP","floor":42},{"not_picked":["Whirlwind","Clash+1","Flex"],"picked":"SKIP","floor":47}],"player_experience":28709,"relics_obtained":[{"floor":6.0,"key":"Dodecahedron"},{"floor":8.0,"key":"Bottled Lightning"},{"floor":9.0,"key":"Dream Catcher"},{"floor":23.0,"key":"Omamori"},{"floor":25.0,"key":"Nilry\u0027s Codex"},{"floor":26.0,"key":"Happy Flower"},{"floor":30.0,"key":"Pocketwatch"},{"floor":43,"key":"Pantograph"}],"event_choices":[{"damage_healed":0.0,"max_hp_gain":0.0,"max_hp_loss":0.0,"gold_gain":0.0,"event_name":"The Cleric","player_choice":"Leave","floor":2.0,"gold_loss":0.0,"damage_taken":0.0},{"damage_healed":0.0,"max_hp_gain":0.0,"max_hp_loss":0.0,"gold_gain":0.0,"event_name":"Liars Game","player_choice":"Ignored","floor":5.0,"gold_loss":0.0,"damage_taken":0.0},{"cards_removed":["Strike_R"],"damage_healed":0.0,"max_hp_gain":0.0,"max_hp_loss":0.0,"gold_gain":0.0,"event_name":"Purifier","player_choice":"Purged","floor":14.0,"gold_loss":0.0,"damage_taken":0.0},{"damage_healed":0.0,"max_hp_gain":0.0,"max_hp_loss":0.0,"gold_gain":0.0,"event_name":"Cursed Tome","player_choice":"Obtained Book","floor":25.0,"gold_loss":0.0,"damage_taken":16.0},{"damage_healed":26.0,"max_hp_gain":0.0,"max_hp_loss":0.0,"gold_gain":0.0,"event_name":"The Library","player_choice":"Heal","floor":29.0,"gold_loss":0.0,"damage_taken":0.0},{"damage_healed":0,"gold_gain":0,"player_choice":"3 cards matched","damage_taken":0,"max_hp_gain":0,"max_hp_loss":0,"event_name":"Match and Keep!","floor":37,"gold_loss":0,"cards_obtained":["Spot Weakness","Juggernaut","Bash"]},{"damage_healed":0,"gold_gain":0,"player_choice":"Copied","damage_taken":0,"max_hp_gain":0,"max_hp_loss":0,"event_name":"Duplicator","floor":39,"gold_loss":0,"cards_obtained":["Ghostly Armor"]},{"damage_healed":0,"gold_gain":0,"player_choice":"Paid","damage_taken":0,"relics_obtained":["Red Mask"],"max_hp_gain":0,"max_hp_loss":0,"event_name":"Tomb of Lord Red Mask","floor":45,"gold_loss":23},{"damage_healed":0,"gold_gain":0,"player_choice":"Ignored","damage_taken":0,"max_hp_gain":0,"max_hp_loss":0,"event_name":"Mysterious Sphere","floor":46,"gold_loss":0}],"is_beta":false,"boss_relics":[{"not_picked":["Runic Pyramid","Philosopher\u0027s Stone"],"picked":"Eternal Feather"},{"not_picked":["Runic Cube","Black Star"],"picked":"Runic Dome"}],"items_purged_floors":[11,36,44],"is_endless":false,"potions_floor_spawned":[1,3,6,7,10,18,21,27,30,42],"killed_by":"Writhing Mass","ascension_level":1}