{"path_per_floor":["M","$","M","?","M","E","M","R","T","?","M","M","M","M","R"],"character_chosen":"IRONCLAD","items_purchased":["Rampage"],"gold_per_floor":[110,75,85,85,103,137,153,153,178,178,195,207,225,235,235,235],"floor_reached":16,"campfire_rested":0,"playtime":473,"item_purchase_floors":[2],"current_hp_per_floor":[80,80,80,80,80,38,39,39,39,23,20,26,28,29,34,0],"items_purged":[],"gold":235,"score":106,"play_id":"717179a2-820e-4f88-b9eb-7e64dba16860","local_time":"20180529212635","is_prod":false,"is_daily":false,"chose_seed":false,"is_ascension_mode":false,"campfire_upgraded":2,"win_rate":0,"timestamp":1527643595,"campfire_choices":[{"data":"Body Slam","floor":8,"key":"SMITH"},{"data":"Armaments","floor":15,"key":"SMITH"}],"path_taken":["M","$","M","?","M","E","M","R","T","?","M","M","?","M","R","BOSS"],"build_version":"2018-05-28","seed_source_timestamp":592685546338167,"purchased_purges":0,"victory":false,"master_deck":["Strike_R","Strike_R","Strike_R","Strike_R","Defend_R","Defend_R","Defend_R","Defend_R","Bash","Rage+1","Rampage+1","True Grit","Inflame","Body Slam+1","Armaments+1","Double Tap","Shrug It Off"],"max_hp_per_floor":[80,80,80,80,80,80,80,80,80,80,80,80,80,80,85,85],"relics":["Burning Blood","NeowsBlessing","Orichalcum","Bag of Preparation"],"card_choices":[{"not_picked":["Flex","Dropkick"],"picked":"Rage","floor":1},{"not_picked":["Flex","Clash","Iron Wave"],"picked":"SKIP","floor":3},{"not_picked":["Havoc","Clothesline"],"picked":"True Grit","floor":5},{"not_picked":["Body Slam","Cleave"],"picked":"Inflame","floor":6},{"not_picked":["Dropkick","Havoc"],"picked":"Body Slam","floor":7},{"not_picked":["Iron Wave","Headbutt"],"picked":"Armaments","floor":11},{"not_picked":["Armaments","Searing Blow"],"picked":"Double Tap","floor":12},{"not_picked":["Rampage","Infernal Blade"],"picked":"Shrug It Off","floor":13},{"not_picked":["Anger","Flex","Power Through"],"picked":"SKIP","floor":14}],"player_experience":520472,"potions_floor_usage":[14,15,16,16],"damage_taken":[{"damage":0,"enemies":"2 Louse","floor":1,"turns":1},{"damage":0,"enemies":"Cultist","floor":3,"turns":1},{"damage":0,"enemies":"Jaw Worm","floor":5,"turns":1},{"damage":48,"enemies":"Lagavulin","floor":6,"turns":7},{"damage":5,"enemies":"Looter","floor":7,"turns":3},{"damage":9,"enemies":"Blue Slaver","floor":11,"turns":4},{"damage":0,"enemies":"3 Louse","floor":12,"turns":4},{"damage":4,"enemies":"Exordium Wildlife","floor":13,"turns":5},{"damage":5,"enemies":"Lots of Slimes","floor":14,"turns":4},{"damage":34,"enemies":"Slime Boss","floor":16,"turns":8}],"relics_obtained":[{"floor":6,"key":"Orichalcum"},{"floor":9,"key":"Bag of Preparation"}],"event_choices":[{"event_name":"Bonfire Elementals","player_choice":"BASIC","floor":4,"damage_taken":0},{"event_name":"Shining Light","player_choice":"Entered Light","floor":10,"damage_taken":0}],"boss_relics":[],"items_purged_floors":[],"potions_floor_spawned":[3,5,12,14],"seed_played":"447578261658684118","killed_by":"Slime Boss","ascension_level":0,"potions_obtained":[{"floor":3,"key":"Poison Potion"},{"floor":5,"key":"GamblersBrew"},{"floor":12,"key":"SteroidPotion"},{"floor":14,"key":"Fruit Juice"}],"is_trial":false}