{"path_per_floor":["M","?","?","$","M","R","M","T","T","M","M","R","E","M","R","B",null,"M","M","$","?","$","R","$","R","T","E","M","M","R","?","R","B",null,"M","?","?","?","M","R","?","R","T","M","T","T","M","$","R","B"],"character_chosen":"DEFECT","items_purchased":["Defragment","Loop+1","Redo","Amplify","Conserve Battery","Capacitor+1","Core Surge"],"gold_per_floor":[211,211,211,141,161,161,172,172,172,189,203,203,233,251,251,353,353,370,382,187,187,31,31,5,5,5,33,50,66,66,66,66,167,197,208,208,208,208,225,225,225,225,225,244,244,244,263,23,23,23],"floor_reached":51,"campfire_rested":0,"playtime":1572,"item_purchase_floors":[4,20,20,22,24,48,48],"current_hp_per_floor":[74,79,79,79,79,79,80,80,80,80,80,80,72,67,67,44,80,80,80,80,80,80,80,80,80,80,55,56,80,80,80,80,44,85,85,85,85,85,85,85,85,85,85,79,79,79,77,77,77,34],"items_purged":["Defend_B"],"gold":23,"score":688,"play_id":"1e1f1069-4721-429d-89c5-d7dd4f435371","local_time":"20180605181554","is_prod":false,"is_daily":false,"chose_seed":false,"is_ascension_mode":false,"campfire_upgraded":10,"win_rate":0,"timestamp":1528236954,"campfire_choices":[{"data":"Zap","floor":6,"key":"SMITH"},{"data":"Defragment","floor":12,"key":"SMITH"},{"data":"Auto Shields","floor":15,"key":"SMITH"},{"data":"Redo","floor":23,"key":"SMITH"},{"data":"Amplify","floor":25,"key":"SMITH"},{"data":"Force Field","floor":30,"key":"SMITH"},{"data":"Thunder Strike","floor":32,"key":"SMITH"},{"data":"Seek","floor":40,"key":"SMITH"},{"data":"Dualcast","floor":42,"key":"SMITH"},{"data":"Conserve Battery","floor":49,"key":"SMITH"}],"path_taken":["M","?","?","$","M","R","M","?","T","M","M","R","E","M","R","BOSS","M","M","$","?","$","R","?","R","T","E","M","?","R","?","R","BOSS","M","?","?","?","?","R","?","R","T","M","?","?","M","$","R","BOSS"],"build_version":"2018-06-04v2","seed_source_timestamp":509612874145465,"purchased_purges":1,"victory":true,"master_deck":["Strike_B","Strike_B","Strike_B+1","Defend_B","Defend_B","Defend_B","Zap+1","Dualcast+1","Leap","Defragment+1","Self Repair","Seek+1","Skim","Conserve Battery","Auto Shields+1","Self Repair+1","Static Discharge+1","Thunder Strike+1","Ball Lightning+1","Cold Snap","Loop+1","Redo+1","Force Field+1","Amplify+1","Conserve Battery+1","Core Surge","Self Repair+1","Electrodynamics+1","Ball Lightning","Ball Lightning+1","Static Discharge+1","Leap+1","FTL","Capacitor+1","Core Surge"],"max_hp_per_floor":[75,80,80,80,80,80,80,80,80,80,80,80,80,80,80,80,80,80,80,80,80,80,80,80,80,80,80,80,80,80,80,80,80,85,85,85,85,85,85,85,85,85,85,85,85,85,85,85,85,85],"relics":["Cracked Core","Frozen Egg 2","Dead Branch","Prayer Wheel","Cursed Key","Symbiotic Virus","Tiny House","Gambling Chip"],"card_choices":[{"not_picked":["Rebound","Barrage"],"picked":"Leap","floor":1},{"not_picked":["Barrage","FTL"],"picked":"Self Repair","floor":5},{"not_picked":["Consume","Aggregate"],"picked":"Seek","floor":7},{"not_picked":["Barrage","Go for the Eyes"],"picked":"Skim","floor":10},{"not_picked":["Stack","Compile Driver"],"picked":"Conserve Battery","floor":11},{"not_picked":["Hello World+1","Skim"],"picked":"Auto Shields","floor":13},{"not_picked":["Heatsinks+1","Lockon"],"picked":"Self Repair+1","floor":14},{"not_picked":["Darkness","Blizzard"],"picked":"Static Discharge+1","floor":14},{"not_picked":["Fission","Reboot"],"picked":"Thunder Strike","floor":16},{"not_picked":["Sweeping Beam","Fusion"],"picked":"Ball Lightning+1","floor":18},{"not_picked":["Streamline","Leap","Coolheaded"],"picked":"SKIP","floor":18},{"not_picked":["Compile Driver","Undo"],"picked":"Cold Snap","floor":19},{"not_picked":["Thunder Strike","Rebound","Heatsinks+1"],"picked":"SKIP","floor":19},{"not_picked":["Coolheaded","Compile Driver"],"picked":"Core Surge","floor":27},{"not_picked":["Steam Power","Streamline"],"picked":"Self Repair+1","floor":28},{"not_picked":["Chill+1","Darkness","Turbo"],"picked":"SKIP","floor":28},{"not_picked":["Scrape","Stack","Barrage+1"],"picked":"SKIP","floor":29},{"not_picked":["Recycle","Rebound","Steam Power+1"],"picked":"SKIP","floor":29},{"not_picked":["Buffer+1","All For One"],"picked":"Electrodynamics+1","floor":33},{"not_picked":["Sweeping Beam","Rip and Tear+1"],"picked":"Ball Lightning","floor":35},{"not_picked":["Auto Shields","Redo+1"],"picked":"Ball Lightning+1","floor":35},{"not_picked":["Sweeping Beam","Fusion","BootSequence"],"picked":"SKIP","floor":39},{"not_picked":["Leap+1","Compile Driver","Stack"],"picked":"SKIP","floor":39},{"not_picked":["Beam Cell+1","All For One"],"picked":"Static Discharge+1","floor":44},{"not_picked":["Cold Snap","Go for the Eyes"],"picked":"Leap+1","floor":44},{"not_picked":["Steam","Hologram+1"],"picked":"FTL","floor":47},{"not_picked":["Blizzard","Turbo+1","Chaos+1"],"picked":"SKIP","floor":47}],"player_experience":530932,"potions_floor_usage":[13,33],"damage_taken":[{"damage":1,"enemies":"2 Louse","floor":1,"turns":2},{"damage":0,"enemies":"Jaw Worm","floor":5,"turns":4},{"damage":1,"enemies":"Cultist","floor":7,"turns":4},{"damage":5,"enemies":"Exordium Wildlife","floor":10,"turns":5},{"damage":5,"enemies":"Blue Slaver","floor":11,"turns":5},{"damage":15,"enemies":"Gremlin Nob","floor":13,"turns":4},{"damage":5,"enemies":"Looter","floor":14,"turns":3},{"damage":40,"enemies":"Hexaghost","floor":16,"turns":10},{"damage":0,"enemies":"Spheric Guardian","floor":18,"turns":5},{"damage":0,"enemies":"Chosen","floor":19,"turns":6},{"damage":32,"enemies":"Gremlin Leader","floor":27,"turns":5},{"damage":9,"enemies":"Snake Plant","floor":28,"turns":4},{"damage":2,"enemies":"Sentry and Sphere","floor":29,"turns":5},{"damage":72,"enemies":"Champ","floor":33,"turns":10},{"damage":7,"enemies":"3 Shapes","floor":35,"turns":2},{"damage":0,"floor":38,"turns":5},{"damage":17,"enemies":"3 Darklings","floor":39,"turns":2},{"damage":30,"enemies":"Transient","floor":44,"turns":5},{"damage":12,"enemies":"Maw","floor":47,"turns":4},{"damage":43,"enemies":"Donu and Deca","floor":50,"turns":3}],"relics_obtained":[{"floor":8,"key":"Frozen Egg 2"},{"floor":9,"key":"Dead Branch"},{"floor":13,"key":"Prayer Wheel"},{"floor":27,"key":"Symbiotic Virus"},{"floor":38,"key":"Gambling Chip"}],"event_choices":[{"event_name":"Big Fish","player_choice":"Donut","floor":2,"damage_taken":0},{"event_name":"Bonfire Elementals","player_choice":"BASIC","floor":3,"damage_taken":0},{"event_name":"The Library","player_choice":"Read","floor":21,"damage_taken":0},{"event_name":"Drug Dealer","player_choice":"Ignored","floor":31,"damage_taken":0},{"event_name":"Accursed Blacksmith","player_choice":"Ignore","floor":36,"damage_taken":0},{"event_name":"The Woman in Blue","player_choice":"Bought 0 Potions","floor":37,"damage_taken":0},{"event_name":"MindBloom","player_choice":"Fight","floor":38,"damage_taken":0},{"event_name":"Mysterious Sphere","player_choice":"Ignore","floor":41,"damage_taken":0}],"boss_relics":[{"not_picked":["Inserter","Lizard Tail"],"picked":"Cursed Key"},{"not_picked":["Snecko Eye","Runic Dome"],"picked":"Tiny House"}],"items_purged_floors":[20],"potions_floor_spawned":[5,10,11,13,18,27,28,35,38],"seed_played":"-2085827874151715306","ascension_level":0,"potions_obtained":[{"floor":5,"key":"SteroidPotion"},{"floor":10,"key":"Block Potion"},{"floor":11,"key":"AttackPotion"},{"floor":13,"key":"SteroidPotion"},{"floor":27,"key":"Regen Potion"},{"floor":34,"key":"LiquidBronze"},{"floor":35,"key":"SteroidPotion"}],"is_trial":false}