{"gold_per_floor":[110,110,110,124,199,199,164,164,219,91,91,110,141,159,159,261,261,277,277,192,192,192,192,205,205,205,133,133,146,156,156],"floor_reached":31,"playtime":1220,"items_purged":["Strike_B"],"score":284,"play_id":"f8055883-82b9-4438-a728-0d9d31347954","local_time":"20181222010641","is_ascension_mode":true,"campfire_choices":[{"data":"Dualcast","floor":6.0,"key":"SMITH"},{"data":"Zap","floor":8.0,"key":"SMITH"},{"data":"Core Surge","floor":15.0,"key":"SMITH"},{"data":"Consume","floor":23.0,"key":"SMITH"},{"data":"Steam Power","floor":25.0,"key":"SMITH"},{"data":"Machine Learning","floor":28.0,"key":"SMITH"}],"neow_cost":"NONE","seed_source_timestamp":111985521263550,"circlet_count":0,"master_deck":["Strike_B+1","Defend_B+1","Defend_B","Defend_B","Defend_B","Zap+1","Dualcast+1","Steam Power+1","Conserve Battery","Consume+1","Core Surge+1","Machine Learning+1","Static Discharge","Rip and Tear","Self Repair","Leap+1","Ball Lightning+1"],"special_seed":0,"relics":["Cracked Core","Bag of Preparation","Boot","Bottled Flame","Inserter","Ginger","Cables"],"potions_floor_usage":[],"damage_taken":[{"damage":2.0,"enemies":"Jaw Worm","floor":1.0,"turns":4.0},{"damage":1.0,"enemies":"2 Louse","floor":4.0,"turns":2.0},{"damage":0.0,"enemies":"Small Slimes","floor":12.0,"turns":3.0},{"damage":0.0,"enemies":"Lagavulin","floor":13.0,"turns":5.0},{"damage":2.0,"enemies":"3 Louse","floor":14.0,"turns":3.0},{"damage":33.0,"enemies":"The Guardian","floor":16.0,"turns":12.0},{"damage":12.0,"enemies":"Chosen","floor":18.0,"turns":5.0},{"damage":20.0,"enemies":"Spheric Guardian","floor":22.0,"turns":4.0},{"damage":0.0,"enemies":"Spheric Guardian","floor":24.0,"turns":1.0},{"damage":19.0,"enemies":"Snake Plant","floor":29.0,"turns":3.0},{"damage":21.0,"enemies":"3 Cultists","floor":30.0,"turns":5.0},{"damage":18,"enemies":"Shelled Parasite and Fungi","floor":31,"turns":4}],"seed_played":"-6120714150279062530","potions_obtained":[{"floor":0.0,"key":"Swift Potion"},{"floor":0.0,"key":"SteroidPotion"},{"floor":0.0,"key":"Block Potion"},{"floor":13.0,"key":"Strength Potion"}],"is_trial":false,"path_per_floor":["M","?","?","M","?","R","?","R","T","$","?","M","E","M","R","B",null,"M","?","?","?","M","$","R","M","R","T","$","R","M","M","M"],"character_chosen":"DEFECT","items_purchased":["Conserve Battery","Self Repair"],"campfire_rested":0,"item_purchase_floors":[10,27],"current_hp_per_floor":[73,58,51,50,39,39,57,57,57,57,45,45,45,43,43,10,75,63,63,63,63,43,43,43,43,43,43,43,31,17,0],"gold":156,"neow_bonus":"THREE_SMALL_POTIONS","is_prod":false,"is_daily":false,"chose_seed":false,"campfire_upgraded":6,"win_rate":0,"timestamp":1545437201,"path_taken":["M","?","?","M","?","R","?","R","T","$","?","M","E","M","R","BOSS","M","?","?","?","?","R","M","R","T","$","R","?","M","M"],"build_version":"2018-12-20","purchased_purges":1,"victory":false,"max_hp_per_floor":[75,75,75,75,75,75,75,75,75,75,75,75,75,75,75,75,75,75,75,75,75,75,75,75,75,75,75,75,75,75,75],"card_choices":[{"not_picked":["Compile Driver","Rebound","Barrage"],"picked":"SKIP","floor":1.0},{"not_picked":["Redo","Double Energy"],"picked":"Steam Power","floor":4.0},{"not_picked":["Melter","Compile Driver"],"picked":"Consume","floor":12.0},{"not_picked":["Conserve Battery","Rainbow"],"picked":"Core Surge","floor":13.0},{"not_picked":["Streamline","Redo","Cold Snap"],"picked":"SKIP","floor":14.0},{"not_picked":["Meteor Strike","Seek"],"picked":"Machine Learning","floor":16.0},{"not_picked":["Steam Power","Scrape"],"picked":"Static Discharge","floor":18.0},{"not_picked":["Rip and Tear","Redo","Leap+1"],"picked":"SKIP","floor":24.0},{"not_picked":["Barrage","Turbo"],"picked":"Leap+1","floor":29.0},{"not_picked":["Rip and Tear","Recycle"],"picked":"Ball Lightning+1","floor":30.0}],"player_experience":323251,"relics_obtained":[{"floor":9.0,"key":"Bag of Preparation"},{"floor":13.0,"key":"Bottled Flame"},{"floor":26.0,"key":"Cables"}],"event_choices":[{"damage_healed":0.0,"max_hp_gain":0.0,"max_hp_loss":0.0,"gold_gain":0.0,"event_name":"Shining Light","player_choice":"Entered Light","floor":2.0,"gold_loss":0.0,"damage_taken":15.0,"cards_upgraded":["Defend_B","Strike_B"]},{"cards_removed":["Strike_B"],"damage_healed":0.0,"max_hp_gain":0.0,"max_hp_loss":0.0,"gold_gain":0.0,"event_name":"Golden Wing","player_choice":"Card Removal","floor":3.0,"gold_loss":0.0,"damage_taken":7.0},{"damage_healed":0.0,"max_hp_gain":0.0,"max_hp_loss":0.0,"gold_gain":75.0,"event_name":"World of Goop","player_choice":"Gather Gold","floor":5.0,"gold_loss":0.0,"damage_taken":11.0},{"damage_healed":18.0,"max_hp_gain":0.0,"max_hp_loss":0.0,"gold_gain":0.0,"event_name":"The Cleric","player_choice":"Healed","floor":7.0,"gold_loss":35.0,"damage_taken":0.0},{"damage_healed":0.0,"max_hp_gain":0.0,"max_hp_loss":0.0,"gold_gain":0.0,"event_name":"Scrap Ooze","player_choice":"Success","floor":11.0,"gold_loss":0.0,"damage_taken":12.0,"relics_obtained":["Boot"]},{"damage_healed":0.0,"max_hp_gain":0.0,"max_hp_loss":0.0,"gold_gain":0.0,"event_name":"Vampires","player_choice":"Ignored","floor":19.0,"gold_loss":0.0,"damage_taken":0.0},{"damage_healed":0.0,"max_hp_gain":0.0,"max_hp_loss":0.0,"gold_gain":0.0,"event_name":"Addict","player_choice":"Obtained Relic","floor":20.0,"gold_loss":85.0,"damage_taken":0.0,"relics_obtained":["Ginger"]},{"damage_healed":0.0,"max_hp_gain":0.0,"max_hp_loss":0.0,"gold_gain":0.0,"cards_transformed":["Strike_B"],"event_name":"Transmorgrifier","player_choice":"Transformed","floor":21.0,"gold_loss":0.0,"damage_taken":0.0,"cards_obtained":["Rip and Tear"]}],"is_beta":false,"boss_relics":[{"not_picked":["Pandora\u0027s Box","Sozu"],"picked":"Inserter"}],"items_purged_floors":[10],"is_endless":false,"potions_floor_spawned":[1,13,14,22],"killed_by":"Shelled Parasite and Fungi","ascension_level":2}