{"gold_per_floor":[365,381,381,398,254,254,254,254,280,280,293,321,338,371,371,371],"floor_reached":16,"playtime":287,"items_purged":[],"score":160,"play_id":"524eb939-93e4-4d5e-a7a9-e2a876ee33bf","local_time":"20190224155128","is_ascension_mode":false,"campfire_choices":[{"data":"Immolate","floor":6,"key":"SMITH"},{"data":"Anger","floor":8,"key":"SMITH"},{"data":"Bash","floor":10,"key":"SMITH"},{"data":"Strike_R+1","floor":15,"key":"SMITH"}],"neow_cost":"TEN_PERCENT_HP_LOSS","seed_source_timestamp":436925374733520,"circlet_count":0,"master_deck":["Strike_R","Strike_R","Strike_R+2","Strike_R","Defend_R+1","Defend_R","Defend_R","Defend_R","Bash+1","Anger+1","Immolate+1","Perfected Strike+1","Pot Of Greed","Pot Of Greed"],"relics":["Burning Blood","Simple Rune","Grinning Jar","The Courier","Replay:Towering Pillar of Hats"],"potions_floor_usage":[16,16],"damage_taken":[{"damage":1,"enemies":"2 Louse","floor":1,"turns":3},{"damage":0,"enemies":"Small Slimes","floor":2,"turns":3},{"damage":6,"enemies":"Jaw Worm","floor":4,"turns":2},{"damage":4,"enemies":"Blue Slaver","floor":11,"turns":2},{"damage":1,"enemies":"3 Sentries","floor":12,"turns":3},{"damage":10,"enemies":"Exordium Thugs","floor":13,"turns":2},{"damage":16,"enemies":"Gremlin Nob","floor":14,"turns":3}],"seed_played":"3637249066709606285","potions_obtained":[{"floor":2,"key":"SteroidPotion"},{"floor":13,"key":"AttackPotion"}],"is_trial":false,"path_per_floor":["M","M","?","M","$","R","?","R","T","R","M","E","M","E","R","B"],"character_chosen":"IRONCLAD","items_purchased":["Simple Rune"],"campfire_rested":0,"item_purchase_floors":[5],"current_hp_per_floor":[72,72,72,72,72,72,77,77,77,77,77,77,73,63,63,0],"gold":371,"neow_bonus":"TWO_FIFTY_GOLD","is_prod":false,"is_daily":false,"chose_seed":false,"campfire_upgraded":4,"win_rate":0,"timestamp":1551041488,"path_taken":["M","M","?","M","$","R","?","R","T","R","M","E","?","E","R","BOSS"],"build_version":"2019-01-23","purchased_purges":0,"victory":false,"max_hp_per_floor":[72,72,72,72,72,72,77,77,77,77,77,77,77,77,77,77],"card_choices":[{"not_picked":["Seeing Red","strawberrySpire:Spite"],"picked":"Anger","floor":1},{"not_picked":["Sword Boomerang","strawberrySpire:Spite"],"picked":"Immolate","floor":2},{"not_picked":["Infernal Blade","strawberrySpire:DraftPunk","Armaments"],"picked":"SKIP","floor":4},{"not_picked":["Sever Soul","Evolve","hubris:SharpeningStone"],"picked":"SKIP","floor":11},{"not_picked":["Replay:Undeath\u0027s Touch","ReplayReversal","ReplayTheSpireMod:Stacked"],"picked":"SKIP","floor":12},{"not_picked":["strawberrySpire:FireDrill","strawberrySpire:Overwork","hubris:SharpeningStone"],"picked":"SKIP","floor":13},{"not_picked":["ReplayTheSpireMod:Muscle Training","strawberrySpire:Taunt","strawberrySpire:DebrisPile"],"picked":"SKIP","floor":14}],"player_experience":721290,"relics_obtained":[{"floor":9,"key":"Grinning Jar"},{"floor":12,"key":"The Courier"},{"floor":14,"key":"Replay:Towering Pillar of Hats"}],"event_choices":[{"damage_healed":0,"gold_gain":0,"player_choice":"Donut","damage_taken":0,"max_hp_gain":5,"max_hp_loss":0,"event_name":"Big Fish","floor":7,"gold_loss":0}],"is_beta":false,"boss_relics":[],"items_purged_floors":[],"is_endless":false,"potions_floor_spawned":[2,13],"killed_by":"The Guardian","ascension_level":0}