{"gold_per_floor":[116,116,129,129,143,143,166,166,191,191,216,237,312,331,331,451,451,470,55,55,55,79,117,117,117,142,142,159,174,174],"floor_reached":30,"playtime":737,"items_purged":["Rupture"],"score":267,"play_id":"9c6f1ac9-8293-4c45-a40c-77463d2581b3","local_time":"20190912150507","is_ascension_mode":false,"campfire_choices":[{"floor":6,"key":"REST"},{"floor":10,"key":"REST"},{"floor":15,"key":"REST"},{"floor":25,"key":"REST"},{"floor":27,"key":"REST"}],"neow_cost":"NONE","seed_source_timestamp":2285120484066800,"circlet_count":0,"master_deck":["Strike_R","Strike_R","Strike_R","Strike_R+1","Strike_R","Defend_R","Defend_R","Defend_R","Defend_R","Bash+1","Whirlwind","Whirlwind","Impervious","Flex","Metallicize+1"],"relics":["Fusion Hammer","Bloody Idol","Strawberry","Ancient Tea Set","Runic Dome","MealTicket","Whetstone","Kunai","Art of War"],"potions_floor_usage":[5,14,16,16,22,29],"damage_taken":[{"damage":6,"enemies":"Cultist","floor":1,"turns":3},{"damage":8,"enemies":"Small Slimes","floor":3,"turns":2},{"damage":7,"enemies":"Jaw Worm","floor":5,"turns":3},{"damage":11,"enemies":"Large Slime","floor":7,"turns":3},{"damage":0,"enemies":"3 Louse","floor":11,"turns":2},{"damage":14,"enemies":"Blue Slaver","floor":12,"turns":3},{"damage":8,"enemies":"Gremlin Gang","floor":14,"turns":3},{"damage":65,"enemies":"Slime Boss","floor":16,"turns":12},{"damage":30,"enemies":"Spheric Guardian","floor":18,"turns":4},{"damage":10,"enemies":"2 Thieves","floor":22,"turns":2},{"damage":0,"enemies":"Gremlin Leader","floor":23,"turns":6},{"damage":30,"enemies":"Cultist and Chosen","floor":28,"turns":6},{"damage":35,"enemies":"Chosen and Byrds","floor":29,"turns":8},{"damage":31,"enemies":"Shelled Parasite and Fungi","floor":30,"turns":5}],"seed_played":"1275554004979787062","potions_obtained":[{"floor":1,"key":"Explosive Potion"},{"floor":3,"key":"Dexterity Potion"},{"floor":11,"key":"Swift Potion"},{"floor":14,"key":"Block Potion"},{"floor":16,"key":"Fire Potion"},{"floor":28,"key":"Energy Potion"}],"is_trial":false,"path_per_floor":["M","?","M","?","M","R","M","?","T","R","M","M","?","M","R","B",null,"M","$","?","?","M","E","?","R","T","R","M","M","M"],"character_chosen":"IRONCLAD","items_purchased":["MealTicket","Whetstone"],"campfire_rested":5,"item_purchase_floors":[19,19],"current_hp_per_floor":[74,74,66,48,41,65,54,54,54,78,78,64,53,45,69,4,81,51,51,51,51,41,41,41,65,70,81,56,26,0],"gold":174,"neow_bonus":"BOSS_RELIC","is_prod":false,"is_daily":false,"chose_seed":false,"campfire_upgraded":0,"win_rate":0,"timestamp":1568315107,"path_taken":["M","?","M","?","M","R","M","?","T","R","?","M","?","M","R","BOSS","M","$","?","?","?","E","?","R","T","R","M","M","M"],"build_version":"2019-07-17","purchased_purges":1,"victory":false,"max_hp_per_floor":[80,74,74,81,81,81,81,81,81,81,81,81,81,81,81,81,81,81,81,81,81,81,81,81,81,81,81,81,81,81],"card_choices":[{"not_picked":["True Grit","Dropkick"],"picked":"Whirlwind","floor":1},{"not_picked":["Metallicize","Shrug It Off","Pummel"],"picked":"SKIP","floor":3},{"not_picked":["Perfected Strike","Battle Trance"],"picked":"Rupture","floor":5},{"not_picked":["Havoc","Second Wind","Body Slam"],"picked":"SKIP","floor":7},{"not_picked":["Iron Wave","Juggernaut","Pommel Strike"],"picked":"SKIP","floor":11},{"not_picked":["Carnage","Flex"],"picked":"Whirlwind","floor":12},{"not_picked":["Power Through","Clothesline","Heavy Blade"],"picked":"SKIP","floor":14},{"not_picked":["Exhume","Dark Embrace"],"picked":"Impervious","floor":16},{"not_picked":["Cleave","Searing Blow"],"picked":"Flex","floor":18},{"not_picked":["Cleave","Second Wind","Feel No Pain+1"],"picked":"SKIP","floor":22},{"not_picked":["Twin Strike","Iron Wave+1","Metallicize"],"picked":"SKIP","floor":23},{"not_picked":["Body Slam","Rampage","Heavy Blade"],"picked":"SKIP","floor":28},{"not_picked":["Uppercut","Heavy Blade"],"picked":"Metallicize+1","floor":29}],"player_experience":388370,"relics_obtained":[{"floor":9,"key":"Ancient Tea Set"},{"floor":23,"key":"Kunai"},{"floor":26,"key":"Art of War"}],"event_choices":[{"damage_healed":0,"gold_gain":0,"player_choice":"Lose Max HP","damage_taken":0,"relics_obtained":["Golden Idol"],"max_hp_gain":0,"max_hp_loss":6,"event_name":"Golden Idol","floor":2,"gold_loss":0},{"damage_healed":0,"gold_gain":0,"player_choice":"Success","damage_taken":25,"relics_obtained":["Strawberry"],"max_hp_gain":0,"max_hp_loss":0,"event_name":"Scrap Ooze","floor":4,"gold_loss":0},{"damage_healed":0,"gold_gain":0,"player_choice":"Ignored","damage_taken":0,"max_hp_gain":0,"max_hp_loss":0,"event_name":"Liars Game","floor":8,"gold_loss":0},{"damage_healed":0,"gold_gain":75,"player_choice":"Gather Gold","damage_taken":11,"max_hp_gain":0,"max_hp_loss":0,"event_name":"World of Goop","floor":13,"gold_loss":0},{"damage_healed":0,"gold_gain":0,"player_choice":"Ignored","damage_taken":0,"max_hp_gain":0,"max_hp_loss":0,"event_name":"Vampires","floor":20,"gold_loss":0},{"damage_healed":0,"gold_gain":0,"player_choice":"Ignored","damage_taken":0,"max_hp_gain":0,"max_hp_loss":0,"event_name":"NoteForYourself","floor":21,"gold_loss":0},{"damage_healed":0,"gold_gain":0,"player_choice":"Gave Idol","damage_taken":0,"relics_obtained":["Bloody Idol"],"max_hp_gain":0,"max_hp_loss":0,"event_name":"Forgotten Altar","floor":24,"relics_lost":["Golden Idol"],"gold_loss":0}],"is_beta":false,"boss_relics":[{"not_picked":["Coffee Dripper","Ectoplasm"],"picked":"Runic Dome"}],"items_purged_floors":[19],"is_endless":false,"potions_floor_spawned":[1,3,11,14,16,28],"killed_by":"Shelled Parasite and Fungi","ascension_level":0}