{"path_per_floor":["M","?","?","M","?","E","R","E","T","R","M","$","E","?","R","B",null,"M","?","M","?","M","E","M","E","T","M","E","R","M","M","R","B",null,"M","$","M","?","M","R","E","R","T","R","M","M","$","M","R","B"],"character_chosen":"IRONCLAD","items_purchased":["Apotheosis","Corruption","Pummel","Shrug It Off","Havoc","Sundial","Blood for Blood","Shrug It Off"],"gold_per_floor":[16,91,91,105,105,139,139,174,201,201,221,6,38,38,38,157,157,175,175,195,195,209,244,258,298,298,321,360,360,379,398,398,518,518,537,320,335,335,349,349,387,387,387,387,411,435,14,29,29,29],"floor_reached":51,"campfire_rested":1,"playtime":7075,"current_hp_per_floor":[80,69,69,70,63,51,51,40,40,40,43,43,20,20,44,29,80,60,41,32,32,37,41,32,41,41,41,41,41,41,44,44,23,48,33,33,51,41,49,49,56,56,56,56,60,60,60,63,63,57],"items_purged":["Injury"],"gold":29,"score":1016,"play_id":"38cc6690-0384-4e71-b33a-7e71ac2e756c","local_time":"20180412010420","is_prod":false,"is_daily":false,"is_ascension_mode":true,"campfire_upgraded":8,"timestamp":1523520260,"path_taken":["M","?","?","?","?","E","R","E","T","R","M","$","E","?","R","BOSS","M","?","M","?","?","E","?","E","T","?","E","R","M","M","R","BOSS","M","$","?","?","?","R","E","R","T","R","M","M","$","M","R","BOSS"],"build_version":"2018-04-05v2","purchased_purges":1,"victory":true,"master_deck":["Bash","Impervious","Inflame+1","Rage+1","Regret","Thunderclap","Feel No Pain+1","Pummel","Rupture","Apotheosis+1","Corruption+1","Rage","Reaper","Shrug It Off","Fire Breathing","Headbutt","Twin Strike","Iron Wave","Body Slam","Headbutt","Ghostly","Ghostly","Ghostly","Ghostly","Ghostly","Dropkick","Writhe","Warcry","Clash+1","Battle Trance+1","Dual Wield","Shrug It Off","Heavy Blade","Feed","Heavy Blade","Brutality+1","Body Slam","Pummel","Shrug It Off","Havoc","Battle Trance+1","Enlightenment","Trip","Jack Of All Trades+1","Heavy Blade+1","Shrug It Off+1","Heavy Blade+1","Blood for Blood","Shrug It Off","Entrench+1"],"max_hp_per_floor":[80,80,80,80,80,80,80,80,80,80,80,80,80,80,80,80,80,82,41,41,41,41,41,41,41,41,41,41,41,41,44,44,48,48,51,51,51,51,53,53,56,56,56,56,60,60,60,64,64,64],"relics":["Burning Blood","Gremlin Horn","Anchor","Thread and Needle","Gambling Chip","Happy Flower","Singing Bowl","Golden Idol","Pandora\u0027s Box","Bronze Scales","Unceasing Top","Bottled Tornado","Pen Nib","Blood Vial","Sozu","Regal Pillow","Du-Vu Doll","Sundial"],"card_choices":[{"not_picked":["Dropkick","Anger"],"picked":"Rage","floor":1.0},{"not_picked":["Second Wind","Havoc"],"picked":"Thunderclap","floor":4.0},{"not_picked":["Havoc","Cleave"],"picked":"Feel No Pain","floor":6.0},{"not_picked":["Infernal Blade","Cleave"],"picked":"Pummel","floor":8.0},{"not_picked":["Hemokinesis","Headbutt"],"picked":"Rupture","floor":11.0},{"not_picked":["Burning Pact","Shrug It Off"],"picked":"Rage","floor":13.0},{"not_picked":["Offering","Berserk"],"picked":"Reaper","floor":16.0},{"not_picked":["Warcry","Clothesline"],"picked":"Dropkick","floor":20.0},{"not_picked":["Perfected Strike","Twin Strike"],"picked":"Warcry","floor":22.0},{"not_picked":["Shockwave","Second Wind"],"picked":"Clash","floor":23.0},{"not_picked":["Corruption","Metallicize"],"picked":"Battle Trance","floor":24.0},{"not_picked":["Clothesline","Cleave"],"picked":"Dual Wield","floor":25.0},{"not_picked":["Sword Boomerang","True Grit"],"picked":"Shrug It Off","floor":27.0},{"not_picked":["Second Wind","Headbutt"],"picked":"Heavy Blade","floor":28.0},{"not_picked":["Inflame","Armaments"],"picked":"Feed","floor":30.0},{"not_picked":["Infernal Blade","Flex"],"picked":"Heavy Blade","floor":31.0},{"not_picked":["Immolate","Fiend Fire"],"picked":"Brutality","floor":33.0},{"not_picked":["Sword Boomerang","Clothesline"],"picked":"Body Slam","floor":35},{"not_picked":["Second Wind","Twin Strike"],"picked":"Battle Trance","floor":37},{"not_picked":["Finesse","Dramatic Entrance"],"picked":"Enlightenment","floor":38},{"not_picked":["Flash of Steel","Blind"],"picked":"Trip","floor":38},{"not_picked":["Apotheosis","Bandage Up"],"picked":"Jack Of All Trades","floor":38},{"not_picked":["Infernal Blade","Pommel Strike"],"picked":"Heavy Blade","floor":41},{"not_picked":["Entrench","Clothesline"],"picked":"Shrug It Off","floor":45},{"not_picked":["True Grit","Twin Strike"],"picked":"Heavy Blade","floor":46},{"not_picked":["Ghostly Armor","Reckless Charge"],"picked":"Entrench","floor":48}],"player_experience":228830,"potions_floor_usage":[],"damage_taken":[{"damage":1.0,"enemies":"2 Louse","floor":1.0,"turns":3.0},{"damage":5.0,"enemies":"Jaw Worm","floor":4.0,"turns":4.0},{"damage":18.0,"enemies":"Lagavulin","floor":6.0,"turns":5.0},{"damage":17.0,"enemies":"3 Sentries","floor":8.0,"turns":8.0},{"damage":3.0,"enemies":"Cultist","floor":11.0,"turns":3.0},{"damage":29.0,"enemies":"Gremlin Nob","floor":13.0,"turns":5.0},{"damage":21.0,"enemies":"Hexaghost","floor":16.0,"turns":8.0},{"damage":28.0,"enemies":"Spheric Guardian","floor":18.0,"turns":5.0},{"damage":17.0,"enemies":"Chosen","floor":20.0,"turns":7.0},{"damage":1.0,"enemies":"Snake Plant","floor":22.0,"turns":4.0},{"damage":6.0,"enemies":"Slavers","floor":23.0,"turns":7.0},{"damage":17.0,"enemies":"Snecko","floor":24.0,"turns":7.0},{"damage":1.0,"enemies":"Gremlin Leader","floor":25.0,"turns":6.0},{"damage":1.0,"enemies":"3 Cultists","floor":27.0,"turns":4.0},{"damage":3.0,"enemies":"Book of Stabbing","floor":28.0,"turns":5.0},{"damage":1.0,"enemies":"Slaver and Parasite","floor":30.0,"turns":7.0},{"damage":1.0,"enemies":"Cultist and Chosen","floor":31.0,"turns":6.0},{"damage":31.0,"enemies":"Automaton","floor":33.0,"turns":8.0},{"damage":24,"enemies":"3 Shapes","floor":35,"turns":4},{"damage":3,"enemies":"3 Darklings","floor":37,"turns":4},{"damage":2,"enemies":"Sphere and 2 Shapes","floor":39,"turns":4},{"damage":0,"enemies":"2 Orb Walkers","floor":41,"turns":3},{"damage":2,"enemies":"Maw","floor":45,"turns":6},{"damage":1,"enemies":"3 Darklings","floor":46,"turns":4},{"damage":7,"enemies":"Sphere and 2 Shapes","floor":48,"turns":8},{"damage":22,"enemies":"Awakened One","floor":50,"turns":8}],"event_choices":[{"event_name":"World of Goop","player_choice":"Gather Gold","floor":2.0,"damage_taken":0.0},{"event_name":"Big Fish","player_choice":"Box","floor":3.0,"damage_taken":0.0},{"event_name":"Scrap Ooze","player_choice":"success","floor":5.0,"damage_taken":7.0},{"event_name":"Golden Idol","player_choice":"Take Wound","floor":14.0,"damage_taken":0.0},{"event_name":"Ghosts","player_choice":"Became a Ghost","floor":19.0,"damage_taken":0.0},{"event_name":"The Mausoleum","player_choice":"Yes","floor":21.0,"damage_taken":0.0},{"event_name":"SensoryStone","player_choice":"Memory 3","floor":38,"damage_taken":0}],"boss_relics":[{"not_picked":["Black Blood","Lizard Tail"],"picked":"Sozu"}],"potions_floor_spawned":[1,4,11,20,22,24,27,28,31,37,39,45,48],"seed_played":"4525126156382018423","ascension_level":4,"is_trial":false}