{"gold_per_floor":[109,34,34,34,46,46,46,26,26,60,135,0,14,14,14,117,117,129,129,129,141,141,141],"floor_reached":23,"playtime":1213,"items_purged":["Defend_R"],"score":235,"play_id":"4e55d79d-6881-443d-a209-a86ce9629d09","local_time":"20190916232832","is_ascension_mode":false,"campfire_choices":[{"data":"Shrug It Off","floor":6,"key":"SMITH"},{"data":"Shrug It Off","floor":15,"key":"SMITH"}],"neow_cost":"NONE","seed_source_timestamp":68443851281200,"circlet_count":0,"master_deck":["Strike_R","Strike_R","Strike_R","Strike_R","Strike_R","Defend_R","Defend_R","Defend_R","Bash","Shrug It Off+1","Shrug It Off+1","Shrug It Off","Shrug It Off+1","Headbutt+1"],"relics":["Burning Blood","NeowsBlessing","The Courier","Pen Nib","Gremlin Horn","Juzu Bracelet","Happy Flower","Black Star","MutagenicStrength"],"potions_floor_usage":[16,18],"damage_taken":[{"damage":0,"enemies":"Cultist","floor":1,"turns":1},{"damage":0,"enemies":"Jaw Worm","floor":5,"turns":1},{"damage":0,"enemies":"Gremlin Nob","floor":10,"turns":1},{"damage":0,"enemies":"2 Louse","floor":13,"turns":2},{"damage":5,"enemies":"The Guardian","floor":16,"turns":19},{"damage":28,"enemies":"Shell Parasite","floor":18,"turns":19},{"damage":40,"enemies":"3 Byrds","floor":21,"turns":13},{"damage":51,"enemies":"Book of Stabbing","floor":23,"turns":4}],"seed_played":"8883201795540413889","potions_obtained":[{"floor":1,"key":"GamblersBrew"},{"floor":13,"key":"Energy Potion"}],"is_trial":false,"path_per_floor":["M","$","?","$","M","R","?","$","T","E","?","$","M","?","R","B",null,"M","$","?","M","?","E"],"character_chosen":"IRONCLAD","items_purchased":["Shrug It Off","Happy Flower","Shrug It Off"],"campfire_rested":0,"item_purchase_floors":[8,12,12],"current_hp_per_floor":[80,80,80,80,80,80,80,80,80,80,69,69,75,68,68,69,80,58,58,80,46,46,0],"gold":141,"neow_bonus":"THREE_ENEMY_KILL","is_prod":false,"is_daily":false,"chose_seed":false,"campfire_upgraded":2,"win_rate":0,"timestamp":1568690912,"path_taken":["M","?","?","$","M","R","?","$","T","E","?","$","M","?","R","BOSS","M","$","?","M","?","E"],"build_version":"2019-07-17","purchased_purges":1,"victory":false,"max_hp_per_floor":[80,80,80,80,80,80,80,80,80,80,80,80,80,80,80,80,80,80,80,80,80,80,80],"card_choices":[{"not_picked":["Hemokinesis","Metallicize","Corruption"],"picked":"SKIP","floor":1},{"not_picked":["Rampage","Havoc"],"picked":"Shrug It Off","floor":5},{"not_picked":["Flex","Anger","Juggernaut"],"picked":"SKIP","floor":10},{"not_picked":["Twin Strike","Headbutt","Armaments"],"picked":"SKIP","floor":13},{"not_picked":["Shockwave","Infernal Blade"],"picked":"Shrug It Off+1","floor":18},{"not_picked":["Wild Strike","Heavy Blade"],"picked":"Headbutt+1","floor":21}],"player_experience":542820,"relics_obtained":[{"floor":9,"key":"Gremlin Horn"},{"floor":10,"key":"Juzu Bracelet"}],"event_choices":[{"damage_healed":0,"gold_gain":0,"player_choice":"Box","damage_taken":0,"relics_obtained":["The Courier"],"max_hp_gain":0,"max_hp_loss":0,"event_name":"Big Fish","floor":3,"gold_loss":0,"cards_obtained":["Regret"]},{"damage_healed":0,"gold_gain":0,"player_choice":"Searched \u00271\u0027 times","damage_taken":0,"relics_obtained":["Pen Nib"],"max_hp_gain":0,"max_hp_loss":0,"event_name":"Dead Adventurer","floor":7,"gold_loss":0},{"damage_healed":0,"gold_gain":75,"player_choice":"Gather Gold","damage_taken":11,"max_hp_gain":0,"max_hp_loss":0,"event_name":"World of Goop","floor":11,"gold_loss":0},{"cards_removed":["Regret"],"damage_healed":0,"gold_gain":0,"player_choice":"Card Removal","damage_taken":7,"max_hp_gain":0,"max_hp_loss":0,"event_name":"Golden Wing","floor":14,"gold_loss":0},{"damage_healed":26,"gold_gain":0,"player_choice":"Heal","damage_taken":0,"max_hp_gain":0,"max_hp_loss":0,"event_name":"The Library","floor":20,"gold_loss":0},{"damage_healed":0,"gold_gain":0,"player_choice":"Inject Mutagens","damage_taken":0,"relics_obtained":["MutagenicStrength"],"max_hp_gain":0,"max_hp_loss":0,"event_name":"Drug Dealer","floor":22,"gold_loss":0}],"is_beta":false,"boss_relics":[{"not_picked":["White Beast Statue","Runic Dome"],"picked":"Black Star"}],"items_purged_floors":[2],"is_endless":false,"potions_floor_spawned":[1,13],"killed_by":"Book of Stabbing","ascension_level":0}