{"path_per_floor":["M","M","?","M","?","R","M","M","T","M","R","?","M","M","R","B",null,"M","$","M","M","M","R","?","M","T","?","M","M","E","?","R","B",null,"M","?","$","M","M","R","$","R","T","?","M","M","?","M","R","B"],"character_chosen":"THE_SILENT","items_purchased":["Thread and Needle","Gremlin Horn"],"gold_per_floor":[114,133,133,146,146,146,162,173,200,217,217,272,283,296,296,398,398,416,29,39,51,68,68,68,82,82,82,101,113,143,143,143,242,242,260,260,5,24,39,39,39,39,85,85,103,115,115,127,127,127],"floor_reached":51,"campfire_rested":0,"playtime":2414,"current_hp_per_floor":[62,62,62,59,59,59,47,33,33,33,33,21,21,14,14,3,70,70,70,70,70,56,56,56,56,56,56,58,58,60,46,46,15,79,78,78,78,80,80,80,80,80,80,70,57,54,54,55,55,17],"items_purged":["Regret"],"gold":127,"score":717,"play_id":"46349b9f-7899-45f5-b08e-112ba6e88127","local_time":"20180414223841","is_prod":false,"is_daily":false,"chose_seed":false,"is_ascension_mode":false,"campfire_upgraded":8,"timestamp":1523759921,"path_taken":["M","M","?","M","?","R","M","M","T","M","R","?","M","M","R","BOSS","M","$","M","M","M","R","?","M","T","?","?","M","E","?","R","BOSS","M","?","$","?","M","R","$","R","T","?","M","M","?","?","R","BOSS"],"build_version":"2018-04-12","seed_source_timestamp":1203668044087901,"purchased_purges":1,"victory":true,"master_deck":["Survivor+1","Neutralize+1","Flechettes+1","Dagger Throw","Sucker Punch","Flying Knee","Heel Hook","Prepared","PiercingWail+1","Reflex+1","Backflip","Dagger Spray","Cloak And Dagger","Expertise","Dodge and Roll","Dash","Noxious Fumes+1","Adrenaline+1","Bane+1","Blade Dance+1","Backstab+1","Dodge and Roll","Bane+1","Adrenaline+1","Venomology","Blur","Burst","Bane+1","Well Laid Plans+1","Madness","Madness","Dodge and Roll+1","Escape Plan+1"],"max_hp_per_floor":[70,70,70,70,70,70,70,70,70,70,70,70,70,70,70,70,70,70,70,70,70,70,70,70,70,70,70,72,72,74,79,79,79,79,79,79,79,81,81,81,81,81,81,81,81,81,81,83,83,83],"relics":["Pandora\u0027s Box","War Paint","Happy Flower","Bag of Preparation","Runic Dome","Thread and Needle","Singing Bowl","Tough Bandages","Lizard Tail","Gremlin Horn","Lantern"],"card_choices":[{"not_picked":["Deadly Poison","Dagger Spray"],"picked":"Cloak And Dagger","floor":1},{"not_picked":["Outmaneuver","Dodge and Roll"],"picked":"Expertise","floor":2},{"not_picked":["Acrobatics","Poisoned Stab"],"picked":"Dodge and Roll","floor":4},{"not_picked":["Distraction","Slice"],"picked":"Dash","floor":7},{"not_picked":["Bane","PiercingWail"],"picked":"Noxious Fumes","floor":10},{"not_picked":["Deadly Poison","Poisoned Stab"],"picked":"Adrenaline","floor":12},{"not_picked":["Reflex","Poisoned Stab"],"picked":"Bane","floor":13},{"not_picked":["Accuracy","Escape Plan"],"picked":"Blade Dance","floor":14},{"not_picked":["Venomology","Tools of the Trade"],"picked":"Glass Knife","floor":16},{"not_picked":["Quick Slash","Endless Agony"],"picked":"Backstab","floor":18},{"not_picked":["Choke","Backflip"],"picked":"Dodge and Roll","floor":20},{"not_picked":["Dagger Throw","Riddle With Holes"],"picked":"Bane","floor":21},{"not_picked":["Predator","Outmaneuver"],"picked":"Venomology","floor":25},{"not_picked":["Dodge and Roll","Outmaneuver"],"picked":"Blur","floor":29},{"not_picked":["Corpse Explosion","Bullet Time"],"picked":"Burst","floor":33},{"not_picked":["Acrobatics","Caltrops"],"picked":"Bane","floor":35},{"not_picked":["PiercingWail","Acrobatics"],"picked":"Well Laid Plans","floor":39},{"not_picked":["Sucker Punch","Prepared"],"picked":"Dodge and Roll","floor":45},{"not_picked":["Riddle With Holes","Outmaneuver"],"picked":"Escape Plan","floor":46}],"player_experience":350821,"potions_floor_usage":[16,28,29,30,33,33,38,38,45,46,48,50,50,50,50],"damage_taken":[{"damage":8,"enemies":"Jaw Worm","floor":1,"turns":2},{"damage":0,"enemies":"Small Slimes","floor":2,"turns":3},{"damage":3,"enemies":"Cultist","floor":4,"turns":3},{"damage":12,"enemies":"Exordium Wildlife","floor":7,"turns":4},{"damage":14,"enemies":"Gremlin Gang","floor":8,"turns":3},{"damage":0,"enemies":"Large Slime","floor":10,"turns":4},{"damage":12,"enemies":"Lagavulin Event","floor":12,"turns":6},{"damage":0,"enemies":"3 Louse","floor":13,"turns":2},{"damage":7,"enemies":"2 Fungi Beasts","floor":14,"turns":2},{"damage":11,"enemies":"Hexaghost","floor":16,"turns":9},{"damage":0,"enemies":"3 Byrds","floor":18,"turns":3},{"damage":0,"enemies":"2 Thieves","floor":20,"turns":3},{"damage":0,"enemies":"Sentry and Sphere","floor":21,"turns":4},{"damage":14,"enemies":"Snake Plant","floor":22,"turns":4},{"damage":0,"enemies":"Centurion and Healer","floor":25,"turns":4},{"damage":0,"enemies":"Snecko","floor":28,"turns":3},{"damage":0,"enemies":"Snake Plant","floor":29,"turns":3},{"damage":0,"enemies":"Gremlin Leader","floor":30,"turns":6},{"damage":31,"enemies":"Champ","floor":33,"turns":11},{"damage":1,"enemies":"3 Shapes","floor":35,"turns":3},{"damage":0,"enemies":"Orb Walker","floor":38,"turns":3},{"damage":0,"enemies":"4 Shapes","floor":39,"turns":4},{"damage":13,"enemies":"3 Darklings","floor":45,"turns":6},{"damage":3,"enemies":"Maw","floor":46,"turns":8},{"damage":1,"enemies":"Sphere and 2 Shapes","floor":48,"turns":5},{"damage":38,"enemies":"Donu and Deca","floor":50,"turns":10}],"event_choices":[{"event_name":"Big Fish","player_choice":"Box","floor":3,"damage_taken":0},{"event_name":"The Woman in Blue","player_choice":"Bought 0 Potions","floor":5,"damage_taken":0},{"event_name":"Dead Adventurer","player_choice":"Searched \u00271\u0027 times","floor":12,"damage_taken":0},{"event_name":"Duplicator","player_choice":"One dupe","floor":24,"damage_taken":0},{"event_name":"Ghosts","player_choice":"Ignored","floor":27,"damage_taken":0},{"event_name":"Forgotten Altar","player_choice":"Shed Blood","floor":31,"damage_taken":0},{"event_name":"Tomb of Lord Red Mask","player_choice":"Ignored","floor":36,"damage_taken":0},{"event_name":"Winding Halls","player_choice":"Embrace Madness","floor":44,"damage_taken":0}],"boss_relics":[{"not_picked":["Ectoplasm","Astrolabe"],"picked":"Runic Dome"},{"not_picked":["Orrery","White Beast Statue"],"picked":"Lizard Tail"}],"potions_floor_spawned":[2,8,12,16,20,21,25,35,38,45],"seed_played":"1499254654097065603","ascension_level":0,"is_trial":false}