{"path_per_floor":["M","$","M","M","$","E","M","R","T","?","M","M","E","M","R","B",null,"M","M","M","?"],"character_chosen":"IRONCLAD","items_purchased":["Feed","True Grit"],"gold_per_floor":[113,44,64,77,30,56,66,66,66,66,83,96,122,141,141,240,240,256,275,295,295,295],"floor_reached":22,"campfire_rested":0,"playtime":748,"current_hp_per_floor":[80,80,83,86,86,60,54,54,54,83,85,87,78,84,84,50,93,61,56,43,43,0],"items_purged":[],"gold":295,"score":250,"play_id":"017e4cae-b3a2-41b3-a4a7-4c27f11c8699","local_time":"20180424222336","is_prod":false,"is_daily":false,"chose_seed":false,"is_ascension_mode":false,"campfire_upgraded":2,"timestamp":1524623016,"path_taken":["M","$","?","M","?","E","M","R","T","?","M","M","E","M","R","BOSS","M","M","?","?","M"],"build_version":"2018-04-19","seed_source_timestamp":2068432607025943,"purchased_purges":0,"victory":false,"master_deck":["Strike_R","Strike_R","Strike_R","Strike_R","Strike_R","Defend_R","Defend_R","Defend_R","Defend_R","Bash","Flex","Feed+1","Shrug It Off","Seeing Red","True Grit","Rampage+1","Flex","Thunderclap","Thunderclap","Flex+1","Flex+1","Exhume+1","Armaments+1"],"max_hp_per_floor":[80,80,83,86,86,86,89,89,89,89,89,89,93,93,93,93,93,93,97,101,101,101],"relics":["Burning Blood","NeowsBlessing","Bottled Flame","Mercury Hourglass","Toxic Egg 2","Runic Pyramid"],"card_choices":[{"not_picked":["Iron Wave","Twin Strike"],"picked":"Flex","floor":1},{"not_picked":["Twin Strike","Shockwave"],"picked":"Shrug It Off","floor":3},{"not_picked":["Wild Strike","Anger"],"picked":"Seeing Red","floor":4},{"not_picked":["Body Slam","Bloodletting"],"picked":"Rampage","floor":6},{"not_picked":["Clothesline","Seeing Red"],"picked":"Flex","floor":7},{"not_picked":["Spot Weakness","Heavy Blade"],"picked":"Thunderclap","floor":11},{"not_picked":["Twin Strike","Rage"],"picked":"Thunderclap","floor":12},{"not_picked":["Second Wind","Wild Strike"],"picked":"Flex","floor":13},{"not_picked":["Perfected Strike","Headbutt"],"picked":"Flex","floor":14},{"not_picked":["Bludgeon","Juggernaut"],"picked":"Exhume","floor":16},{"not_picked":["Rupture","Headbutt"],"picked":"Armaments","floor":19}],"player_experience":387670,"potions_floor_usage":[6,13,22,22],"damage_taken":[{"damage":0,"enemies":"Cultist","floor":1,"turns":1},{"damage":0,"enemies":"2 Louse","floor":3,"turns":1},{"damage":0,"enemies":"Jaw Worm","floor":4,"turns":1},{"damage":32,"enemies":"Gremlin Nob","floor":6,"turns":5},{"damage":15,"enemies":"Gremlin Gang","floor":7,"turns":6},{"damage":4,"enemies":"Large Slime","floor":11,"turns":5},{"damage":4,"enemies":"Blue Slaver","floor":12,"turns":3},{"damage":19,"enemies":"Lagavulin","floor":13,"turns":5},{"damage":0,"enemies":"2 Fungi Beasts","floor":14,"turns":2},{"damage":40,"enemies":"The Guardian","floor":16,"turns":11},{"damage":38,"enemies":"Shell Parasite","floor":18,"turns":7},{"damage":15,"enemies":"3 Byrds","floor":19,"turns":5},{"damage":23,"enemies":"Snecko","floor":20,"turns":6},{"damage":67,"enemies":"Cultist and Chosen","floor":22,"turns":8}],"event_choices":[{"event_name":"Big Fish","player_choice":"Banana","floor":10,"damage_taken":0},{"event_name":"Cursed Tome","player_choice":"Ignored","floor":21,"damage_taken":0}],"boss_relics":[{"not_picked":["Snecko Eye","Eternal Feather"],"picked":"Runic Pyramid"}],"potions_floor_spawned":[1,7,11,12,13,16,18,20],"seed_played":"-2031843901521558068","killed_by":"Cultist and Chosen","ascension_level":0,"is_trial":false}