{"gold_per_floor":[111,131,206,206,206,241,166,176,176,176,176,196,196,208,208,309,309,328,347,53,67,67,93,104,121,172,172,197,197,215,235,235,235],"floor_reached":33,"playtime":646,"items_purged":["Injury","Defend_R"],"score":312,"play_id":"f48d5a9e-85bd-44bc-b393-923933e40c89","local_time":"20180815172309","is_ascension_mode":false,"campfire_choices":[{"data":"Bash","floor":10,"key":"SMITH"},{"data":"Perfected Strike","floor":13,"key":"SMITH"},{"data":"Anger","floor":15,"key":"SMITH"},{"data":"Bludgeon","floor":27,"key":"SMITH"},{"data":"Metamorphosis","floor":32,"key":"SMITH"}],"neow_cost":"NONE","seed_source_timestamp":870994778492862,"circlet_count":0,"master_deck":["Strike_R+1","Strike_R","Strike_R","Strike_R+1","Strike_R","Defend_R","Bash+1","Clash+1","Perfected Strike+1","Anger+1","Bludgeon+1","Metamorphosis+1","Perfected Strike+1","Second Wind","Clash","Dual Wield+1"],"relics":["Burning Blood","NeowsBlessing","Matryoshka","Orichalcum","Darkstone Periapt","Odd Mushroom","Sozu","Meat on the Bone","Frozen Egg 2","Whetstone","Happy Flower"],"potions_floor_usage":[33],"damage_taken":[{"damage":0,"enemies":"2 Louse","floor":1,"turns":1},{"damage":0,"enemies":"Small Slimes","floor":2,"turns":1},{"damage":0,"enemies":"Gremlin Nob","floor":6,"turns":1},{"damage":0,"enemies":"Cultist","floor":8,"turns":2},{"damage":19,"floor":12,"turns":5},{"damage":4,"enemies":"3 Louse","floor":14,"turns":3},{"damage":31,"enemies":"Hexaghost","floor":16,"turns":7},{"damage":5,"enemies":"Shell Parasite","floor":18,"turns":2},{"damage":0,"enemies":"Spheric Guardian","floor":19,"turns":3},{"damage":24,"enemies":"Centurion and Healer","floor":21,"turns":5},{"damage":17,"enemies":"Slavers","floor":23,"turns":4},{"damage":9,"enemies":"Snecko","floor":24,"turns":3},{"damage":10,"enemies":"3 Cultists","floor":25,"turns":4},{"damage":18,"enemies":"Book of Stabbing","floor":28,"turns":3},{"damage":16,"enemies":"Snake Plant","floor":30,"turns":2},{"damage":14,"enemies":"Centurion and Healer","floor":31,"turns":3},{"damage":68,"enemies":"Automaton","floor":33,"turns":6}],"seed_played":"-7274858111414301558","potions_obtained":[{"floor":5,"key":"LiquidBronze"},{"floor":5,"key":"FearPotion"},{"floor":5,"key":"PowerPotion"}],"is_trial":false,"path_per_floor":["M","M","?","?","?","E","$","M","T","R","?","?","R","M","R","B",null,"M","M","$","M","?","E","M","M","T","R","E","?","M","M","R"],"character_chosen":"IRONCLAD","items_purchased":["Metamorphosis"],"campfire_rested":0,"item_purchase_floors":[20],"current_hp_per_floor":[80,80,69,69,69,75,75,80,80,80,80,67,67,69,69,44,80,80,80,80,62,62,51,48,56,56,56,56,56,58,50,50,0],"gold":235,"neow_bonus":"THREE_ENEMY_KILL","is_prod":false,"is_daily":false,"chose_seed":false,"campfire_upgraded":5,"win_rate":0,"timestamp":1534368189,"path_taken":["M","M","?","?","?","E","$","?","T","R","?","?","R","M","R","BOSS","M","M","$","M","?","E","?","M","T","R","E","?","M","M","R","BOSS"],"build_version":"2018-08-13v2","purchased_purges":2,"victory":false,"max_hp_per_floor":[80,80,80,80,80,80,80,80,80,80,80,80,80,80,80,80,80,80,80,80,80,80,80,80,80,80,80,80,80,80,80,80,80],"card_choices":[{"not_picked":["Pommel Strike","Intimidate"],"picked":"Clash","floor":1},{"not_picked":["Havoc","True Grit","Heavy Blade"],"picked":"SKIP","floor":2},{"not_picked":["Armaments","Berserk","Hemokinesis"],"picked":"SKIP","floor":6},{"not_picked":["Clothesline","Cleave","True Grit"],"picked":"SKIP","floor":8},{"not_picked":["Metallicize","Clothesline"],"picked":"Anger","floor":14},{"not_picked":["Impervious","Reaper"],"picked":"Bludgeon","floor":16},{"not_picked":["Pummel+1","Shockwave","Bloodletting"],"picked":"SKIP","floor":18},{"not_picked":["Sword Boomerang","Rupture","Pummel"],"picked":"SKIP","floor":19},{"not_picked":["True Grit+1","Pummel"],"picked":"Perfected Strike+1","floor":21},{"not_picked":["Dark Embrace","Wild Strike","Infernal Blade+1"],"picked":"SKIP","floor":23},{"not_picked":["Rupture+1","Clothesline","Twin Strike"],"picked":"SKIP","floor":24},{"not_picked":["Rupture+1","Clothesline","Twin Strike"],"picked":"SKIP","floor":24},{"not_picked":["Shockwave","Sword Boomerang","Fiend Fire"],"picked":"SKIP","floor":25},{"not_picked":["Body Slam+1","Sword Boomerang+1"],"picked":"Clash","floor":28},{"not_picked":["Inflame+1","Warcry"],"picked":"Dual Wield+1","floor":30},{"not_picked":["Wild Strike+1","Headbutt","Shrug It Off"],"picked":"SKIP","floor":31}],"player_experience":873775,"relics_obtained":[{"floor":6,"key":"Matryoshka"},{"floor":9,"key":"Orichalcum"},{"floor":9,"key":"Darkstone Periapt"},{"floor":12,"key":"Odd Mushroom"},{"floor":23,"key":"Meat on the Bone"},{"floor":26,"key":"Frozen Egg 2"},{"floor":26,"key":"Whetstone"},{"floor":28,"key":"Happy Flower"}],"event_choices":[{"event_name":"World of Goop","player_choice":"Gather Gold","floor":3,"damage_taken":0},{"event_name":"Accursed Blacksmith","player_choice":"Forge","floor":4,"damage_taken":0},{"event_name":"The Lab","player_choice":"Got Potions","floor":5,"damage_taken":0},{"event_name":"Living Wall","player_choice":"Change","floor":11,"damage_taken":0},{"event_name":"Mushrooms","player_choice":"Fought Mushrooms","floor":12,"damage_taken":0},{"event_name":"Transmorgrifier","player_choice":"Transform","floor":22,"damage_taken":0},{"event_name":"Ghosts","player_choice":"Ignored","floor":29,"damage_taken":0}],"is_beta":true,"boss_relics":[{"not_picked":["Pandora\u0027s Box","Runic Cube"],"picked":"Sozu"}],"items_purged_floors":[7,20],"is_endless":false,"potions_floor_spawned":[8,12,14,21,23,28],"killed_by":"Automaton","ascension_level":0}