{"gold_per_floor":[364,364,28,103,142,177,177,177,177,177,50,87,124,228,228,304,304,346,346,38,112,152,152,179,179,203,215],"floor_reached":27,"playtime":2640,"items_purged":["Strike_B"],"score":474,"play_id":"33a32a53-02f2-4fe3-abaf-b2fa5880a0cf","local_time":"20190831090837","is_ascension_mode":true,"campfire_choices":[{"data":"HandOfGreed","floor":7.0,"key":"SMITH"},{"floor":10.0,"key":"REST"},{"data":"Doom and Gloom","floor":15.0,"key":"SMITH"},{"data":"Dualcast","floor":23.0,"key":"SMITH"}],"neow_cost":"TEN_PERCENT_HP_LOSS","seed_source_timestamp":672271431894518,"circlet_count":0,"master_deck":["AscendersBane","Strike_B","Strike_B","Strike_B","Defend_B","Defend_B","Defend_B","Defend_B","Zap","Dualcast+1","Defragment+1","HandOfGreed+1","Echo Form","Cold Snap","Beam Cell","Coolheaded","Capacitor","BootSequence","Doom and Gloom+1","Multi-Cast","Conserve Battery","Bandage Up","Reinforced Body","Meteor Strike","Force Field"],"special_seed":0,"relics":["Cracked Core","Potion Belt","Omamori","Lantern","Mummified Hand","Calling Bell","Symbiotic Virus","Torii","Juzu Bracelet","Pen Nib","Matryoshka","Pantograph","DataDisk","MawBank"],"potions_floor_usage":[27,27],"damage_taken":[{"damage":7.0,"enemies":"Jaw Worm","floor":1.0,"turns":3.0},{"damage":1.0,"enemies":"Cultist","floor":5.0,"turns":3.0},{"damage":24.0,"enemies":"Gremlin Nob","floor":6.0,"turns":4.0},{"damage":0.0,"enemies":"2 Louse","floor":12.0,"turns":1.0},{"damage":0.0,"enemies":"Looter","floor":13.0,"turns":1.0},{"damage":16.0,"enemies":"3 Sentries","floor":14.0,"turns":11.0},{"damage":6.0,"enemies":"The Guardian","floor":16.0,"turns":10.0},{"damage":23.0,"enemies":"Chosen","floor":18.0,"turns":6.0},{"damage":13.0,"enemies":"2 Thieves","floor":22.0,"turns":4.0},{"damage":25.0,"enemies":"Gremlin Leader","floor":24.0,"turns":8.0},{"damage":47,"enemies":"Colosseum Slavers","floor":27,"turns":3}],"seed_played":"-2181957557783225428","potions_obtained":[{"floor":1.0,"key":"Strength Potion"},{"floor":13.0,"key":"FearPotion"},{"floor":14.0,"key":"LiquidBronze"},{"floor":16.0,"key":"Ancient Potion"},{"floor":18.0,"key":"EntropicBrew"},{"floor":22.0,"key":"SpeedPotion"}],"is_trial":false,"path_per_floor":["M","?","$","?","M","E","R","T","T","R","$","M","M","E","R","B",null,"M","?","$","T","M","R","E","?","T","?"],"character_chosen":"DEFECT","items_purchased":["HandOfGreed","Echo Form","Coolheaded","Pen Nib","Bandage Up","Reinforced Body"],"campfire_rested":1,"item_purchase_floors":[3,3,11,20,20,20],"current_hp_per_floor":[57,57,57,46,45,21,21,21,21,40,40,40,40,24,24,18,53,30,30,30,30,21,21,14,27,27,0],"gold":215,"neow_bonus":"TWO_FIFTY_GOLD","is_prod":false,"is_daily":false,"chose_seed":false,"campfire_upgraded":3,"win_rate":0,"timestamp":1567267717,"path_taken":["M","?","?","?","M","E","R","?","T","R","$","?","M","E","R","BOSS","M","?","$","?","M","R","E","?","T","?"],"build_version":"2019-07-17","purchased_purges":1,"victory":false,"max_hp_per_floor":[64,64,64,64,64,64,64,64,64,64,64,64,64,64,64,64,64,64,64,64,64,64,64,64,64,64,64],"card_choices":[{"not_picked":["Cold Snap","Hologram"],"picked":"Defragment","floor":1.0},{"not_picked":["Compile Driver","Stack"],"picked":"Cold Snap","floor":5.0},{"not_picked":["Rebound","Fusion"],"picked":"Beam Cell","floor":6.0},{"not_picked":["Beam Cell","Reboot"],"picked":"Capacitor","floor":12.0},{"not_picked":["Sweeping Beam","Chaos"],"picked":"BootSequence","floor":13.0},{"not_picked":["Reprogram","Conserve Battery"],"picked":"Doom and Gloom","floor":14.0},{"not_picked":["Rainbow","Biased Cognition"],"picked":"Multi-Cast","floor":16.0},{"not_picked":["Compile Driver","Barrage"],"picked":"Conserve Battery","floor":18.0},{"not_picked":["Rebound","Cold Snap"],"picked":"Meteor Strike","floor":22.0},{"not_picked":["Heatsinks","Tempest"],"picked":"Force Field","floor":24.0}],"player_experience":833820,"relics_obtained":[{"floor":6.0,"key":"Potion Belt"},{"floor":8.0,"key":"Omamori"},{"floor":9.0,"key":"Lantern"},{"floor":14.0,"key":"Mummified Hand"},{"floor":17.0,"key":"Symbiotic Virus"},{"floor":17.0,"key":"Torii"},{"floor":17.0,"key":"Juzu Bracelet"},{"floor":21.0,"key":"Matryoshka"},{"floor":24.0,"key":"Pantograph"},{"floor":26.0,"key":"DataDisk"},{"floor":26.0,"key":"MawBank"}],"event_choices":[{"damage_healed":0.0,"max_hp_gain":0.0,"max_hp_loss":0.0,"gold_gain":0.0,"event_name":"Upgrade Shrine","player_choice":"Upgraded","floor":2.0,"gold_loss":0.0,"damage_taken":0.0,"cards_upgraded":["Defragment"]},{"damage_healed":0.0,"max_hp_gain":0.0,"max_hp_loss":0.0,"gold_gain":75.0,"event_name":"World of Goop","player_choice":"Gather Gold","floor":4.0,"gold_loss":0.0,"damage_taken":11.0},{"cards_removed":["Injury"],"damage_healed":0.0,"max_hp_gain":0.0,"max_hp_loss":0.0,"gold_gain":0.0,"event_name":"Fountain of Cleansing","player_choice":"Removed Curses","floor":19.0,"gold_loss":0.0,"damage_taken":0.0},{"damage_healed":13.0,"max_hp_gain":0.0,"max_hp_loss":0.0,"gold_gain":0.0,"event_name":"The Library","player_choice":"Heal","floor":25.0,"gold_loss":0.0,"damage_taken":0.0},{"damage_healed":0,"gold_gain":0,"player_choice":"Fight","damage_taken":0,"max_hp_gain":0,"max_hp_loss":0,"event_name":"Colosseum","floor":27,"gold_loss":0}],"is_beta":false,"boss_relics":[{"not_picked":["Velvet Choker","Coffee Dripper"],"picked":"Calling Bell"}],"items_purged_floors":[11],"is_endless":false,"potions_floor_spawned":[1,13,14,16,18,22],"killed_by":"Colosseum Slavers","ascension_level":20}