{"gold_per_floor":[11,30,130,145,164,164,175,175,175,191,191,366,366,441,441,537,537,522,522,540,560,580,580,165,165,165,165,165,165],"floor_reached":29,"playtime":787,"items_purged":["Doubt"],"score":240,"play_id":"bc494c5a-2e2f-44f5-94d7-3241da5150fb","local_time":"20180708200815","is_ascension_mode":false,"campfire_choices":[{"data":"Searing Blow","floor":6,"key":"SMITH"},{"data":"Searing Blow+1","floor":8,"key":"SMITH"},{"data":"Searing Blow+2","floor":13,"key":"SMITH"},{"data":"Searing Blow+3","floor":15,"key":"SMITH"},{"data":"Searing Blow+4","floor":23,"key":"SMITH"},{"data":"Searing Blow+5","floor":25,"key":"SMITH"},{"data":"Searing Blow+6","floor":27,"key":"SMITH"}],"neow_cost":"NO_GOLD","seed_source_timestamp":29129360926757,"circlet_count":0,"master_deck":["Strike_R+1","Strike_R","Strike_R","Strike_R+1","Strike_R","Defend_R","Defend_R","Defend_R","Defend_R","Bash","Searing Blow+7","Headbutt","Dual Wield","Armaments","Armaments","Armaments+1","Thunderclap+1","Madness"],"relics":["Burning Blood","Self Forming Clay","Mark of Pain","Meat on the Bone","Whetstone"],"potions_floor_usage":[16,16,21,22,29,29],"damage_taken":[{"damage":4,"enemies":"Small Slimes","floor":1,"turns":5},{"damage":1,"enemies":"Cultist","floor":2,"turns":3},{"damage":2,"enemies":"2 Louse","floor":4,"turns":3},{"damage":15,"enemies":"Large Slime","floor":5,"turns":7},{"damage":9,"enemies":"2 Fungi Beasts","floor":7,"turns":4},{"damage":12,"enemies":"Exordium Thugs","floor":10,"turns":6},{"damage":69,"enemies":"Hexaghost","floor":16,"turns":10},{"damage":17,"enemies":"2 Thieves","floor":18,"turns":4},{"damage":24,"enemies":"Shell Parasite","floor":20,"turns":5},{"damage":41,"enemies":"3 Cultists","floor":21,"turns":7},{"damage":8,"enemies":"Snecko","floor":22,"turns":6},{"damage":11,"enemies":"Snake Plant","floor":29,"turns":1}],"seed_played":"-7652935105025522552","potions_obtained":[{"floor":4,"key":"GamblersBrew"},{"floor":7,"key":"Weak Potion"},{"floor":10,"key":"BloodPotion"},{"floor":20,"key":"Explosive Potion"},{"floor":22,"key":"Swift Potion"},{"floor":28,"key":"FearPotion"},{"floor":28,"key":"SkillPotion"},{"floor":28,"key":"AttackPotion"}],"is_trial":false,"path_per_floor":["M","M","?","M","M","R","M","R","T","M","$","?","R","?","R","B",null,"M","?","M","M","M","R","$","R","T","R","?"],"character_chosen":"IRONCLAD","items_purchased":["Meat on the Bone","Madness"],"campfire_rested":0,"item_purchase_floors":[24,24],"current_hp_per_floor":[96,96,96,96,87,87,84,84,84,78,78,78,78,67,67,13,96,85,66,48,13,11,11,11,11,11,11,11,0],"gold":165,"neow_bonus":"TWENTY_PERCENT_HP_BONUS","is_prod":false,"is_daily":false,"chose_seed":false,"campfire_upgraded":7,"win_rate":0,"timestamp":1531094895,"path_taken":["M","M","?","?","M","R","M","R","T","M","$","?","R","?","R","BOSS","M","?","M","M","?","R","$","R","T","R","?","M"],"build_version":"2018-07-05","purchased_purges":1,"victory":false,"max_hp_per_floor":[96,96,96,96,96,96,96,96,96,96,96,96,96,96,96,96,96,96,101,101,101,101,101,101,101,101,101,101,101],"card_choices":[{"not_picked":["Warcry","Carnage"],"picked":"Searing Blow","floor":1},{"not_picked":["Iron Wave","Thunderclap"],"picked":"Headbutt","floor":2},{"not_picked":["Twin Strike","Havoc","Anger"],"picked":"SKIP","floor":4},{"not_picked":["Perfected Strike","Flex"],"picked":"Dual Wield","floor":5},{"not_picked":["Clash","Thunderclap"],"picked":"Armaments","floor":7},{"not_picked":["Thunderclap","Pommel Strike","Uppercut"],"picked":"SKIP","floor":10},{"not_picked":["Ghostly Armor","Flame Barrier"],"picked":"Armaments","floor":18},{"not_picked":["Body Slam","Blood for Blood"],"picked":"Armaments+1","floor":20},{"not_picked":["Sword Boomerang","Headbutt","True Grit"],"picked":"SKIP","floor":21},{"not_picked":["Havoc","Perfected Strike"],"picked":"Thunderclap+1","floor":22}],"player_experience":732742,"relics_obtained":[{"floor":9,"key":"Self Forming Clay"},{"floor":26,"key":"Whetstone"}],"event_choices":[{"event_name":"Golden Shrine","player_choice":"Pray","floor":3,"damage_taken":0},{"event_name":"Liars Game","player_choice":"agreed","floor":12,"damage_taken":0},{"event_name":"World of Goop","player_choice":"Gather Gold","floor":14,"damage_taken":0},{"event_name":"Forgotten Altar","player_choice":"Shed Blood","floor":19,"damage_taken":0},{"event_name":"The Lab","player_choice":"Got Potions","floor":28,"damage_taken":0}],"boss_relics":[{"not_picked":["Philosopher\u0027s Stone","Black Blood"],"picked":"Mark of Pain"}],"items_purged_floors":[24],"is_endless":false,"potions_floor_spawned":[4,7,10,20,22],"killed_by":"Snake Plant","ascension_level":0}