{"gold_per_floor":[113,124,44,44,44,44,44,44,70,70,70,70,70,84,84,210,210,235,258,258,258,63,63,104,104,152,187,202,202],"floor_reached":29,"playtime":781,"items_purged":[],"score":555,"play_id":"b04c4ad8-5c73-4e0a-84dc-15a90e8aef83","local_time":"20190101124910","is_ascension_mode":true,"campfire_choices":[{"data":"Fission","floor":6.0,"key":"SMITH"},{"data":"Chaos","floor":8.0,"key":"SMITH"},{"data":"Zap","floor":10.0,"key":"SMITH"},{"data":"Defragment","floor":15.0,"key":"SMITH"},{"floor":23.0,"key":"REST"},{"floor":25,"key":"REST"}],"neow_cost":"NONE","seed_source_timestamp":1018573125873013,"circlet_count":0,"master_deck":["AscendersBane","Strike_B+1","Strike_B+1","Strike_B+1","Defend_B+1","Defend_B+1","Defend_B+1","Defend_B+1","Zap+1","Dualcast","Fission+1","Chaos+1","Auto Shields+1","Defragment+1","Electrodynamics","Barrage","Cold Snap","Capacitor","Coolheaded","Darkness+1"],"special_seed":0,"relics":["Cracked Core","Golden Idol","Juzu Bracelet","Black Star","Tiny Chest","FossilizedHelix","Mercury Hourglass","Vajra","Dream Catcher","Orichalcum"],"potions_floor_usage":[24,24,24,28,28],"damage_taken":[{"damage":12.0,"enemies":"Jaw Worm","floor":1.0,"turns":3.0},{"damage":10.0,"enemies":"Small Slimes","floor":2.0,"turns":3.0},{"damage":0.0,"enemies":"2 Louse","floor":14.0,"turns":1.0},{"damage":47.0,"enemies":"Hexaghost","floor":16.0,"turns":9.0},{"damage":12.0,"enemies":"2 Thieves","floor":18.0,"turns":4.0},{"damage":29.0,"enemies":"Spheric Guardian","floor":19.0,"turns":6.0},{"damage":23,"enemies":"Book of Stabbing","floor":24,"turns":6},{"damage":30,"enemies":"Slavers","floor":27,"turns":4},{"damage":0,"enemies":"Snake Plant","floor":28,"turns":3},{"damage":19,"enemies":"Snecko","floor":29,"turns":4}],"seed_played":"5550467676072729625","potions_obtained":[{"floor":2.0,"key":"AttackPotion"},{"floor":16.0,"key":"Block Potion"},{"floor":18.0,"key":"GamblersBrew"},{"floor":19.0,"key":"EntropicBrew"},{"floor":24,"key":"SteroidPotion"},{"floor":27,"key":"FearPotion"}],"is_trial":false,"path_per_floor":["M","M","$","?","?","R","?","R","T","R","?","?","?","M","R","B",null,"M","M","?","?","$","R","E","R","T","E","M","M"],"character_chosen":"DEFECT","items_purchased":["Auto Shields","Capacitor","Tiny Chest"],"campfire_rested":2,"item_purchase_floors":[3,22,22],"current_hp_per_floor":[56,46,46,46,46,46,39,39,39,39,39,39,62,62,62,15,56,44,15,15,15,15,35,12,32,32,2,2,0],"gold":202,"neow_bonus":"ONE_RANDOM_RARE_CARD","is_prod":false,"is_daily":false,"chose_seed":false,"campfire_upgraded":4,"win_rate":0,"timestamp":1546343350,"path_taken":["M","M","$","?","?","R","?","R","T","R","?","?","?","M","R","BOSS","M","M","?","?","$","R","E","R","T","E","M","M"],"build_version":"2018-12-20","purchased_purges":0,"victory":false,"max_hp_per_floor":[75,75,75,69,69,69,69,69,69,69,69,69,69,69,69,69,69,69,69,69,69,69,69,69,69,69,69,69,69],"card_choices":[{"not_picked":["Barrage","Rebound"],"picked":"Chaos","floor":1.0},{"not_picked":["Melter","Consume","Steam"],"picked":"SKIP","floor":2.0},{"not_picked":["Turbo","Redo"],"picked":"Defragment","floor":14.0},{"not_picked":["Rainbow","Meteor Strike"],"picked":"Electrodynamics","floor":16.0},{"not_picked":["Aggregate","Beam Cell+1"],"picked":"Barrage","floor":18.0},{"not_picked":["Auto Shields","Redo"],"picked":"Cold Snap","floor":19.0},{"not_picked":["Rainbow","Meteor Strike"],"picked":"Coolheaded","floor":24},{"not_picked":["Beam Cell","Sunder+1","Turbo"],"picked":"SKIP","floor":27},{"not_picked":["Hologram","Go for the Eyes"],"picked":"Darkness+1","floor":28}],"player_experience":381950,"relics_obtained":[{"floor":9.0,"key":"Juzu Bracelet"},{"floor":24,"key":"FossilizedHelix"},{"floor":24,"key":"Mercury Hourglass"},{"floor":26,"key":"Vajra"},{"floor":27,"key":"Dream Catcher"},{"floor":27,"key":"Orichalcum"}],"event_choices":[{"damage_healed":0.0,"max_hp_gain":0.0,"max_hp_loss":6.0,"gold_gain":0.0,"event_name":"Golden Idol","player_choice":"Lose Max HP","floor":4.0,"gold_loss":0.0,"damage_taken":0.0,"relics_obtained":["Golden Idol"]},{"damage_healed":0.0,"max_hp_gain":0.0,"max_hp_loss":0.0,"gold_gain":0.0,"event_name":"Scrap Ooze","player_choice":"Fled","floor":5.0,"gold_loss":0.0,"damage_taken":0.0},{"cards_removed":["Strike_B"],"damage_healed":0.0,"max_hp_gain":0.0,"max_hp_loss":0.0,"gold_gain":0.0,"event_name":"Golden Wing","player_choice":"Card Removal","floor":7.0,"gold_loss":0.0,"damage_taken":7.0},{"damage_healed":0.0,"max_hp_gain":0.0,"max_hp_loss":0.0,"gold_gain":0.0,"event_name":"Living Wall","player_choice":"Grow","floor":11.0,"gold_loss":0.0,"damage_taken":0.0,"cards_upgraded":["Auto Shields"]},{"damage_healed":0.0,"max_hp_gain":0.0,"max_hp_loss":0.0,"gold_gain":0.0,"event_name":"Shining Light","player_choice":"Ignored","floor":12.0,"gold_loss":0.0,"damage_taken":0.0},{"damage_healed":23.0,"max_hp_gain":0.0,"max_hp_loss":0.0,"gold_gain":0.0,"event_name":"Big Fish","player_choice":"Banana","floor":13.0,"gold_loss":0.0,"damage_taken":0.0},{"damage_healed":0.0,"max_hp_gain":0.0,"max_hp_loss":0.0,"gold_gain":0.0,"event_name":"N\u0027loth","player_choice":"Ignored","floor":20.0,"gold_loss":0.0,"damage_taken":0.0},{"damage_healed":0.0,"max_hp_gain":0.0,"max_hp_loss":0.0,"gold_gain":0.0,"event_name":"Back to Basics","player_choice":"Simplicity","floor":21.0,"gold_loss":0.0,"damage_taken":0.0,"cards_upgraded":["Strike_B","Strike_B","Strike_B","Defend_B","Defend_B","Defend_B","Defend_B"]}],"is_beta":false,"boss_relics":[{"not_picked":["Lizard Tail","FrozenCore"],"picked":"Black Star"}],"items_purged_floors":[],"is_endless":false,"potions_floor_spawned":[2,16,18,19,24,27],"killed_by":"Snecko","ascension_level":12}