{"gold_per_floor":[112,128,128,138,138,138,88,88,113,113,125,157,177,204,204,304,304,314,314,340,350,201,231,231,241,241,241,251,264,279,279,279,382,382,401,413,432,442,456,456,456,456,456,456,470,470,470,470,470,470],"floor_reached":50,"playtime":1178,"items_purged":[],"score":734,"play_id":"cb68a25f-f6fe-477d-b9dc-caef302ed29a","local_time":"20190826123617","is_ascension_mode":true,"campfire_choices":[{"data":"1","floor":6,"key":"LIFT"},{"data":"2","floor":8,"key":"LIFT"},{"data":"Combust","floor":15,"key":"SMITH"},{"floor":24,"key":"REST"},{"data":"Heavy Blade","floor":27,"key":"SMITH"},{"data":"Limit Break","floor":32,"key":"SMITH"},{"floor":40,"key":"REST"},{"data":"3","floor":42,"key":"LIFT"},{"data":"Sword Boomerang","floor":44,"key":"SMITH"},{"data":"Good Instincts","floor":47,"key":"SMITH"},{"floor":49,"key":"REST"}],"neow_cost":"NONE","seed_source_timestamp":419244145487000,"circlet_count":0,"master_deck":["AscendersBane","Strike_R+1","Strike_R+1","Strike_R+1","Strike_R+1","Defend_R+1","Defend_R+1","Defend_R+1","Defend_R+1","Bash+1","Cleave+1","Clothesline+1","Spot Weakness+1","Heavy Blade+1","Combust+1","Limit Break+1","Disarm+1","Sword Boomerang+1","Twin Strike+1","Sword Boomerang+1","Double Tap+1","Twin Strike+1","Good Instincts+1"],"relics":["Black Blood","Whetstone","Girya","Ancient Tea Set","Red Skull","Lantern","Red Mask","Happy Flower","Juzu Bracelet","Pocketwatch","Cursed Key","Mark of the Bloom"],"potions_floor_usage":[12,23,23,23,33],"damage_taken":[{"damage":1,"enemies":"Cultist","floor":1,"turns":3},{"damage":14,"enemies":"Jaw Worm","floor":2,"turns":3},{"damage":8,"enemies":"Small Slimes","floor":4,"turns":3},{"damage":5,"enemies":"2 Fungi Beasts","floor":11,"turns":3},{"damage":21,"enemies":"Gremlin Nob","floor":12,"turns":4},{"damage":24,"enemies":"Exordium Thugs","floor":13,"turns":4},{"damage":10,"enemies":"Slime Boss","floor":16,"turns":5},{"damage":12,"enemies":"Chosen","floor":18,"turns":4},{"damage":31,"enemies":"Masked Bandits","floor":20,"turns":4},{"damage":17,"enemies":"3 Byrds","floor":21,"turns":4},{"damage":37,"enemies":"Book of Stabbing","floor":23,"turns":4},{"damage":12,"enemies":"Centurion and Healer","floor":25,"turns":3},{"damage":0,"enemies":"Snake Plant","floor":28,"turns":2},{"damage":14,"enemies":"3 Cultists","floor":29,"turns":3},{"damage":0,"enemies":"Cultist and Chosen","floor":30,"turns":3},{"damage":23,"enemies":"Collector","floor":33,"turns":5},{"damage":11,"enemies":"3 Shapes","floor":35,"turns":4},{"damage":9,"enemies":"Orb Walker","floor":36,"turns":2},{"damage":44,"enemies":"3 Darklings","floor":37,"turns":5},{"damage":18,"enemies":"Jaw Worm Horde","floor":38,"turns":2},{"damage":24,"enemies":"4 Shapes","floor":39,"turns":5},{"damage":21,"enemies":"3 Darklings","floor":45,"turns":4},{"damage":79,"enemies":"Awakened One","floor":50,"turns":6}],"seed_played":"-1203083249889699574","potions_obtained":[{"floor":2,"key":"Dexterity Potion"},{"floor":4,"key":"FearPotion"},{"floor":10,"key":"SneckoOil"},{"floor":10,"key":"FairyPotion"},{"floor":10,"key":"FearPotion"},{"floor":20,"key":"EntropicBrew"},{"floor":23,"key":"Block Potion"},{"floor":38,"key":"FearPotion"}],"is_trial":false,"path_per_floor":["M","M","$","M","T","R","?","R","T","?","M","E","M","T","R","B",null,"M","?","?","M","$","E","R","M","T","R","M","M","M","?","R","B",null,"M","M","M","M","M","R","?","R","T","R","M","?","R","?","R","B"],"character_chosen":"IRONCLAD","items_purchased":["Happy Flower"],"campfire_rested":3,"item_purchase_floors":[22],"current_hp_per_floor":[77,69,69,67,67,67,67,67,67,67,68,53,35,35,35,31,68,66,66,45,38,38,11,35,33,33,33,43,39,49,49,49,36,69,68,69,35,27,13,37,70,70,70,70,59,59,59,59,59,0],"gold":470,"neow_bonus":"RANDOM_COMMON_RELIC","is_prod":false,"is_daily":false,"chose_seed":false,"campfire_upgraded":5,"win_rate":0,"timestamp":1566837377,"path_taken":["M","M","?","M","?","R","?","R","T","?","?","E","M","?","R","BOSS","M","?","?","M","$","E","R","M","T","R","M","M","M","?","R","BOSS","M","M","M","M","M","R","?","R","T","R","M","?","R","?","R","BOSS"],"build_version":"2019-08-23","purchased_purges":0,"victory":false,"max_hp_per_floor":[80,80,80,80,80,80,80,80,80,80,80,80,80,80,80,80,80,80,80,80,80,80,80,80,80,80,80,80,80,80,80,80,80,80,80,80,80,80,80,80,70,70,70,70,70,70,70,70,70,70],"card_choices":[{"not_picked":["Feel No Pain","Thunderclap"],"picked":"Cleave","floor":1},{"not_picked":["Dropkick","Flame Barrier"],"picked":"Clothesline","floor":2},{"not_picked":["Sentinel","Perfected Strike"],"picked":"Spot Weakness","floor":4},{"not_picked":["Pommel Strike","Twin Strike"],"picked":"Heavy Blade","floor":11},{"not_picked":["Blood for Blood","Warcry","Intimidate"],"picked":"SKIP","floor":12},{"not_picked":["Flex","Armaments"],"picked":"Combust","floor":13},{"not_picked":["Offering","Brutality"],"picked":"Limit Break","floor":16},{"not_picked":["Sentinel","Warcry"],"picked":"Disarm","floor":18},{"not_picked":["Disarm","Intimidate"],"picked":"Sword Boomerang+1","floor":20},{"not_picked":["Flex","Warcry+1","Spot Weakness"],"picked":"SKIP","floor":21},{"not_picked":["Fire Breathing","Perfected Strike","Flex"],"picked":"SKIP","floor":23},{"not_picked":["Perfected Strike","Ghostly Armor+1","Havoc"],"picked":"SKIP","floor":25},{"not_picked":["Dark Embrace","Uppercut","Heavy Blade"],"picked":"SKIP","floor":28},{"not_picked":["Iron Wave","Body Slam"],"picked":"Twin Strike","floor":29},{"not_picked":["Cleave","Warcry"],"picked":"Sword Boomerang","floor":30},{"not_picked":["Berserk","Demon Form"],"picked":"Double Tap","floor":33},{"not_picked":["Wild Strike+1","Rage","True Grit+1"],"picked":"SKIP","floor":35},{"not_picked":["Reckless Charge+1","Cleave","Armaments"],"picked":"SKIP","floor":36},{"not_picked":["Sword Boomerang","Brutality","Inflame"],"picked":"SKIP","floor":37},{"not_picked":["Flex+1","Intimidate"],"picked":"Twin Strike+1","floor":38},{"not_picked":["Flex","Havoc+1","Heavy Blade"],"picked":"SKIP","floor":39},{"not_picked":["Thunderclap","Battle Trance","Ghostly Armor"],"picked":"SKIP","floor":45},{"not_picked":["Blind","PanicButton"],"picked":"Good Instincts","floor":46}],"player_experience":988497,"relics_obtained":[{"floor":5,"key":"Girya"},{"floor":9,"key":"Ancient Tea Set"},{"floor":12,"key":"Red Skull"},{"floor":14,"key":"Lantern"},{"floor":20,"key":"Red Mask"},{"floor":23,"key":"Juzu Bracelet"},{"floor":26,"key":"Pocketwatch"}],"event_choices":[{"cards_removed":["Strike_R"],"damage_healed":0,"gold_gain":0,"player_choice":"Card Removal","damage_taken":0,"max_hp_gain":0,"max_hp_loss":0,"event_name":"The Cleric","floor":7,"gold_loss":50},{"damage_healed":0,"gold_gain":0,"player_choice":"Got Potions","damage_taken":0,"max_hp_gain":0,"max_hp_loss":0,"event_name":"Lab","floor":10,"gold_loss":0},{"damage_healed":0,"gold_gain":0,"player_choice":"Ignored","damage_taken":0,"max_hp_gain":0,"max_hp_loss":0,"event_name":"Vampires","floor":19,"gold_loss":0},{"damage_healed":0,"gold_gain":0,"player_choice":"Fought Bandits","damage_taken":0,"max_hp_gain":0,"max_hp_loss":0,"event_name":"Masked Bandits","floor":20,"gold_loss":0},{"damage_healed":0,"gold_gain":0,"player_choice":"Ignored","damage_taken":0,"max_hp_gain":0,"max_hp_loss":0,"event_name":"The Mausoleum","floor":31,"gold_loss":0},{"damage_healed":70,"gold_gain":0,"player_choice":"Heal","damage_taken":0,"max_hp_gain":0,"max_hp_loss":10,"event_name":"The Moai Head","floor":41,"gold_loss":0},{"damage_healed":0,"gold_gain":0,"player_choice":"Memory 1","damage_taken":0,"max_hp_gain":0,"max_hp_loss":0,"event_name":"SensoryStone","floor":46,"gold_loss":0},{"damage_healed":0,"gold_gain":0,"player_choice":"Upgrade","damage_taken":0,"relics_obtained":["Mark of the Bloom"],"max_hp_gain":0,"max_hp_loss":0,"event_name":"MindBloom","floor":48,"gold_loss":0,"cards_upgraded":["Strike_R","Strike_R","Defend_R","Defend_R","Defend_R","Defend_R","Bash","Cleave","Clothesline","Spot Weakness","Disarm","Twin Strike","Double Tap"]}],"is_beta":true,"boss_relics":[{"not_picked":["Mark of Pain","Runic Pyramid"],"picked":"Black Blood"},{"not_picked":["Astrolabe","White Beast Statue"],"picked":"Cursed Key"}],"items_purged_floors":[],"is_endless":false,"potions_floor_spawned":[2,4,11,20,23,28,38],"killed_by":"Awakened One","ascension_level":10}