{"gold_per_floor":[110,127,146,101,118,118,149,162,162,162,175,175,175,197,209,221],"floor_reached":16,"playtime":638,"items_purged":[],"score":146,"play_id":"e9d4826a-9ee4-4512-a0e4-8835749920c7","local_time":"20180928185403","is_ascension_mode":true,"campfire_choices":[{"data":"Fire Breathing","floor":6,"key":"SMITH"},{"data":"Armaments","floor":10,"key":"SMITH"},{"floor":15,"key":"REST"}],"neow_cost":"","seed_source_timestamp":295083721150000,"circlet_count":0,"master_deck":["Strike_R","Strike_R","Strike_R","Strike_R","Defend_R","Defend_R","Defend_R","Defend_R","Bash","Fire Breathing+1","Shrug It Off","Flame Barrier","Anger","Headbutt","Armaments+1","Warcry+1","Sever Soul"],"relics":["Burning Blood","Bottled Flame","Toxic Egg 2","MawBank"],"potions_floor_usage":[14],"damage_taken":[{"damage":1,"enemies":"Cultist","floor":1,"turns":4},{"damage":13,"enemies":"Jaw Worm","floor":2,"turns":5},{"damage":1,"enemies":"Small Slimes","floor":3,"turns":4},{"damage":3,"enemies":"Looter","floor":4,"turns":5},{"damage":7,"enemies":"2 Fungi Beasts","floor":5,"turns":4},{"damage":41,"enemies":"Lagavulin","floor":7,"turns":8},{"damage":20,"enemies":"3 Louse","floor":8,"turns":4},{"damage":11,"enemies":"Blue Slaver","floor":11,"turns":4},{"damage":1,"enemies":"Exordium Thugs","floor":14,"turns":4},{"damage":38,"enemies":"The Guardian","floor":16,"turns":6}],"seed_played":"-4408638908111122570","potions_obtained":[{"floor":1,"key":"LiquidBronze"},{"floor":2,"key":"Ancient Potion"},{"floor":8,"key":"Fire Potion"}],"is_trial":false,"path_per_floor":["M","M","M","M","M","R","E","M","T","R","M","?","?","M","R"],"character_chosen":"IRONCLAD","items_purchased":[],"campfire_rested":1,"item_purchase_floors":[],"current_hp_per_floor":[77,70,75,78,77,77,42,28,28,28,23,23,5,10,34,0],"gold":221,"neow_bonus":"","is_prod":false,"is_daily":false,"chose_seed":false,"campfire_upgraded":2,"win_rate":0,"timestamp":1538175243,"path_taken":["M","M","M","M","?","R","E","M","T","R","M","?","?","M","R","BOSS"],"build_version":"2018-09-27","purchased_purges":0,"victory":false,"max_hp_per_floor":[80,80,80,80,80,80,80,80,80,80,80,80,80,80,80,80],"card_choices":[{"not_picked":["Carnage","Shockwave"],"picked":"Fire Breathing","floor":1},{"not_picked":["Entrench","Flex"],"picked":"Shrug It Off","floor":2},{"not_picked":["Dropkick","Pommel Strike"],"picked":"Flame Barrier","floor":3},{"not_picked":["True Grit","Heavy Blade","Havoc"],"picked":"SKIP","floor":4},{"not_picked":["Burning Pact","Clothesline"],"picked":"Anger","floor":5},{"not_picked":["Intimidate","Sentinel"],"picked":"Headbutt","floor":7},{"not_picked":["Evolve","Clothesline"],"picked":"Armaments","floor":8},{"not_picked":["Feel No Pain","Searing Blow"],"picked":"Warcry+1","floor":11},{"not_picked":["Body Slam","Havoc+1","Anger"],"picked":"SKIP","floor":14}],"player_experience":910027,"relics_obtained":[{"floor":7,"key":"Bottled Flame"},{"floor":9,"key":"Toxic Egg 2"}],"event_choices":[{"event_name":"Living Wall","player_choice":"Change","floor":12,"damage_taken":0},{"event_name":"Scrap Ooze","player_choice":"success","floor":13,"damage_taken":18}],"is_beta":true,"boss_relics":[],"items_purged_floors":[],"is_endless":false,"potions_floor_spawned":[1,2,8,11],"killed_by":"The Guardian","ascension_level":8}