{"gold_per_floor":[210,228,203,223,223,223,256,270,270,283,299,299,152,170,170,170],"floor_reached":16,"playtime":470,"items_purged":[],"score":146,"play_id":"ab050b94-1986-4dab-9387-0cf668d83a07","local_time":"20180918162116","is_ascension_mode":true,"campfire_choices":[{"data":"Perfected Strike","floor":6,"key":"SMITH"},{"data":"Barricade","floor":12,"key":"SMITH"},{"data":"Perfected Strike","floor":15,"key":"SMITH"}],"neow_cost":"NONE","seed_source_timestamp":493118110322872,"circlet_count":0,"master_deck":["Strike_R","Strike_R","Strike_R","Strike_R","Strike_R","Defend_R","Defend_R","Defend_R","Defend_R","Bash","Thunderclap+1","Perfected Strike+1","Armaments+1","Barricade+1","Shrug It Off","Flame Barrier","Inflame","Perfected Strike+1"],"relics":["Burning Blood","Happy Flower","Potion Belt"],"potions_floor_usage":[16,16],"damage_taken":[{"damage":7,"enemies":"Jaw Worm","floor":1,"turns":3},{"damage":1,"enemies":"Small Slimes","floor":2,"turns":4},{"damage":2,"enemies":"2 Louse","floor":4,"turns":4},{"damage":16,"enemies":"Gremlin Nob","floor":7,"turns":3},{"damage":0,"enemies":"Exordium Thugs","floor":8,"turns":3},{"damage":5,"enemies":"2 Fungi Beasts","floor":10,"turns":3},{"damage":1,"enemies":"3 Louse","floor":11,"turns":4},{"damage":22,"enemies":"Exordium Thugs","floor":14,"turns":5},{"damage":51,"enemies":"The Guardian","floor":16,"turns":10}],"seed_played":"6617440460923153436","potions_obtained":[{"floor":4,"key":"SmokeBomb"},{"floor":8,"key":"FearPotion"},{"floor":14,"key":"Energy Potion"}],"is_trial":false,"path_per_floor":["M","M","$","M","?","R","E","M","T","M","M","R","$","M","R"],"character_chosen":"IRONCLAD","items_purchased":["Armaments","Flame Barrier","Inflame"],"campfire_rested":0,"item_purchase_floors":[3,13,13],"current_hp_per_floor":[71,76,76,80,64,64,54,60,60,61,66,66,66,50,50,0],"gold":170,"neow_bonus":"HUNDRED_GOLD","is_prod":false,"is_daily":false,"chose_seed":false,"campfire_upgraded":3,"win_rate":0,"timestamp":1537302076,"path_taken":["M","M","$","M","?","R","E","M","T","M","M","R","$","M","R","BOSS"],"build_version":"2018-09-18","purchased_purges":0,"victory":false,"max_hp_per_floor":[80,80,80,80,80,80,80,80,80,80,80,80,80,80,80,80],"card_choices":[{"not_picked":["Body Slam","Hemokinesis"],"picked":"Thunderclap","floor":1},{"not_picked":["Rupture","True Grit"],"picked":"Perfected Strike","floor":2},{"not_picked":["Second Wind","Pommel Strike","Warcry"],"picked":"SKIP","floor":4},{"not_picked":["Spot Weakness","Armaments","Shockwave"],"picked":"SKIP","floor":7},{"not_picked":["Thunderclap","Clothesline"],"picked":"Barricade","floor":8},{"not_picked":["Havoc","Cleave"],"picked":"Shrug It Off","floor":10},{"not_picked":["Dual Wield","Cleave","Bloodletting"],"picked":"SKIP","floor":11},{"not_picked":["Intimidate","Pommel Strike"],"picked":"Perfected Strike","floor":14}],"player_experience":898618,"relics_obtained":[{"floor":7,"key":"Happy Flower"},{"floor":9,"key":"Potion Belt"}],"event_choices":[{"event_name":"Shining Light","player_choice":"Entered Light","floor":5,"damage_taken":0}],"is_beta":true,"boss_relics":[],"items_purged_floors":[],"is_endless":false,"potions_floor_spawned":[4,8,14],"killed_by":"The Guardian","ascension_level":8}