{"gold_per_floor":[119,132,132,132,148,148,148,148,148,148,168,168,193,217,217,340,340,365,403,403,423,544,544,565,583,583,596,596,674,689,152,152,152],"floor_reached":33,"playtime":986,"items_purged":[],"score":241,"play_id":"64d0142e-a83f-4c09-97ca-01e30367bbaf","local_time":"20190106215427","is_ascension_mode":false,"campfire_choices":[{"data":"Bane","floor":6,"key":"SMITH"},{"data":"Crippling Poison","floor":12,"key":"SMITH"},{"floor":15,"key":"REST"},{"floor":23,"key":"REST"},{"floor":28,"key":"REST"},{"floor":32,"key":"REST"}],"neow_cost":"NONE","seed_source_timestamp":865503518381489,"circlet_count":0,"master_deck":["Defend_G","Defend_G","Defend_G","Defend_G","Defend_G","Strike_G","Strike_G","Strike_G","Strike_G","Survivor","Tools of the Trade+1","Crippling Poison+1","Bane+1","Envenom","Poisoned Stab","Noxious Fumes","Deadly Poison","Underhanded Strike","Reflex","Deadly Poison+1","Underhanded Strike+1","hubris:DuctTapeCard"],"relics":["Cracked Core","infinitespire:Cubic Diamond","Bottled Lightning","Golden Idol","Black Star","Red Mask","Bottled Tornado","hubris:BottledRain","infinitespire:Lucky Rock","hubris:DuctTape"],"potions_floor_usage":[18,18,25,27,27,33,33],"damage_taken":[{"damage":5,"enemies":"Small Slimes","floor":1,"turns":5},{"damage":0,"enemies":"Jaw Worm","floor":2,"turns":6},{"damage":0,"enemies":"2 Louse","floor":5,"turns":3},{"damage":0,"enemies":"2 Fungi Beasts","floor":11,"turns":2},{"damage":0,"enemies":"3 Louse","floor":13,"turns":2},{"damage":5,"enemies":"Blue Slaver","floor":14,"turns":3},{"damage":15,"enemies":"Hexaghost","floor":16,"turns":9},{"damage":11,"enemies":"Chosen","floor":18,"turns":4},{"damage":10,"enemies":"Masked Bandits","floor":19,"turns":3},{"damage":14,"enemies":"Shell Parasite","floor":21,"turns":7},{"damage":15,"enemies":"Centurion and Healer","floor":22,"turns":4},{"damage":21,"enemies":"Shelled Parasite and Fungi","floor":24,"turns":6},{"damage":12,"enemies":"Snake Plant","floor":25,"turns":5},{"damage":14,"enemies":"Cultist and Chosen","floor":27,"turns":4},{"damage":32,"enemies":"Centurion and Healer","floor":30,"turns":4},{"damage":41,"enemies":"Automaton","floor":33,"turns":4}],"seed_played":"5303802284600589698","potions_obtained":[{"floor":1,"key":"Explosive Potion"},{"floor":13,"key":"Regen Potion"},{"floor":16,"key":"SkillPotion"},{"floor":22,"key":"Block Potion"},{"floor":25,"key":"Regen Potion"},{"floor":27,"key":"LiquidBronze"}],"is_trial":false,"path_per_floor":["M","M","?","?","M","R","?","?","T","?","M","R","M","M","R","B",null,"M","?","?","M","M","R","M","M","T","M","R","T","M","$","R","B"],"character_chosen":"THE_SILENT","items_purchased":["infinitespire:Lucky Rock","infinitespire:BlackPotion","hubris:DuctTape"],"campfire_rested":4,"item_purchase_floors":[31,31,31],"current_hp_per_floor":[65,65,65,58,58,58,58,58,58,41,41,41,41,36,57,42,70,59,49,49,35,20,41,20,8,8,28,49,49,17,17,38,0],"gold":152,"neow_bonus":"ONE_RANDOM_RARE_CARD","is_prod":false,"is_daily":false,"chose_seed":false,"campfire_upgraded":2,"win_rate":0,"timestamp":1546829667,"path_taken":["M","M","?","?","M","R","?","?","T","?","M","R","M","M","R","BOSS","M","?","?","M","M","R","?","M","T","M","R","?","M","$","R","BOSS"],"build_version":"2019-01-03v4","purchased_purges":0,"victory":false,"max_hp_per_floor":[70,70,70,70,70,70,70,70,70,70,70,70,70,70,70,70,70,70,70,70,70,70,70,70,70,70,70,70,70,70,70,70,70],"card_choices":[{"not_picked":["Flying Knee","Outmaneuver"],"picked":"Crippling Poison","floor":1},{"not_picked":["Acrobatics","Distraction","Calculated Gamble"],"picked":"SKIP","floor":2},{"not_picked":["Backflip","Quick Slash"],"picked":"Bane","floor":5},{"not_picked":["Escape Plan","Outmaneuver","Reflex"],"picked":"SKIP","floor":11},{"not_picked":["Dagger Throw","Sucker Punch"],"picked":"Envenom","floor":13},{"not_picked":["Blade Dance","Cloak And Dagger","Sucker Punch"],"picked":"SKIP","floor":14},{"not_picked":["Phantasmal Killer","Die Die Die"],"picked":"Corpse Explosion","floor":16},{"not_picked":["Tactician+1","Quick Slash"],"picked":"Poisoned Stab","floor":18},{"not_picked":["Outmaneuver","Concentrate"],"picked":"Noxious Fumes","floor":19},{"not_picked":["Masterful Stab","Blur"],"picked":"Deadly Poison","floor":21},{"not_picked":["PiercingWail","Blade Dance"],"picked":"Underhanded Strike","floor":22},{"not_picked":["Caltrops","A Thousand Cuts"],"picked":"Reflex","floor":24},{"not_picked":["Flechettes","Dodge and Roll","Accuracy"],"picked":"SKIP","floor":25},{"not_picked":["Acrobatics","Calculated Gamble"],"picked":"Deadly Poison+1","floor":27},{"not_picked":["Predator","Infinite Blades"],"picked":"Underhanded Strike+1","floor":30}],"player_experience":548904,"relics_obtained":[{"floor":9,"key":"Bottled Lightning"},{"floor":19,"key":"Red Mask"},{"floor":26,"key":"Bottled Tornado"},{"floor":29,"key":"hubris:BottledRain"}],"event_choices":[{"damage_healed":0,"gold_gain":0,"player_choice":"Grow","damage_taken":0,"max_hp_gain":0,"max_hp_loss":0,"event_name":"Living Wall","floor":3,"gold_loss":0,"cards_upgraded":["Tools of the Trade"]},{"cards_removed":["Strike_G"],"damage_healed":0,"gold_gain":0,"player_choice":"Card Removal","damage_taken":7,"max_hp_gain":0,"max_hp_loss":0,"event_name":"Golden Wing","floor":4,"gold_loss":0},{"damage_healed":0,"gold_gain":0,"player_choice":"Ignored","damage_taken":0,"max_hp_gain":0,"max_hp_loss":0,"event_name":"Liars Game","floor":7,"gold_loss":0},{"damage_healed":0,"gold_gain":0,"player_choice":"Take Damage","damage_taken":17,"relics_obtained":["Golden Idol"],"max_hp_gain":0,"max_hp_loss":0,"event_name":"Golden Idol","floor":10,"gold_loss":0},{"damage_healed":0,"gold_gain":0,"player_choice":"Fought Bandits","damage_taken":0,"max_hp_gain":0,"max_hp_loss":0,"event_name":"Masked Bandits","floor":19,"gold_loss":0},{"damage_healed":0,"gold_gain":0,"player_choice":"Leave","damage_taken":0,"max_hp_gain":0,"max_hp_loss":0,"event_name":"FaceTrader","floor":20,"gold_loss":0}],"is_beta":false,"boss_relics":[{"not_picked":["Sozu","White Beast Statue"],"picked":"Black Star"}],"items_purged_floors":[],"is_endless":false,"potions_floor_spawned":[1,13,16,22,25,27],"killed_by":"Automaton","ascension_level":0}