{"gold_per_floor":[118,118,132,22,37,37,37,37,91,91,15,41,56,84,84,188,188,207,223,52,70,83,83,116,116,116,144,144],"floor_reached":28,"playtime":2281,"items_purged":["Defend_R","Strike_R"],"score":412,"play_id":"44385b0f-ab04-436b-bb0a-4ee94bf9930a","local_time":"20190205154829","is_ascension_mode":true,"campfire_choices":[{"data":"Uppercut","floor":8.0,"key":"SMITH"},{"data":"Bash","floor":10.0,"key":"SMITH"},{"data":"Inflame","floor":15.0,"key":"SMITH"},{"data":"Searing Blow+1","floor":23.0,"key":"SMITH"},{"data":"Searing Blow+2","floor":25.0,"key":"SMITH"}],"neow_cost":"NONE","seed_source_timestamp":326447853338325,"circlet_count":0,"master_deck":["AscendersBane","Strike_R","Strike_R","Strike_R","Strike_R","Defend_R","Defend_R","Defend_R","Bash+1","Inflame+1","Feel No Pain","Havoc+1","Uppercut+1","Twin Strike","Battle Trance","Limit Break","Iron Wave","Dual Wield","Juggernaut","Searing Blow+3","Sword Boomerang+1","Impervious","Shrug It Off+1","Armaments+1","Cleave","Disarm"],"special_seed":0,"relics":["Burning Blood","CultistMask","Lantern","Red Skull","Blood Vial","Snecko Eye","Paper Frog","Letter Opener","Mercury Hourglass"],"potions_floor_usage":[28],"damage_taken":[{"damage":4.0,"enemies":"Jaw Worm","floor":1.0,"turns":4.0},{"damage":1.0,"enemies":"Cultist","floor":3.0,"turns":3.0},{"damage":0.0,"enemies":"Small Slimes","floor":5.0,"turns":3.0},{"damage":5.0,"enemies":"Lagavulin","floor":12.0,"turns":5.0},{"damage":19.0,"enemies":"3 Louse","floor":13.0,"turns":4.0},{"damage":17.0,"enemies":"3 Sentries","floor":14.0,"turns":8.0},{"damage":24.0,"enemies":"Hexaghost","floor":16.0,"turns":8.0},{"damage":18.0,"enemies":"3 Byrds","floor":18.0,"turns":4.0},{"damage":25.0,"enemies":"Spheric Guardian","floor":19.0,"turns":4.0},{"damage":3.0,"enemies":"Snecko","floor":21.0,"turns":4.0},{"damage":8.0,"enemies":"Cultist and Chosen","floor":22.0,"turns":4.0},{"damage":30.0,"enemies":"Gremlin Leader","floor":24.0,"turns":5.0},{"damage":27.0,"enemies":"Book of Stabbing","floor":27.0,"turns":4.0},{"damage":23,"enemies":"Snake Plant","floor":28,"turns":2}],"seed_played":"4916301882902978302","potions_obtained":[{"floor":1.0,"key":"PowerPotion"},{"floor":3.0,"key":"Weak Potion"},{"floor":16.0,"key":"Energy Potion"},{"floor":18.0,"key":"Regen Potion"},{"floor":24.0,"key":"EssenceOfSteel"}],"is_trial":false,"path_per_floor":["M","?","M","$","M","$","?","R","T","R","$","E","M","E","R","B",null,"M","M","$","M","M","R","E","R","T","E","M"],"character_chosen":"IRONCLAD","items_purchased":["Uppercut","Battle Trance","Impervious"],"campfire_rested":0,"item_purchase_floors":[4,11,20],"current_hp_per_floor":[74,74,79,79,80,80,80,80,80,80,80,80,67,56,56,40,70,60,55,55,60,60,60,38,38,38,19,0],"gold":144,"neow_bonus":"THREE_CARDS","is_prod":false,"is_daily":false,"chose_seed":false,"campfire_upgraded":5,"win_rate":0,"timestamp":1549410509,"path_taken":["M","?","M","?","?","$","?","R","T","R","$","E","M","E","R","BOSS","M","M","$","M","M","R","E","R","T","E","?"],"build_version":"2019-01-23","purchased_purges":2,"victory":false,"max_hp_per_floor":[80,80,80,80,80,80,80,80,80,80,80,80,80,80,80,80,80,80,80,80,80,80,80,80,80,80,80,80],"card_choices":[{"not_picked":["Pommel Strike","Sword Boomerang"],"picked":"Inflame","floor":0.0},{"not_picked":["Twin Strike","Power Through"],"picked":"Feel No Pain","floor":1.0},{"not_picked":["Inflame","Sword Boomerang"],"picked":"Havoc","floor":3.0},{"not_picked":["Wild Strike","Clash"],"picked":"Twin Strike","floor":5.0},{"not_picked":["True Grit","Rampage"],"picked":"Limit Break","floor":12.0},{"not_picked":["Headbutt","Evolve"],"picked":"Iron Wave","floor":13.0},{"not_picked":["Iron Wave","Twin Strike"],"picked":"Dual Wield","floor":14.0},{"not_picked":["Impervious","Barricade"],"picked":"Juggernaut","floor":16.0},{"not_picked":["Rampage","Headbutt"],"picked":"Searing Blow+1","floor":18.0},{"not_picked":["Body Slam","Perfected Strike+1"],"picked":"Sword Boomerang+1","floor":19.0},{"not_picked":["True Grit","Pommel Strike"],"picked":"Shrug It Off+1","floor":21.0},{"not_picked":["Metallicize+1","Shrug It Off+1"],"picked":"Armaments+1","floor":22.0},{"not_picked":["Rupture","Twin Strike"],"picked":"Cleave","floor":24.0},{"not_picked":["Infernal Blade+1","Fiend Fire"],"picked":"Disarm","floor":27.0}],"player_experience":467951,"relics_obtained":[{"floor":9.0,"key":"Lantern"},{"floor":12.0,"key":"Red Skull"},{"floor":14.0,"key":"Blood Vial"},{"floor":24.0,"key":"Paper Frog"},{"floor":26.0,"key":"Letter Opener"},{"floor":27.0,"key":"Mercury Hourglass"}],"event_choices":[{"damage_healed":0.0,"max_hp_gain":0.0,"max_hp_loss":0.0,"gold_gain":0.0,"event_name":"FaceTrader","player_choice":"Trade","floor":2.0,"gold_loss":0.0,"damage_taken":0.0,"relics_obtained":["CultistMask"]},{"damage_healed":0.0,"max_hp_gain":0.0,"max_hp_loss":0.0,"gold_gain":0.0,"event_name":"Accursed Blacksmith","player_choice":"Forge","floor":7.0,"gold_loss":0.0,"damage_taken":0.0,"cards_upgraded":["Havoc"]}],"is_beta":false,"boss_relics":[{"not_picked":["Ectoplasm","Mark of Pain"],"picked":"Snecko Eye"}],"items_purged_floors":[4,20],"is_endless":false,"potions_floor_spawned":[1,3,5,16,18,24],"killed_by":"Snake Plant","ascension_level":11}