{"gold_per_floor":[15,15,25,25,25,57,68,68,68,68,88,53,53,86,86,187,187,210,222,244,256],"floor_reached":21,"playtime":627,"items_purged":[],"score":262,"play_id":"a4aee34e-130e-49b4-b22f-0d2eb049769b","local_time":"20180928180640","is_ascension_mode":true,"campfire_choices":[{"data":"Barricade","floor":8,"key":"SMITH"},{"data":"Sword Boomerang","floor":15,"key":"SMITH"}],"neow_cost":"NO_GOLD","seed_source_timestamp":292251119310986,"circlet_count":0,"master_deck":["Strike_R","Strike_R+1","Strike_R","Defend_R","Defend_R+1","Defend_R","Defend_R","Bash","Sword Boomerang+1","Twin Strike","Barricade+1","Thunderclap","Spot Weakness+1","Entrench+1","Offering+1","Doubt","Decay","Regret","Dropkick+1"],"relics":["Burning Blood","Champion Belt","Blue Candle","Toxic Egg 2","Sundial","Calling Bell","MawBank","The Courier","Shovel"],"potions_floor_usage":[6,16],"damage_taken":[{"damage":9,"enemies":"Jaw Worm","floor":1,"turns":4},{"damage":1,"enemies":"Cultist","floor":3,"turns":3},{"damage":12,"enemies":"Gremlin Nob","floor":6,"turns":3},{"damage":16,"enemies":"Small Slimes","floor":7,"turns":4},{"damage":8,"enemies":"Gremlin Gang","floor":11,"turns":5},{"damage":25,"enemies":"Lagavulin","floor":14,"turns":7},{"damage":6,"enemies":"Hexaghost","floor":16,"turns":11},{"damage":30,"enemies":"Shell Parasite","floor":18,"turns":4},{"damage":36,"enemies":"2 Thieves","floor":20,"turns":5},{"damage":20,"enemies":"Snecko","floor":21,"turns":3}],"seed_played":"-3943703162889840443","potions_obtained":[{"floor":1,"key":"Fire Potion"},{"floor":3,"key":"Ancient Potion"},{"floor":7,"key":"SkillPotion"},{"floor":16,"key":"Fire Potion"}],"is_trial":false,"path_per_floor":["M","?","M","?","?","E","M","R","T","?","M","?","$","E","R","B",null,"M","?","M"],"character_chosen":"IRONCLAD","items_purchased":[],"campfire_rested":0,"item_purchase_floors":[],"current_hp_per_floor":[69,69,74,74,74,68,58,58,58,42,40,60,60,41,41,41,70,46,46,16,0],"gold":256,"neow_bonus":"ONE_RARE_RELIC","is_prod":false,"is_daily":false,"chose_seed":false,"campfire_upgraded":2,"win_rate":0,"timestamp":1538172400,"path_taken":["M","?","?","?","?","E","?","R","T","?","M","?","?","E","R","BOSS","M","?","?","M"],"build_version":"2018-09-27","purchased_purges":0,"victory":false,"max_hp_per_floor":[80,80,80,80,80,80,80,80,80,80,80,80,80,80,80,80,80,80,80,80,80],"card_choices":[{"not_picked":["Reckless Charge","Wild Strike"],"picked":"Sword Boomerang","floor":1},{"not_picked":["Warcry","Iron Wave"],"picked":"Twin Strike","floor":3},{"not_picked":["Pommel Strike","Body Slam"],"picked":"Barricade","floor":6},{"not_picked":["Fire Breathing","Uppercut"],"picked":"Thunderclap","floor":7},{"not_picked":["Pommel Strike","Clash"],"picked":"Spot Weakness+1","floor":11},{"not_picked":["Thunderclap","Heavy Blade"],"picked":"Entrench+1","floor":14},{"not_picked":["Immolate","Double Tap+1"],"picked":"Offering+1","floor":16},{"not_picked":["Wild Strike","Heavy Blade"],"picked":"Dropkick+1","floor":18},{"not_picked":["Blood for Blood+1","Clash","Perfected Strike"],"picked":"SKIP","floor":20}],"player_experience":907594,"relics_obtained":[{"floor":6,"key":"Blue Candle"},{"floor":9,"key":"Toxic Egg 2"},{"floor":14,"key":"Sundial"},{"floor":17,"key":"MawBank"},{"floor":17,"key":"The Courier"},{"floor":17,"key":"Shovel"}],"event_choices":[{"event_name":"Bonfire Elementals","player_choice":"BASIC","floor":2,"damage_taken":0},{"event_name":"Purifier","player_choice":"One Purge","floor":4,"damage_taken":0},{"event_name":"Liars Game","player_choice":"disagreed","floor":5,"damage_taken":0},{"event_name":"Shining Light","player_choice":"Entered Light","floor":10,"damage_taken":0},{"event_name":"The Cleric","player_choice":"Healed","floor":12,"damage_taken":0},{"event_name":"Vampires","player_choice":"Ignored","floor":19,"damage_taken":0}],"is_beta":true,"boss_relics":[{"not_picked":["Philosopher\u0027s Stone","Runic Cube"],"picked":"Calling Bell"}],"items_purged_floors":[],"is_endless":false,"potions_floor_spawned":[1,3,7,16],"killed_by":"Snecko","ascension_level":8}