{"path_per_floor":["M","M","M","?","$","R","M","M","T","R","M","M","E","?","R","B",null,"M","?","M","?","$","R","$","R","T","?","?","R","?","M","R"],"character_chosen":"IRONCLAD","items_purchased":["Barricade","Paper Frog","Dropkick"],"gold_per_floor":[115,127,142,142,142,142,154,165,192,192,207,224,254,254,254,353,383,394,394,413,413,80,80,13,13,13,13,13,13,13,31,31],"floor_reached":33,"campfire_rested":6,"playtime":1219,"current_hp_per_floor":[43,43,43,40,40,68,46,40,40,68,57,59,13,13,41,17,101,74,74,48,48,48,78,78,101,101,101,101,101,101,67,97],"items_purged":[],"gold":31,"score":270,"play_id":"6aaca493-7100-4c2b-8408-4d05438d4c9d","is_prod":false,"is_daily":false,"is_ascension_mode":false,"campfire_upgraded":1,"path_taken":["M","M","M","?","?","R","M","M","T","R","M","M","E","?","R","BOSS","M","?","M","?","?","R","$","R","T","?","?","R","?","M","R","BOSS"],"build_version":"2018-02-15-PROD1","purchased_purges":0,"victory":false,"master_deck":["Strike_R","Strike_R","Strike_R","Strike_R","Strike_R","Defend_R","Defend_R","Defend_R","Defend_R","Bash","Infernal Blade","Pommel Strike","Reckless Charge+1","Metallicize","Clothesline","Flame Barrier","Infernal Blade","Bludgeon","Disarm","Demon Form","Rage","Metallicize","Cleave","Pommel Strike","Barricade+1","Sentinel","Dropkick","Burning Pact+1","Demon Form","Flame Barrier","Inflame"],"max_hp_per_floor":[96,96,96,96,96,96,96,96,96,96,96,96,96,96,96,96,101,101,101,101,101,101,101,101,101,101,101,101,101,101,101,101],"relics":["Burning Blood","Juzu Bracelet","Ancient Tea Set","Dream Catcher","Tiny House","Paper Frog","Gambling Chip"],"card_choices":[{"not_picked":["Sword Boomerang","Havoc"],"picked":"Infernal Blade"},{"not_picked":["Evolve","Body Slam"],"picked":"Pommel Strike"},{"not_picked":["Bloodletting","Clothesline"],"picked":"Reckless Charge"},{"not_picked":["Fire Breathing","Perfected Strike"],"picked":"Metallicize"},{"not_picked":["Dark Embrace","Perfected Strike"],"picked":"Clothesline"},{"not_picked":["Heavy Blade","Wild Strike"],"picked":"Hemokinesis"},{"not_picked":["Body Slam","Sword Boomerang"],"picked":"Flame Barrier"},{"not_picked":["Heavy Blade","Flex"],"picked":"Infernal Blade"},{"not_picked":["Brutality","Headbutt"],"picked":"Disarm"},{"not_picked":["Fiend Fire","Limit Break"],"picked":"Demon Form"},{"not_picked":["Havoc","True Grit"],"picked":"Rage"},{"not_picked":["Pommel Strike","Rupture"],"picked":"Metallicize"},{"not_picked":["Headbutt","Fire Breathing"],"picked":"Cleave"},{"not_picked":["Bloodletting","Evolve"],"picked":"Sentinel"},{"not_picked":["Warcry","Combust"],"picked":"Burning Pact"},{"not_picked":["Headbutt","Anger"],"picked":"Flame Barrier"},{"not_picked":["Wild Strike","Body Slam"],"picked":"Inflame"}],"player_experience":78838,"potions_floor_usage":[12],"damage_taken":[{"damage":11,"enemies":"2 Louse","floor":1,"turns":3},{"damage":6,"enemies":"Jaw Worm","floor":2,"turns":3},{"damage":6,"enemies":"Cultist","floor":3,"turns":3},{"damage":28,"enemies":"Exordium Thugs","floor":7,"turns":5},{"damage":12,"enemies":"Exordium Wildlife","floor":8,"turns":4},{"damage":17,"enemies":"Large Slime","floor":11,"turns":4},{"damage":10,"enemies":"2 Fungi Beasts","floor":12,"turns":3},{"damage":52,"enemies":"Lagavulin","floor":13,"turns":7},{"damage":30,"enemies":"The Guardian","floor":16,"turns":13},{"damage":33,"enemies":"Shell Parasite","floor":18,"turns":7},{"damage":32,"enemies":"3 Byrds","floor":20,"turns":7},{"damage":40,"enemies":"Centurion and Healer","floor":31,"turns":5},{"damage":99,"enemies":"Collector","floor":33,"turns":7}],"event_choices":[{"event_name":"Scrap Ooze","player_choice":"success","floor":4,"damage_taken":3},{"event_name":"Living Wall","player_choice":"Change","floor":14,"damage_taken":0},{"event_name":"Vampires","player_choice":"Ignored","floor":19,"damage_taken":0},{"event_name":"Match and Keep!","player_choice":"1 cards matched","floor":21,"damage_taken":0},{"event_name":"Beggar","player_choice":"Ignored","floor":27,"damage_taken":0},{"event_name":"Drug Dealer","player_choice":"Ignored","floor":28,"damage_taken":0},{"event_name":"The Library","player_choice":"Read","floor":30,"damage_taken":0}],"boss_relics":[{"not_picked":["Philosopher\u0027s Stone","White Beast Statue"],"picked":"Tiny House"}],"potions_floor_spawned":[1,8,11,12,13,16,18,20],"seed_played":"-9169482507039649088","killed_by":"Collector","ascension_level":0,"is_trial":false}