{"path_per_floor":["M","?","?","?","M","R","M","R","T","M","M","E","R","E","R","B",null,"M","?","M","M","M","R","E","R","T","M","?","M","$","M","R","B",null,"M","M","M","T","?","R","$","E","T","R","M","E","R","E","R","B"],"character_chosen":"THE_SILENT","items_purchased":["Blood Vial","Tingsha","Finisher","Well Laid Plans","Happy Flower"],"gold_per_floor":[114,114,114,289,309,309,327,327,378,396,413,444,444,474,474,569,569,587,587,602,620,637,637,666,666,666,680,680,699,56,67,67,170,170,183,197,208,232,232,232,80,111,165,165,182,212,212,543,543,543],"floor_reached":51,"campfire_rested":1,"playtime":5588,"current_hp_per_floor":[63,63,68,68,68,68,67,67,67,58,53,42,42,42,42,8,68,65,49,49,25,25,45,24,24,24,22,22,22,22,24,24,20,34,33,34,34,41,41,41,41,31,31,31,31,31,31,32,32,17],"items_purged":["Doubt"],"gold":543,"score":995,"play_id":"f581d515-236f-4d02-9284-58a3e8a7aa99","local_time":"20180414123115","is_prod":false,"is_daily":false,"chose_seed":false,"is_ascension_mode":true,"campfire_upgraded":10,"timestamp":1523734275,"path_taken":["M","?","?","?","M","R","M","R","T","M","M","E","R","E","R","BOSS","M","?","M","M","M","R","E","R","T","M","?","M","$","M","R","BOSS","M","M","M","?","?","R","$","E","T","R","M","E","R","E","R","BOSS"],"build_version":"2018-04-12","seed_source_timestamp":929214135523572,"purchased_purges":1,"victory":true,"master_deck":["Defend_G","Defend_G","Strike_G","Strike_G","Strike_G","Strike_G","Strike_G","Survivor","Neutralize","Cloak And Dagger+1","Burst+1","Neutralize+1","Terror","Prepared+1","Cloak And Dagger+1","Backstab+1","Acrobatics","Night Terror","Bullet Time+1","Deflect","Necronomicurse","Prepared","Deflect+1","Eviscerate","Choke+1","Wraith Form v2+1","Ghostly","Ghostly","Ghostly","Ghostly","Ghostly","Flying Knee","Finisher","Well Laid Plans+1","Accuracy+1","Adrenaline","Acrobatics+1","Flying Knee","Cloak And Dagger+1","Bane+1","Deadly Poison","Bouncing Flask+1","After Image+1"],"max_hp_per_floor":[63,63,68,68,68,68,68,68,68,68,68,68,68,68,68,68,68,68,68,68,68,68,68,68,68,68,68,34,34,34,34,34,34,34,34,34,34,41,41,41,41,41,41,41,41,41,41,41,41,41],"relics":["Ring of the Snake","Bronze Scales","Bag of Marbles","Mercury Hourglass","Runic Dome","Necronomicon","Juzu Bracelet","Kunai","Blood Vial","Tingsha","Sozu","Strawberry","Happy Flower","Meat on the Bone","War Paint","Bottled Lightning","Old Coin"],"card_choices":[{"not_picked":["Poisoned Stab","Distraction"],"picked":"Cloak And Dagger","floor":1},{"not_picked":["Sucker Punch","Bane"],"picked":"Terror","floor":5},{"not_picked":["Setup","Dagger Throw"],"picked":"Prepared","floor":7},{"not_picked":["Dagger Throw","Blade Dance"],"picked":"Cloak And Dagger","floor":10},{"not_picked":["Choke","Bane"],"picked":"Backstab","floor":11},{"not_picked":["Deadly Poison","Dagger Spray"],"picked":"Acrobatics","floor":12},{"not_picked":["Bane","Deadly Poison"],"picked":"Night Terror","floor":14},{"not_picked":["Corpse Explosion","Storm of Steel"],"picked":"Bullet Time","floor":16},{"not_picked":["Cloak And Dagger","Backflip"],"picked":"Deflect","floor":18},{"not_picked":["Endless Agony","Quick Slash"],"picked":"Prepared","floor":20},{"not_picked":["Dagger Throw","Sucker Punch"],"picked":"Deflect","floor":21},{"not_picked":["Prepared","Dagger Spray"],"picked":"Eviscerate","floor":22},{"not_picked":["Masterful Stab","Backflip"],"picked":"Choke","floor":24},{"not_picked":["Well Laid Plans","Deadly Poison"],"picked":"Wraith Form v2","floor":27},{"not_picked":["Prepared","Dodge and Roll"],"picked":"Flying Knee","floor":29},{"not_picked":["Footwork","Endless Agony"],"picked":"Accuracy","floor":31},{"not_picked":["Glass Knife","Doppelganger"],"picked":"Adrenaline","floor":33},{"not_picked":["All Out Attack","Escape Plan"],"picked":"Acrobatics","floor":35},{"not_picked":["Deflect","Distraction"],"picked":"Flying Knee","floor":36},{"not_picked":["Blur","Quick Slash"],"picked":"Cloak And Dagger","floor":37},{"not_picked":["Outmaneuver","Dagger Spray"],"picked":"Bane","floor":42},{"not_picked":["Endless Agony","Poisoned Stab"],"picked":"Deadly Poison","floor":45},{"not_picked":["Outmaneuver","Heel Hook"],"picked":"Bouncing Flask","floor":46},{"not_picked":["Prepared","Reflex"],"picked":"After Image","floor":48}],"player_experience":272672,"potions_floor_usage":[14,14,16,22,24,24,31,50,50],"damage_taken":[{"damage":0,"enemies":"Cultist","floor":1,"turns":4},{"damage":0,"enemies":"2 Louse","floor":5,"turns":2},{"damage":1,"enemies":"Small Slimes","floor":7,"turns":3},{"damage":9,"enemies":"3 Louse","floor":10,"turns":4},{"damage":5,"enemies":"Blue Slaver","floor":11,"turns":3},{"damage":11,"enemies":"Lagavulin","floor":12,"turns":5},{"damage":0,"enemies":"Gremlin Nob","floor":14,"turns":2},{"damage":49,"enemies":"Slime Boss","floor":16,"turns":12},{"damage":3,"enemies":"Chosen","floor":18,"turns":4},{"damage":0,"enemies":"Shell Parasite","floor":20,"turns":3},{"damage":24,"enemies":"Snake Plant","floor":21,"turns":3},{"damage":0,"enemies":"Chosen and Byrds","floor":22,"turns":4},{"damage":21,"enemies":"Book of Stabbing","floor":24,"turns":4},{"damage":2,"enemies":"3 Cultists","floor":27,"turns":4},{"damage":0,"enemies":"Snake Plant","floor":29,"turns":3},{"damage":0,"enemies":"Snecko","floor":31,"turns":3},{"damage":6,"enemies":"Automaton","floor":33,"turns":9},{"damage":1,"enemies":"Orb Walker","floor":35,"turns":2},{"damage":0,"enemies":"3 Darklings","floor":36,"turns":6},{"damage":0,"enemies":"Maw","floor":37,"turns":5},{"damage":10,"enemies":"Nemesis","floor":42,"turns":3},{"damage":2,"enemies":"4 Shapes","floor":45,"turns":2},{"damage":2,"enemies":"2 Orb Walkers","floor":46,"turns":4},{"damage":1,"enemies":"Giant Head","floor":48,"turns":5},{"damage":29,"enemies":"Time Eater","floor":50,"turns":11}],"event_choices":[{"event_name":"Match and Keep!","player_choice":"2 cards matched","floor":2,"damage_taken":0},{"event_name":"Big Fish","player_choice":"Donut","floor":3,"damage_taken":0},{"event_name":"Liars Game","player_choice":"agreed","floor":4,"damage_taken":0},{"event_name":"Cursed Tome","player_choice":"Obtained Book","floor":19,"damage_taken":0},{"event_name":"Ghosts","player_choice":"Became a Ghost","floor":28,"damage_taken":0}],"boss_relics":[{"not_picked":["Tiny House","Lizard Tail"],"picked":"Runic Dome"},{"not_picked":["Eternal Feather","Snecko Eye"],"picked":"Sozu"}],"potions_floor_spawned":[5,7,10,11,16,20,21,22,24,33,36,46,48],"seed_played":"4277460195590670764","ascension_level":4,"is_trial":false}