{"gold_per_floor":[114,10,10,85,85,85,115,115,170,170,214,38,77,77,77,170,170,189,204,204,123,147,147,22,22,22,62,62,87,2,42,42,135,135,151,151,165,165,181,216,216,249,272,290,270,270,288,301,301,301,301],"floor_reached":51,"playtime":4847,"items_purged":["Strike_B","Strike_B","Strike_B+1"],"score":1814,"play_id":"36bb43f5-47ff-4dc2-9f8d-4c16eb5d73ce","local_time":"20190903123034","is_ascension_mode":true,"campfire_choices":[{"data":"Zap","floor":6.0,"key":"SMITH"},{"data":"Chaos","floor":8.0,"key":"SMITH"},{"data":"Sunder","floor":15.0,"key":"SMITH"},{"data":"Buffer","floor":23.0,"key":"SMITH"},{"data":"Defragment","floor":28.0,"key":"SMITH"},{"data":"Defragment","floor":32.0,"key":"SMITH"},{"floor":41.0,"key":"REST"},{"data":"Amplify","floor":46.0,"key":"SMITH"},{"floor":49.0,"key":"RECALL"}],"neow_cost":"NONE","seed_source_timestamp":941120934004854,"circlet_count":0,"master_deck":["AscendersBane","Strike_B+1","Defend_B+1","Defend_B+1","Defend_B+1","Defend_B+1","Zap+1","Dualcast+1","Sweeping Beam","Chaos+1","Sunder+1","Defragment+1","Darkness","Buffer+1","Leap","Defragment+1","Amplify+1","Leap","Coolheaded","Coolheaded","Go for the Eyes","Core Surge","Beam Cell","Gash+1","Turbo+1","Beam Cell+1","Go for the Eyes","Capacitor","Compile Driver","BootSequence"],"special_seed":0,"relics":["Cracked Core","NeowsBlessing","PreservedInsect","Peace Pipe","Lantern","Golden Idol","Letter Opener","Pocketwatch","Runic Pyramid","Mercury Hourglass","Dodecahedron","Shuriken","Kunai","Philosopher\u0027s Stone","Ancient Tea Set","Blood Vial","Orichalcum"],"potions_floor_usage":[],"damage_taken":[{"damage":0.0,"enemies":"Small Slimes","floor":1.0,"turns":1.0},{"damage":0.0,"enemies":"Gremlin Nob","floor":7.0,"turns":1.0},{"damage":0.0,"enemies":"3 Sentries","floor":11.0,"turns":1.0},{"damage":4.0,"enemies":"Lagavulin","floor":13.0,"turns":4.0},{"damage":0.0,"enemies":"Slime Boss","floor":16.0,"turns":4.0},{"damage":19.0,"enemies":"Spheric Guardian","floor":18.0,"turns":4.0},{"damage":0.0,"enemies":"2 Thieves","floor":19.0,"turns":4.0},{"damage":0.0,"enemies":"Chosen and Byrds","floor":22.0,"turns":5.0},{"damage":3.0,"enemies":"Slavers","floor":27.0,"turns":3.0},{"damage":0.0,"enemies":"Cultist and Chosen","floor":29.0,"turns":5.0},{"damage":0.0,"enemies":"Gremlin Leader","floor":31.0,"turns":5.0},{"damage":0.0,"enemies":"Automaton","floor":33.0,"turns":11.0},{"damage":0.0,"enemies":"3 Darklings","floor":35.0,"turns":5.0},{"damage":0.0,"enemies":"3 Shapes","floor":37.0,"turns":4.0},{"damage":40.0,"enemies":"Jaw Worm Horde","floor":39.0,"turns":5.0},{"damage":0.0,"enemies":"Giant Head","floor":40.0,"turns":6.0},{"damage":6.0,"enemies":"Nemesis","floor":42.0,"turns":3.0},{"damage":0.0,"enemies":"Maw","floor":44.0,"turns":7.0},{"damage":8.0,"enemies":"4 Shapes","floor":47.0,"turns":4.0},{"damage":0.0,"enemies":"Jaw Worm Horde","floor":48.0,"turns":4.0},{"damage":31.0,"enemies":"Donu and Deca","floor":50.0,"turns":13.0},{"damage":12,"enemies":"Time Eater","floor":51,"turns":2}],"seed_played":"8062753508234017813","potions_obtained":[{"floor":1.0,"key":"Explosive Potion"},{"floor":7.0,"key":"Regen Potion"},{"floor":14.0,"key":"EssenceOfSteel"},{"floor":22.0,"key":"EssenceOfSteel"},{"floor":29.0,"key":"AttackPotion"},{"floor":37.0,"key":"Strength Potion"},{"floor":39.0,"key":"Block Potion"},{"floor":40.0,"key":"LiquidBronze"},{"floor":45.0,"key":"FearPotion"}],"is_trial":false,"path_per_floor":["M","$","?","?","?","R","E","R","T","?","E","$","E","?","R","B",null,"M","M","?","$","M","R","$","?","T","E","R","M","?","E","R","B",null,"M","?","M","?","M","E","R","E","T","M","?","R","M","M","R","B","B"],"character_chosen":"DEFECT","items_purchased":["Sweeping Beam","Defragment","Amplify"],"campfire_rested":1,"item_purchase_floors":[2,12,21],"current_hp_per_floor":[64,64,53,42,21,21,21,21,21,21,21,21,29,29,29,29,55,36,36,36,36,36,36,36,49,49,46,46,46,46,46,46,46,60,60,60,60,60,20,20,39,35,35,37,37,37,31,33,33,4,0],"gold":301,"neow_bonus":"THREE_ENEMY_KILL","is_prod":false,"is_daily":false,"chose_seed":false,"campfire_upgraded":7,"win_rate":0,"timestamp":1567539034,"path_taken":["M","$","?","?","?","R","E","R","T","?","E","$","E","?","R","BOSS","M","?","?","$","M","R","$","?","T","E","R","M","?","E","R","BOSS","M","?","?","?","M","E","R","E","T","M","?","R","M","?","R","BOSS","BOSS"],"build_version":"2019-07-17","purchased_purges":3,"victory":false,"max_hp_per_floor":[71,71,71,71,71,71,71,71,71,64,64,64,64,64,64,64,64,64,64,64,64,64,64,64,64,64,64,64,64,64,64,64,64,64,64,64,64,64,64,64,64,64,64,64,64,64,64,64,64,64,64],"card_choices":[{"not_picked":["Force Field","Streamline","Rebound"],"picked":"SKIP","floor":1.0},{"not_picked":["Stack","Beam Cell"],"picked":"Chaos","floor":7.0},{"not_picked":["Force Field","Rip and Tear"],"picked":"Sunder","floor":11.0},{"not_picked":["Beam Cell","Streamline"],"picked":"Darkness","floor":13.0},{"not_picked":["Thunder Strike","Fission"],"picked":"Buffer","floor":16.0},{"not_picked":["Scrape","Cold Snap"],"picked":"Leap","floor":18.0},{"not_picked":["Undo","Conserve Battery"],"picked":"Defragment","floor":19.0},{"not_picked":["Darkness","Steam Power"],"picked":"Leap","floor":22.0},{"not_picked":["Streamline","Ball Lightning"],"picked":"Coolheaded","floor":27.0},{"not_picked":["Melter","Blizzard"],"picked":"Coolheaded","floor":29.0},{"not_picked":["Chill","Consume"],"picked":"Go for the Eyes","floor":31.0},{"not_picked":["Electrodynamics","Amplify"],"picked":"Core Surge","floor":33.0},{"not_picked":["Rebound+1","Leap"],"picked":"Beam Cell","floor":35.0},{"not_picked":["Compile Driver","Hologram"],"picked":"Gash+1","floor":37.0},{"not_picked":["Skim","Defragment"],"picked":"Turbo+1","floor":39.0},{"not_picked":["Compile Driver+1","Redo"],"picked":"Beam Cell+1","floor":40.0},{"not_picked":["Sweeping Beam","Genetic Algorithm"],"picked":"Go for the Eyes","floor":42.0},{"not_picked":["Machine Learning","Hologram+1"],"picked":"Capacitor","floor":44.0},{"not_picked":["Turbo","Rebound"],"picked":"Compile Driver","floor":47.0},{"not_picked":["Sweeping Beam+1","Coolheaded"],"picked":"BootSequence","floor":48.0}],"player_experience":862409,"relics_obtained":[{"floor":7.0,"key":"Peace Pipe"},{"floor":9.0,"key":"Lantern"},{"floor":11.0,"key":"Letter Opener"},{"floor":13.0,"key":"Pocketwatch"},{"floor":26.0,"key":"Mercury Hourglass"},{"floor":27.0,"key":"Dodecahedron"},{"floor":31.0,"key":"Kunai"},{"floor":40.0,"key":"Blood Vial"},{"floor":42.0,"key":"Orichalcum"}],"event_choices":[{"damage_healed":0.0,"max_hp_gain":0.0,"max_hp_loss":0.0,"gold_gain":0.0,"event_name":"Scrap Ooze","player_choice":"Success","floor":3.0,"gold_loss":0.0,"damage_taken":11.0,"relics_obtained":["PreservedInsect"]},{"damage_healed":0.0,"max_hp_gain":0.0,"max_hp_loss":0.0,"gold_gain":75.0,"event_name":"World of Goop","player_choice":"Gather Gold","floor":4.0,"gold_loss":0.0,"damage_taken":11.0},{"damage_healed":0.0,"max_hp_gain":0.0,"max_hp_loss":0.0,"gold_gain":0.0,"event_name":"Shining Light","player_choice":"Entered Light","floor":5.0,"gold_loss":0.0,"damage_taken":21.0,"cards_upgraded":["Strike_B","Dualcast"]},{"damage_healed":0.0,"max_hp_gain":0.0,"max_hp_loss":7.0,"gold_gain":0.0,"event_name":"Golden Idol","player_choice":"Lose Max HP","floor":10.0,"gold_loss":0.0,"damage_taken":0.0,"relics_obtained":["Golden Idol"]},{"damage_healed":0.0,"max_hp_gain":0.0,"max_hp_loss":0.0,"gold_gain":0.0,"event_name":"Lab","player_choice":"Got Potions","floor":14.0,"gold_loss":0.0,"damage_taken":0.0},{"damage_healed":0.0,"max_hp_gain":0.0,"max_hp_loss":0.0,"gold_gain":0.0,"event_name":"Back to Basics","player_choice":"Simplicity","floor":20.0,"gold_loss":0.0,"damage_taken":0.0,"cards_upgraded":["Strike_B","Defend_B","Defend_B","Defend_B","Defend_B"]},{"damage_healed":13.0,"max_hp_gain":0.0,"max_hp_loss":0.0,"gold_gain":0.0,"event_name":"The Library","player_choice":"Heal","floor":25.0,"gold_loss":0.0,"damage_taken":0.0},{"damage_healed":0.0,"max_hp_gain":0.0,"max_hp_loss":0.0,"gold_gain":0.0,"event_name":"Addict","player_choice":"Obtained Relic","floor":30.0,"gold_loss":85.0,"damage_taken":0.0,"relics_obtained":["Shuriken"]},{"damage_healed":0.0,"max_hp_gain":0.0,"max_hp_loss":0.0,"gold_gain":0.0,"event_name":"WeMeetAgain","player_choice":"Gave Potion","floor":36.0,"gold_loss":0.0,"damage_taken":0.0,"relics_obtained":["Ancient Tea Set"]},{"damage_healed":0.0,"max_hp_gain":0.0,"max_hp_loss":0.0,"gold_gain":0.0,"event_name":"Tomb of Lord Red Mask","player_choice":"Ignored","floor":38.0,"gold_loss":0.0,"damage_taken":0.0},{"damage_healed":0.0,"max_hp_gain":0.0,"max_hp_loss":0.0,"gold_gain":0.0,"event_name":"The Woman in Blue","player_choice":"Bought 1 Potion","floor":45.0,"gold_loss":0.0,"damage_taken":0.0}],"is_beta":false,"boss_relics":[{"not_picked":["Empty Cage","Inserter"],"picked":"Runic Pyramid"},{"not_picked":["White Beast Statue","Snecko Eye"],"picked":"Philosopher\u0027s Stone"}],"items_purged_floors":[2,12,24],"is_endless":false,"potions_floor_spawned":[1,7,16,18,22,29,37,39,40],"killed_by":"Time Eater","ascension_level":20}