{"gold_per_floor":[17,17,17,30,44,70,70,101,125,300,300,335,335,349,349,349],"floor_reached":16,"playtime":1145,"items_purged":[],"score":208,"play_id":"5ec5d86f-5601-4e11-8576-ab277e59ab1c","local_time":"20190205160832","is_ascension_mode":true,"campfire_choices":[{"data":"Bludgeon","floor":7.0,"key":"SMITH"},{"data":"Bash","floor":13,"key":"SMITH"},{"data":"Disarm","floor":15,"key":"SMITH"}],"neow_cost":"NO_GOLD","seed_source_timestamp":330251463376633,"circlet_count":0,"master_deck":["AscendersBane","Strike_R","Strike_R","Strike_R","Strike_R","Strike_R","Defend_R","Defend_R","Defend_R","Defend_R","Bash+1","Havoc+1","Battle Trance","Headbutt","Bludgeon+1","Feed+1","Doubt","Pummel","Disarm+1"],"special_seed":0,"relics":["Burning Blood","Centennial Puzzle","Oddly Smooth Stone","Bag of Preparation","Bronze Scales"],"potions_floor_usage":[8,16],"damage_taken":[{"damage":0.0,"enemies":"Small Slimes","floor":1.0,"turns":3.0},{"damage":0.0,"enemies":"Cultist","floor":4.0,"turns":4.0},{"damage":8.0,"enemies":"Jaw Worm","floor":5.0,"turns":4.0},{"damage":38.0,"enemies":"Gremlin Nob","floor":6.0,"turns":4.0},{"damage":5,"enemies":"Lagavulin","floor":8,"turns":3},{"damage":26,"enemies":"3 Sentries","floor":12,"turns":9},{"damage":9,"enemies":"2 Fungi Beasts","floor":14,"turns":4},{"damage":44,"enemies":"Slime Boss","floor":16,"turns":8}],"seed_played":"-1479477043592984880","potions_obtained":[{"floor":4.0,"key":"AttackPotion"},{"floor":6.0,"key":"FearPotion"},{"floor":14,"key":"SmokeBomb"}],"is_trial":false,"path_per_floor":["M","?","$","M","M","E","R","E","T","?","?","E","R","M","R","B"],"character_chosen":"IRONCLAD","items_purchased":[],"campfire_rested":0,"item_purchase_floors":[],"current_hp_per_floor":[94,94,94,96,94,62,62,63,63,63,63,43,43,40,40,0],"gold":349,"neow_bonus":"TWENTY_PERCENT_HP_BONUS","is_prod":false,"is_daily":false,"chose_seed":false,"campfire_upgraded":3,"win_rate":0,"timestamp":1549411712,"path_taken":["M","?","$","?","M","E","R","E","T","?","?","E","R","?","R","BOSS"],"build_version":"2019-01-23","purchased_purges":0,"victory":false,"max_hp_per_floor":[96,96,96,96,96,96,96,96,96,96,96,96,96,96,96,96],"card_choices":[{"not_picked":["Evolve","Flex"],"picked":"Havoc","floor":1.0},{"not_picked":["Thunderclap","Cleave"],"picked":"Battle Trance","floor":4.0},{"not_picked":["Rupture","Barricade"],"picked":"Headbutt","floor":5.0},{"not_picked":["Thunderclap","Pommel Strike"],"picked":"Bludgeon","floor":6.0},{"not_picked":["Heavy Blade","Cleave"],"picked":"Feed","floor":8},{"not_picked":["Hemokinesis","Rupture"],"picked":"Pummel","floor":12},{"not_picked":["Thunderclap","Corruption"],"picked":"Disarm","floor":14}],"player_experience":470232,"relics_obtained":[{"floor":6.0,"key":"Centennial Puzzle"},{"floor":8,"key":"Oddly Smooth Stone"},{"floor":9,"key":"Bag of Preparation"},{"floor":12,"key":"Bronze Scales"}],"event_choices":[{"damage_healed":0.0,"max_hp_gain":0.0,"max_hp_loss":0.0,"gold_gain":0.0,"event_name":"Upgrade Shrine","player_choice":"Upgraded","floor":2.0,"gold_loss":0.0,"damage_taken":0.0,"cards_upgraded":["Havoc"]},{"damage_healed":0,"gold_gain":175,"player_choice":"AGREE","damage_taken":0,"max_hp_gain":0,"max_hp_loss":0,"event_name":"Liars Game","floor":10,"gold_loss":0,"cards_obtained":["Doubt"]},{"damage_healed":0,"gold_gain":0,"player_choice":"Upgraded","damage_taken":0,"max_hp_gain":0,"max_hp_loss":0,"event_name":"Upgrade Shrine","floor":11,"gold_loss":0,"cards_upgraded":["Feed"]}],"is_beta":false,"boss_relics":[],"items_purged_floors":[],"is_endless":false,"potions_floor_spawned":[4,6,14],"killed_by":"Slime Boss","ascension_level":11}