{"path_per_floor":["M","$","?","M","M","E","R","?","T","E","$","M","?","M","R"],"character_chosen":"THE_SILENT","items_purchased":["Deadly Poison","Noxious Fumes","Blood Vial"],"gold_per_floor":[116,62,137,151,170,200,200,200,200,226,43,58,58,70,70,70],"floor_reached":16,"campfire_rested":0,"playtime":362,"item_purchase_floors":[2,11,11],"current_hp_per_floor":[70,70,59,59,59,42,42,65,65,30,30,25,48,44,44,0],"items_purged":[],"gold":70,"score":110,"play_id":"ca193623-cbaa-4075-a43b-a064d6ae08bc","local_time":"20180523211306","is_prod":false,"is_daily":false,"chose_seed":false,"is_ascension_mode":false,"campfire_upgraded":2,"win_rate":0.1882353,"timestamp":1527124386,"campfire_choices":[{"data":"Deadly Poison","floor":7,"key":"SMITH"},{"data":"Envenom","floor":15,"key":"SMITH"}],"path_taken":["M","?","?","M","M","E","R","?","T","E","$","M","?","?","R","BOSS"],"build_version":"2018-05-22","seed_source_timestamp":73589693897500,"purchased_purges":0,"victory":false,"master_deck":["Defend_G","Defend_G","Defend_G","Defend_G","Defend_G","Strike_G","Strike_G","Strike_G","Strike_G","Strike_G","Survivor","Neutralize","Skewer","Deadly Poison+1","Sucker Punch","Dagger Spray","Bane","Envenom+1","Noxious Fumes","Cloak And Dagger","Parasite","Deadly Poison"],"max_hp_per_floor":[70,70,70,70,70,70,70,70,70,70,70,70,76,76,76,76],"relics":["Ring of the Snake","NeowsBlessing","Kunai","Regal Pillow","Darkstone Periapt","Blood Vial"],"card_choices":[{"not_picked":["Endless Agony","Flying Knee"],"picked":"Skewer","floor":1},{"not_picked":["Terror","Quick Slash"],"picked":"Sucker Punch","floor":4},{"not_picked":["Bane","Poisoned Stab"],"picked":"Dagger Spray","floor":5},{"not_picked":["Acrobatics","Outmaneuver"],"picked":"Bane","floor":6},{"not_picked":["Dagger Throw","PiercingWail"],"picked":"Envenom","floor":10},{"not_picked":["Prepared","Endless Agony"],"picked":"Cloak And Dagger","floor":12},{"not_picked":["Prepared","Backflip"],"picked":"Deadly Poison","floor":14}],"player_experience":492369,"potions_floor_usage":[6,16],"damage_taken":[{"damage":0,"enemies":"Cultist","floor":1,"turns":1},{"damage":0,"enemies":"Small Slimes","floor":4,"turns":1},{"damage":0,"enemies":"2 Louse","floor":5,"turns":1},{"damage":17,"enemies":"3 Sentries","floor":6,"turns":7},{"damage":35,"enemies":"Lagavulin","floor":10,"turns":6},{"damage":7,"enemies":"Looter","floor":12,"turns":3},{"damage":6,"enemies":"Exordium Wildlife","floor":14,"turns":4},{"damage":51,"enemies":"Slime Boss","floor":16,"turns":7}],"relics_obtained":[{"floor":6,"key":"Kunai"},{"floor":9,"key":"Regal Pillow"},{"floor":10,"key":"Darkstone Periapt"}],"event_choices":[{"event_name":"World of Goop","player_choice":"Gather Gold","floor":3,"damage_taken":0},{"event_name":"Big Fish","player_choice":"Banana","floor":8,"damage_taken":0},{"event_name":"Mushrooms","player_choice":"Healed and dodged fight","floor":13,"damage_taken":0}],"boss_relics":[],"items_purged_floors":[],"potions_floor_spawned":[1,4],"seed_played":"-7507845292892996066","killed_by":"Slime Boss","ascension_level":0,"potions_obtained":[{"floor":1,"key":"AttackPotion"},{"floor":4,"key":"Ancient Potion"}],"is_trial":false}