{"gold_per_floor":[118,268,268,23,35,60,73,106,106,106,120,85,85,97,97,169,169,181,12,12,12,12,12,22,41,64,64,90,51,69,101,101,101],"floor_reached":33,"playtime":943,"items_purged":["Doubt"],"score":636,"play_id":"a156f3fb-db1e-4516-bf67-c9c517d0bc50","local_time":"20190915170711","is_ascension_mode":true,"campfire_choices":[{"data":"Bash","floor":10.0,"key":"SMITH"},{"data":"Flex","floor":13.0,"key":"SMITH"},{"data":"Fire Breathing","floor":15.0,"key":"SMITH"},{"floor":23.0,"key":"REST"},{"data":"Disarm","floor":27.0,"key":"SMITH"},{"floor":32.0,"key":"REST"}],"neow_cost":"NONE","seed_source_timestamp":98189291490400,"circlet_count":0,"master_deck":["AscendersBane","Strike_R+1","Strike_R+1","Strike_R+1","Strike_R+1","Strike_R+1","Defend_R+1","Defend_R+1","Defend_R+1","Defend_R+1","Bash+1","Cleave","Disarm+1","Ghostly Armor","Flame Barrier","Fire Breathing+1","Battle Trance","Flex+1","Carnage+1","Offering","Uppercut+1","J.A.X.","Shrug It Off","Disarm","Whirlwind+1"],"special_seed":0,"relics":["Black Blood","NeowsBlessing","Singing Bowl","Orichalcum","Sundial","Molten Egg 2","Vajra","Toy Ornithopter","Smiling Mask","Letter Opener"],"potions_floor_usage":[33],"damage_taken":[{"damage":0.0,"enemies":"Small Slimes","floor":1.0,"turns":1.0},{"damage":0.0,"enemies":"Jaw Worm","floor":5.0,"turns":1.0},{"damage":0.0,"enemies":"3 Sentries","floor":6.0,"turns":1.0},{"damage":0.0,"enemies":"2 Louse","floor":7.0,"turns":3.0},{"damage":26.0,"enemies":"Lagavulin","floor":8.0,"turns":8.0},{"damage":8.0,"enemies":"Lots of Slimes","floor":11.0,"turns":2.0},{"damage":10.0,"enemies":"3 Louse","floor":14.0,"turns":4.0},{"damage":39.0,"enemies":"Slime Boss","floor":16.0,"turns":8.0},{"damage":22.0,"enemies":"3 Byrds","floor":18.0,"turns":5.0},{"damage":7.0,"enemies":"Spheric Guardian","floor":24.0,"turns":4.0},{"damage":24.0,"enemies":"Snake Plant","floor":25.0,"turns":4.0},{"damage":45.0,"enemies":"Slavers","floor":28.0,"turns":6.0},{"damage":10.0,"enemies":"Chosen and Byrds","floor":30.0,"turns":5.0},{"damage":35.0,"enemies":"Gremlin Leader","floor":31.0,"turns":4.0},{"damage":55,"enemies":"Champ","floor":33,"turns":14}],"seed_played":"-974765135702310927","potions_obtained":[{"floor":5.0,"key":"Explosive Potion"},{"floor":6.0,"key":"Poison Potion"},{"floor":8.0,"key":"Energy Potion"},{"floor":11.0,"key":"Block Potion"},{"floor":30.0,"key":"GamblersBrew"},{"floor":31.0,"key":"Block Potion"}],"is_trial":false,"path_per_floor":["M","?","T","$","M","E","M","E","T","R","M","?","R","M","R","B",null,"M","$","?","?","?","R","M","M","T","R","E","$","M","E","R","B"],"character_chosen":"IRONCLAD","items_purchased":["Disarm","Ghostly Armor","Vajra","Whirlwind+1"],"campfire_rested":2,"item_purchase_floors":[4,4,19,29],"current_hp_per_floor":[74,74,74,74,75,75,75,57,57,57,55,74,74,70,70,37,67,57,57,57,57,46,69,74,62,62,62,36,36,40,24,48,0],"gold":101,"neow_bonus":"THREE_ENEMY_KILL","is_prod":false,"is_daily":false,"chose_seed":false,"campfire_upgraded":4,"win_rate":0,"timestamp":1568585231,"path_taken":["M","?","?","$","M","E","M","E","T","R","M","?","R","M","R","BOSS","M","$","?","?","?","R","M","M","T","R","E","$","?","E","R","BOSS"],"build_version":"2019-09-12","purchased_purges":1,"victory":false,"max_hp_per_floor":[75,75,75,75,75,75,75,77,77,77,77,77,77,77,77,77,77,77,77,77,77,77,77,77,77,77,77,79,79,81,83,83,83],"card_choices":[{"not_picked":["Headbutt","True Grit"],"picked":"Cleave","floor":1.0},{"not_picked":["Searing Blow","Wild Strike"],"picked":"Flame Barrier","floor":5.0},{"not_picked":["Sword Boomerang","Iron Wave"],"picked":"Fire Breathing","floor":6.0},{"not_picked":["Warcry","Burning Pact"],"picked":"Battle Trance","floor":7.0},{"not_picked":["Warcry","Headbutt","Clash"],"picked":"Singing Bowl","floor":8.0},{"not_picked":["Anger+1","Reaper+1"],"picked":"Flex","floor":11.0},{"not_picked":["Perfected Strike+1","Rage"],"picked":"Carnage+1","floor":14.0},{"not_picked":["Berserk","Impervious"],"picked":"Offering","floor":16.0},{"not_picked":["Pommel Strike+1","Whirlwind+1"],"picked":"Uppercut+1","floor":18.0},{"not_picked":["Sword Boomerang+1","Clothesline+1"],"picked":"Shrug It Off","floor":24.0},{"not_picked":["Flame Barrier","Bloodletting"],"picked":"Disarm","floor":25.0},{"not_picked":["Sentinel","Iron Wave+1","Barricade"],"picked":"Singing Bowl","floor":28.0},{"not_picked":["Corruption","Clash+1","Sever Soul+1"],"picked":"Singing Bowl","floor":30.0},{"not_picked":["Corruption","Pommel Strike+1","Shrug It Off"],"picked":"Singing Bowl","floor":31.0}],"player_experience":1331135,"relics_obtained":[{"floor":3.0,"key":"Singing Bowl"},{"floor":6.0,"key":"Orichalcum"},{"floor":8.0,"key":"Sundial"},{"floor":9.0,"key":"Molten Egg 2"},{"floor":26.0,"key":"Toy Ornithopter"},{"floor":28.0,"key":"Smiling Mask"},{"floor":31.0,"key":"Letter Opener"}],"event_choices":[{"damage_healed":0.0,"max_hp_gain":0.0,"max_hp_loss":0.0,"gold_gain":150.0,"event_name":"Liars Game","player_choice":"AGREE","floor":2.0,"gold_loss":0.0,"damage_taken":0.0,"cards_obtained":["Doubt"]},{"damage_healed":19.0,"max_hp_gain":0.0,"max_hp_loss":0.0,"gold_gain":0.0,"event_name":"The Cleric","player_choice":"Healed","floor":12.0,"gold_loss":35.0,"damage_taken":0.0},{"damage_healed":0.0,"max_hp_gain":0.0,"max_hp_loss":0.0,"gold_gain":0.0,"event_name":"Drug Dealer","player_choice":"Obtain J.A.X.","floor":20.0,"gold_loss":0.0,"damage_taken":0.0,"cards_obtained":["J.A.X."]},{"damage_healed":0.0,"max_hp_gain":0.0,"max_hp_loss":0.0,"gold_gain":0.0,"event_name":"Back to Basics","player_choice":"Simplicity","floor":21.0,"gold_loss":0.0,"damage_taken":0.0,"cards_upgraded":["Strike_R","Strike_R","Strike_R","Strike_R","Strike_R","Defend_R","Defend_R","Defend_R","Defend_R"]},{"damage_healed":0.0,"max_hp_gain":0.0,"max_hp_loss":0.0,"gold_gain":0.0,"event_name":"Wheel of Change","player_choice":"Damaged","floor":22.0,"gold_loss":0.0,"damage_taken":11.0}],"is_beta":true,"boss_relics":[{"not_picked":["Coffee Dripper","Runic Pyramid"],"picked":"Black Blood"}],"items_purged_floors":[4],"is_endless":false,"potions_floor_spawned":[5,6,8,11,16,18,30,31],"killed_by":"Champ","ascension_level":20}