{"gold_per_floor":[16,26,26,51,66,66,105,105,129,190,190,190,226,242,242,335,335,348,348,364,383,298,298,326,341,341,372,383,383,383,414,414,492,492,510,53,53,103,116,149,149,162,162,197,197,216,246,23,23,23,23,23,23,56,56],"floor_reached":56,"playtime":7942,"items_purged":["Injury","Decay"],"score":2199,"play_id":"ff032783-fabe-48e5-aba8-32e1c59131ab","local_time":"20190818102739","is_ascension_mode":true,"campfire_choices":[{"data":"Defragment","floor":6.0,"key":"SMITH"},{"data":"Zap","floor":8.0,"key":"SMITH"},{"floor":11.0,"key":"REST"},{"data":"Creative AI","floor":15.0,"key":"SMITH"},{"data":"Defragment","floor":23.0,"key":"SMITH"},{"data":"Turbo","floor":30.0,"key":"SMITH"},{"data":"Capacitor","floor":32.0,"key":"SMITH"},{"data":"Double Energy","floor":41.0,"key":"SMITH"},{"floor":49,"key":"RECALL"},{"data":"Thunder Strike","floor":52,"key":"SMITH"}],"neow_cost":"NO_GOLD","seed_source_timestamp":0,"circlet_count":0,"master_deck":["AscendersBane","Strike_B+1","Strike_B+1","Strike_B+1","Strike_B+1","Defend_B+1","Defend_B+1","Defend_B+1","Defend_B+1","Zap+1","Dualcast+1","Defragment+1","Undo","Creative AI+1","Self Repair","Glacier","Sweeping Beam+1","Reinforced Body","Coolheaded","Core Surge","Glacier+1","Turbo+1","Defragment+1","BootSequence+1","Capacitor+1","Storm","Glacier","Rainbow","Meteor Strike","Hologram+1","Compile Driver","Double Energy+1","Fusion+1","Gash+1","Force Field","Decay","Redo+1","Thunder Strike+1","Skim+1"],"special_seed":0,"relics":["Cracked Core","Bird Faced Urn","Bloody Idol","PreservedInsect","Regal Pillow","Tiny Chest","Oddly Smooth Stone","Black Star","Ornamental Fan","Bag of Preparation","Unceasing Top","Question Card","Ginger","Smiling Mask","Pen Nib","Bag of Marbles","Cursed Key","Sundial","Meat on the Bone","Pear","Cables","Blood Vial","Symbiotic Virus","Centennial Puzzle","Gambling Chip","DataDisk","Blue Candle","War Paint"],"potions_floor_usage":[54,55],"damage_taken":[{"damage":5.0,"enemies":"Small Slimes","floor":1.0,"turns":4.0},{"damage":1.0,"enemies":"2 Louse","floor":2.0,"turns":4.0},{"damage":7.0,"enemies":"Jaw Worm","floor":4.0,"turns":4.0},{"damage":10.0,"enemies":"Looter","floor":5.0,"turns":5.0},{"damage":22.0,"enemies":"3 Sentries","floor":7.0,"turns":9.0},{"damage":22.0,"enemies":"Gremlin Nob","floor":10.0,"turns":4.0},{"damage":4.0,"enemies":"3 Sentries","floor":13.0,"turns":7.0},{"damage":10.0,"enemies":"Large Slime","floor":14.0,"turns":13.0},{"damage":12.0,"enemies":"Slime Boss","floor":16.0,"turns":12.0},{"damage":0.0,"enemies":"Chosen","floor":18.0,"turns":7.0},{"damage":1.0,"enemies":"Spheric Guardian","floor":20.0,"turns":7.0},{"damage":18.0,"enemies":"Shelled Parasite and Fungi","floor":21.0,"turns":10.0},{"damage":28.0,"enemies":"Slavers","floor":24.0,"turns":7.0},{"damage":22.0,"enemies":"Centurion and Healer","floor":25.0,"turns":11.0},{"damage":42.0,"enemies":"Gremlin Leader","floor":27.0,"turns":8.0},{"damage":3.0,"enemies":"Snake Plant","floor":28.0,"turns":5.0},{"damage":23.0,"enemies":"Slavers","floor":31.0,"turns":7.0},{"damage":21.0,"enemies":"Collector","floor":33.0,"turns":14.0},{"damage":0.0,"enemies":"3 Shapes","floor":35.0,"turns":6.0},{"damage":5.0,"enemies":"Orb Walker","floor":39.0,"turns":3.0},{"damage":2.0,"enemies":"Giant Head","floor":40.0,"turns":6.0},{"damage":45.0,"enemies":"Transient","floor":42.0,"turns":6.0},{"damage":0.0,"enemies":"Nemesis","floor":44.0,"turns":9.0},{"damage":6,"enemies":"Writhing Mass","floor":46,"turns":7},{"damage":28,"enemies":"Giant Head","floor":47,"turns":6},{"damage":25,"enemies":"Time Eater","floor":50,"turns":10},{"damage":41,"enemies":"Shield and Spear","floor":54,"turns":6},{"damage":62,"enemies":"The Heart","floor":55,"turns":7}],"seed_played":"6322301593468427229","potions_obtained":[{"floor":1.0,"key":"Block Potion"},{"floor":2.0,"key":"EssenceOfSteel"},{"floor":13.0,"key":"PowerPotion"},{"floor":20.0,"key":"Block Potion"},{"floor":25.0,"key":"FearPotion"},{"floor":27.0,"key":"Dexterity Potion"},{"floor":28.0,"key":"Regen Potion"},{"floor":35.0,"key":"Energy Potion"},{"floor":42.0,"key":"FocusPotion"},{"floor":47,"key":"Regen Potion"}],"is_trial":false,"path_per_floor":["M","M","?","M","M","R","E","R","T","E","R","?","E","M","R","B",null,"M","?","M","M","?","R","E","M","T","E","M","?","R","E","R","B",null,"M","$","?","?","M","E","R","M","T","E","T","M","E","$","R","B",null,"R","$","E","B",null],"character_chosen":"DEFECT","items_purchased":["Sundial","Compile Driver","Fruit Juice","DataDisk"],"campfire_rested":1,"item_purchase_floors":[36,36,36,48],"current_hp_per_floor":[59,60,60,55,47,47,36,36,36,31,67,46,59,71,71,71,71,71,71,71,71,71,71,60,71,71,47,70,70,70,71,71,71,71,71,76,76,69,76,86,86,63,63,85,85,86,76,76,76,76,84,84,84,77,53],"gold":56,"neow_bonus":"ONE_RARE_RELIC","is_prod":false,"is_daily":false,"chose_seed":false,"campfire_upgraded":8,"win_rate":0,"timestamp":1566149259,"path_taken":["M","M","?","M","M","R","E","R","T","E","R","?","E","M","R","BOSS","M","?","M","M","?","R","E","M","T","E","M","?","R","E","R","BOSS","M","$","?","?","M","E","R","?","T","E","?","M","E","?","R","BOSS","R","$","E","BOSS"],"build_version":"2019-07-17","purchased_purges":2,"victory":true,"max_hp_per_floor":[71,71,71,71,71,71,71,71,71,71,71,71,71,71,71,71,71,71,71,71,71,71,71,71,71,71,71,71,71,71,71,71,71,71,71,76,76,76,76,86,86,86,86,86,86,86,86,86,86,86,86,86,86,86,86],"card_choices":[{"not_picked":["Rebound","Barrage"],"picked":"Defragment","floor":1.0},{"not_picked":["Compile Driver","Leap"],"picked":"Undo","floor":2.0},{"not_picked":["Stack","Blizzard"],"picked":"Creative AI","floor":4.0},{"not_picked":["Stack","Chaos"],"picked":"Self Repair","floor":5.0},{"not_picked":["White Noise","Force Field"],"picked":"Glacier","floor":7.0},{"not_picked":["Streamline","Rebound"],"picked":"Sweeping Beam","floor":10.0},{"not_picked":["Compile Driver","Creative AI"],"picked":"Reinforced Body","floor":13.0},{"not_picked":["Go for the Eyes","Hologram"],"picked":"Coolheaded","floor":14.0},{"not_picked":["All For One","Biased Cognition"],"picked":"Core Surge","floor":16.0},{"not_picked":["Go for the Eyes","Rebound"],"picked":"Glacier","floor":18.0},{"not_picked":["Hello World","Barrage"],"picked":"Turbo","floor":20.0},{"not_picked":["Turbo","Streamline"],"picked":"Defragment","floor":21.0},{"not_picked":["Electrodynamics","Reinforced Body"],"picked":"BootSequence","floor":24.0},{"not_picked":["Sweeping Beam","Static Discharge"],"picked":"Capacitor","floor":25.0},{"not_picked":["Genetic Algorithm","Cold Snap","Gash"],"picked":"Storm","floor":27.0},{"not_picked":["Lockon","Streamline","Hyperbeam"],"picked":"Glacier","floor":28.0},{"not_picked":["Rip and Tear","Loop","Hologram"],"picked":"Rainbow","floor":31.0},{"not_picked":["Thunder Strike","Electrodynamics","Reboot"],"picked":"Meteor Strike","floor":33.0},{"not_picked":["Stack","Tempest","Conserve Battery"],"picked":"Hologram+1","floor":35.0},{"not_picked":["Storm+1","Rip and Tear+1","Doom and Gloom"],"picked":"Double Energy","floor":39.0},{"not_picked":["Conserve Battery","Turbo+1","Barrage"],"picked":"Fusion+1","floor":40.0},{"not_picked":["Skim+1","Stack","Coolheaded"],"picked":"Gash+1","floor":42.0},{"not_picked":["Steam Power+1","Storm","Conserve Battery"],"picked":"Force Field","floor":44.0},{"not_picked":["Self Repair","Sweeping Beam","Coolheaded"],"picked":"Redo+1","floor":46},{"not_picked":["Seek","Aggregate+1","Barrage+1"],"picked":"Thunder Strike","floor":47},{"not_picked":["Stack","Reprogram","Undo"],"picked":"Skim+1","floor":54}],"player_experience":674431,"relics_obtained":[{"floor":7.0,"key":"PreservedInsect"},{"floor":9.0,"key":"Regal Pillow"},{"floor":10.0,"key":"Tiny Chest"},{"floor":13.0,"key":"Oddly Smooth Stone"},{"floor":24.0,"key":"Bag of Preparation"},{"floor":24.0,"key":"Unceasing Top"},{"floor":26.0,"key":"Question Card"},{"floor":27.0,"key":"Ginger"},{"floor":27.0,"key":"Smiling Mask"},{"floor":31.0,"key":"Pen Nib"},{"floor":31.0,"key":"Bag of Marbles"},{"floor":40.0,"key":"Meat on the Bone"},{"floor":40.0,"key":"Pear"},{"floor":44.0,"key":"Cables"},{"floor":44.0,"key":"Blood Vial"},{"floor":45.0,"key":"Symbiotic Virus"},{"floor":47,"key":"Centennial Puzzle"},{"floor":47,"key":"Gambling Chip"},{"floor":54,"key":"Blue Candle"},{"floor":54,"key":"War Paint"}],"event_choices":[{"damage_healed":0.0,"max_hp_gain":0.0,"max_hp_loss":0.0,"gold_gain":0.0,"event_name":"Golden Idol","player_choice":"Take Wound","floor":3.0,"gold_loss":0.0,"damage_taken":0.0,"relics_obtained":["Golden Idol"],"cards_obtained":["Injury"]},{"damage_healed":0.0,"max_hp_gain":0.0,"max_hp_loss":0.0,"gold_gain":0.0,"event_name":"Shining Light","player_choice":"Entered Light","floor":12.0,"gold_loss":0.0,"damage_taken":21.0,"cards_upgraded":["Dualcast","Sweeping Beam"]},{"damage_healed":0.0,"max_hp_gain":0.0,"max_hp_loss":0.0,"gold_gain":0.0,"event_name":"Forgotten Altar","player_choice":"Gave Idol","floor":19.0,"relics_lost":["Golden Idol"],"gold_loss":0.0,"damage_taken":0.0,"relics_obtained":["Bloody Idol"]},{"damage_healed":0.0,"max_hp_gain":0.0,"max_hp_loss":0.0,"gold_gain":0.0,"event_name":"Addict","player_choice":"Obtained Relic","floor":22.0,"gold_loss":85.0,"damage_taken":0.0,"relics_obtained":["Ornamental Fan"]},{"damage_healed":0.0,"max_hp_gain":0.0,"max_hp_loss":0.0,"gold_gain":0.0,"event_name":"Back to Basics","player_choice":"Simplicity","floor":29.0,"gold_loss":0.0,"damage_taken":0.0,"cards_upgraded":["Strike_B","Strike_B","Strike_B","Strike_B","Defend_B","Defend_B","Defend_B","Defend_B"]},{"damage_healed":0.0,"max_hp_gain":0.0,"max_hp_loss":0.0,"gold_gain":0.0,"event_name":"Mysterious Sphere","player_choice":"Ignored","floor":37.0,"gold_loss":0.0,"damage_taken":0.0},{"damage_healed":0.0,"max_hp_gain":0.0,"max_hp_loss":0.0,"gold_gain":50.0,"event_name":"FaceTrader","player_choice":"Touch","floor":38.0,"gold_loss":0.0,"damage_taken":7.0}],"is_beta":false,"boss_relics":[{"not_picked":["Coffee Dripper","Tiny House"],"picked":"Black Star"},{"not_picked":["Calling Bell","Inserter"],"picked":"Cursed Key"}],"items_purged_floors":[36,48],"is_endless":false,"potions_floor_spawned":[1,2,13,20,25,27,28,35,42,47],"ascension_level":17}