{"gold_per_floor":[109,109,123,137,137,137,152,164,164,164,183,193,118,73,73,73],"floor_reached":16,"playtime":728,"items_purged":["Strike_R"],"score":94,"play_id":"af8aa9b0-8289-4cc9-9527-abcc44eaa774","local_time":"20190914135438","is_ascension_mode":false,"campfire_choices":[{"data":"Entrench","floor":6,"key":"SMITH"},{"data":"Anger","floor":15,"key":"SMITH"}],"neow_cost":"NONE","seed_source_timestamp":2453701066404400,"circlet_count":0,"master_deck":["Strike_R","Strike_R","Defend_R","Defend_R","Defend_R","Defend_R","Bash","Entrench+1","Ghostly Armor","Ghostly Armor","Anger+1","Ghostly Armor"],"relics":["Burning Blood"],"potions_floor_usage":[11,16],"damage_taken":[{"damage":1,"enemies":"2 Louse","floor":1,"turns":3},{"damage":1,"enemies":"Jaw Worm","floor":3,"turns":5},{"damage":1,"enemies":"Cultist","floor":4,"turns":4},{"damage":10,"enemies":"3 Louse","floor":7,"turns":6},{"damage":1,"enemies":"Exordium Wildlife","floor":8,"turns":5},{"damage":37,"enemies":"Exordium Thugs","floor":11,"turns":8},{"damage":2,"enemies":"Blue Slaver","floor":12,"turns":10},{"damage":0,"enemies":"Looter","floor":14,"turns":5},{"damage":71,"enemies":"Hexaghost","floor":16,"turns":16}],"seed_played":"2646703171660638733","potions_obtained":[{"floor":1,"key":"SpeedPotion"},{"floor":3,"key":"LiquidBronze"},{"floor":11,"key":"Energy Potion"}],"is_trial":false,"path_per_floor":["M","?","M","M","?","R","M","M","T","?","M","M","$","M","R","B"],"character_chosen":"IRONCLAD","items_purchased":[],"campfire_rested":0,"item_purchase_floors":[],"current_hp_per_floor":[88,88,88,88,88,88,84,88,88,88,57,61,61,67,67,0],"gold":73,"neow_bonus":"TEN_PERCENT_HP_BONUS","is_prod":false,"is_daily":false,"chose_seed":false,"campfire_upgraded":2,"win_rate":0,"timestamp":1568483678,"path_taken":["M","?","M","M","?","R","M","?","T","?","M","M","$","M","R","BOSS"],"build_version":"2019-07-17","purchased_purges":1,"victory":false,"max_hp_per_floor":[88,88,88,88,88,88,88,88,88,88,88,88,88,88,88,88],"card_choices":[{"not_picked":["Carnage","Clash","Shrug It Off"],"picked":"SKIP","floor":1},{"not_picked":["Wild Strike","Clash"],"picked":"Entrench","floor":3},{"not_picked":["Juggernaut","Wild Strike","Armaments"],"picked":"SKIP","floor":4},{"not_picked":["Anger","Perfected Strike"],"picked":"Ghostly Armor","floor":7},{"not_picked":["Clash","Heavy Blade"],"picked":"Ghostly Armor","floor":8},{"not_picked":["Cleave","Sword Boomerang","Searing Blow"],"picked":"SKIP","floor":11},{"not_picked":["Clash","Warcry"],"picked":"Anger","floor":12},{"not_picked":["True Grit","Shrug It Off"],"picked":"Ghostly Armor","floor":14}],"player_experience":447723,"relics_obtained":[],"event_choices":[{"damage_healed":0,"gold_gain":0,"player_choice":"Ignored","damage_taken":0,"max_hp_gain":0,"max_hp_loss":0,"event_name":"Shining Light","floor":2,"gold_loss":0},{"cards_removed":["Strike_R"],"damage_healed":0,"gold_gain":0,"player_choice":"Offered Basic","damage_taken":0,"max_hp_gain":0,"max_hp_loss":0,"event_name":"Bonfire Elementals","floor":5,"gold_loss":0},{"cards_removed":["Strike_R"],"damage_healed":0,"gold_gain":0,"player_choice":"Forget","damage_taken":0,"max_hp_gain":0,"max_hp_loss":0,"event_name":"Living Wall","floor":10,"gold_loss":0}],"is_beta":false,"boss_relics":[],"items_purged_floors":[13],"is_endless":false,"potions_floor_spawned":[1,3,11],"killed_by":"Hexaghost","ascension_level":0}