{"gold_per_floor":[112,112,112,37,48,48,60,60,60,37,52,52,52,84,84,179,179,199,219,219,230,0,11,11,11,60,72],"floor_reached":27,"playtime":678,"items_purged":["Defend_R"],"score":211,"play_id":"38176ae4-818d-463a-ba83-44c1d83001db","local_time":"20190912232306","is_ascension_mode":false,"campfire_choices":[{"data":"Flex","floor":6,"key":"SMITH"},{"data":"Bash","floor":8,"key":"SMITH"},{"floor":15,"key":"REST"}],"neow_cost":"NONE","seed_source_timestamp":2315058128508600,"circlet_count":0,"master_deck":["Strike_R","Strike_R","Strike_R","Strike_R","Defend_R","Bash+1","Flex+1","Anger","Offering","Dual Wield+1","Searing Blow","Inflame"],"relics":["Burning Blood","Pear","Blue Candle","Boot","Orichalcum","Mark of Pain","MawBank"],"potions_floor_usage":[14,14,16,18,27],"damage_taken":[{"damage":16,"enemies":"2 Louse","floor":1,"turns":3},{"damage":17,"enemies":"Small Slimes","floor":5,"turns":4},{"damage":11,"enemies":"Jaw Worm","floor":7,"turns":2},{"damage":9,"enemies":"Blue Slaver","floor":11,"turns":3},{"damage":34,"enemies":"3 Sentries","floor":14,"turns":8},{"damage":49,"enemies":"Hexaghost","floor":16,"turns":6},{"damage":26,"enemies":"2 Thieves","floor":18,"turns":3},{"damage":15,"enemies":"3 Byrds","floor":19,"turns":4},{"damage":24,"enemies":"Snecko","floor":21,"turns":4},{"damage":38,"enemies":"Centurion and Healer","floor":23,"turns":4},{"damage":21,"enemies":"Slavers","floor":27,"turns":1}],"seed_played":"-1997678630586546186","potions_obtained":[{"floor":7,"key":"BloodPotion"},{"floor":11,"key":"Regen Potion"},{"floor":14,"key":"Ancient Potion"},{"floor":16,"key":"LiquidBronze"},{"floor":21,"key":"Block Potion"}],"is_trial":false,"path_per_floor":["M","?","?","$","M","R","M","R","T","$","M","T","$","E","R","B",null,"M","M","?","M","?","M","?","?","T","E"],"character_chosen":"IRONCLAD","items_purchased":["Anger"],"campfire_rested":1,"item_purchase_floors":[10],"current_hp_per_floor":[70,70,68,68,57,57,52,52,52,52,49,49,49,58,85,42,90,70,61,61,43,43,11,11,11,11,0],"gold":72,"neow_bonus":"REMOVE_CARD","is_prod":false,"is_daily":false,"chose_seed":false,"campfire_upgraded":2,"win_rate":0,"timestamp":1568344986,"path_taken":["M","?","?","$","M","R","M","R","T","$","M","?","?","E","R","BOSS","M","?","?","M","?","M","?","?","T","E"],"build_version":"2019-07-17","purchased_purges":1,"victory":false,"max_hp_per_floor":[80,80,90,90,90,90,90,90,90,90,90,90,90,90,90,90,90,90,90,90,90,90,90,90,90,90,90],"card_choices":[{"not_picked":["Iron Wave","Hemokinesis","Pommel Strike"],"picked":"SKIP","floor":1},{"not_picked":["Twin Strike","Iron Wave"],"picked":"Flex","floor":5},{"not_picked":["Cleave","Corruption","Pommel Strike"],"picked":"SKIP","floor":7},{"not_picked":["Sword Boomerang","Anger","Entrench"],"picked":"SKIP","floor":11},{"not_picked":["Pommel Strike","Barricade","Evolve"],"picked":"SKIP","floor":14},{"not_picked":["Barricade","Reaper"],"picked":"Offering","floor":16},{"not_picked":["Inflame","Reckless Charge"],"picked":"Dual Wield+1","floor":18},{"not_picked":["Pummel+1","Armaments+1","Ghostly Armor"],"picked":"SKIP","floor":19},{"not_picked":["Ghostly Armor+1","Perfected Strike"],"picked":"Inflame","floor":21},{"not_picked":["Pummel","Thunderclap","Fire Breathing"],"picked":"SKIP","floor":23}],"player_experience":400087,"relics_obtained":[{"floor":9,"key":"Blue Candle"},{"floor":12,"key":"Boot"},{"floor":14,"key":"Orichalcum"},{"floor":26,"key":"MawBank"}],"event_choices":[{"cards_removed":["Strike_R"],"damage_healed":0,"gold_gain":0,"player_choice":"Forget","damage_taken":0,"max_hp_gain":0,"max_hp_loss":0,"event_name":"Living Wall","floor":2,"gold_loss":0},{"damage_healed":0,"gold_gain":0,"player_choice":"Success","damage_taken":12,"relics_obtained":["Pear"],"max_hp_gain":0,"max_hp_loss":0,"event_name":"Scrap Ooze","floor":3,"gold_loss":0},{"damage_healed":0,"gold_gain":0,"player_choice":"Read","damage_taken":0,"max_hp_gain":0,"max_hp_loss":0,"event_name":"The Library","floor":20,"gold_loss":0,"cards_obtained":["Searing Blow"]},{"damage_healed":0,"gold_gain":0,"player_choice":"Paid Fearfully","damage_taken":0,"max_hp_gain":0,"max_hp_loss":0,"event_name":"Masked Bandits","floor":22,"gold_loss":230},{"damage_healed":0,"gold_gain":0,"player_choice":"Ignored","damage_taken":0,"max_hp_gain":0,"max_hp_loss":0,"event_name":"Vampires","floor":24,"gold_loss":0},{"cards_removed":["Defend_R"],"damage_healed":0,"gold_gain":0,"player_choice":"Elegance","damage_taken":0,"max_hp_gain":0,"max_hp_loss":0,"event_name":"Back to Basics","floor":25,"gold_loss":0}],"is_beta":false,"boss_relics":[{"not_picked":["Velvet Choker","Snecko Eye"],"picked":"Mark of Pain"}],"items_purged_floors":[4],"is_endless":false,"potions_floor_spawned":[7,11,14,16,21],"killed_by":"Slavers","ascension_level":0}