{"gold_per_floor":[409,374,10,85,85,85,110,125,125,135,154,154,54,88,88,88],"floor_reached":16,"playtime":504,"items_purged":["Defend_R","Defend_R"],"score":158,"play_id":"4c08d19f-8d26-47fc-9934-213f85872a61","local_time":"20190916223934","is_ascension_mode":false,"campfire_choices":[{"data":"Perfected Strike","floor":6,"key":"SMITH"},{"floor":12,"key":"REST"},{"data":"Bash","floor":15,"key":"SMITH"}],"neow_cost":"TEN_PERCENT_HP_LOSS","seed_source_timestamp":66213207205800,"circlet_count":0,"master_deck":["Strike_R","Strike_R","Strike_R","Strike_R","Strike_R","Defend_R","Defend_R","Bash+1","Perfected Strike+1","Twin Strike","Pommel Strike"],"relics":["Burning Blood","Old Coin","Shuriken","Du-Vu Doll","Bronze Scales","Lantern"],"potions_floor_usage":[14,16],"damage_taken":[{"damage":11,"enemies":"Jaw Worm","floor":1,"turns":4},{"damage":21,"enemies":"3 Sentries","floor":7,"turns":6},{"damage":0,"enemies":"2 Louse","floor":8,"turns":2},{"damage":0,"enemies":"Small Slimes","floor":10,"turns":3},{"damage":9,"enemies":"Blue Slaver","floor":11,"turns":3},{"damage":18,"enemies":"Lagavulin","floor":14,"turns":4}],"seed_played":"4177473620599433448","potions_obtained":[{"floor":7,"key":"SmokeBomb"},{"floor":8,"key":"Fire Potion"},{"floor":11,"key":"PowerPotion"}],"is_trial":false,"path_per_floor":["M","?","$","?","$","R","E","M","T","M","M","R","$","E","R","B"],"character_chosen":"IRONCLAD","items_purchased":["Perfected Strike","Shuriken"],"campfire_rested":1,"item_purchase_floors":[3,3],"current_hp_per_floor":[67,72,72,61,61,61,46,52,52,58,55,72,72,60,60,0],"gold":88,"neow_bonus":"ONE_RARE_RELIC","is_prod":false,"is_daily":false,"chose_seed":false,"campfire_upgraded":2,"win_rate":0,"timestamp":1568687974,"path_taken":["M","?","$","?","?","R","E","M","T","M","M","R","$","E","R","BOSS"],"build_version":"2019-07-17","purchased_purges":2,"victory":false,"max_hp_per_floor":[72,72,72,72,72,72,72,72,72,72,72,72,72,72,72,72],"card_choices":[{"not_picked":["Warcry","Intimidate","Flex"],"picked":"SKIP","floor":1},{"not_picked":["Burning Pact","Reckless Charge","Carnage"],"picked":"SKIP","floor":7},{"not_picked":["Clash","True Grit"],"picked":"Twin Strike","floor":8},{"not_picked":["Spot Weakness","Thunderclap"],"picked":"Pommel Strike","floor":10},{"not_picked":["Burning Pact","Headbutt","Spot Weakness"],"picked":"SKIP","floor":11},{"not_picked":["Blood for Blood","Havoc","Limit Break"],"picked":"SKIP","floor":14}],"player_experience":540859,"relics_obtained":[{"floor":7,"key":"Du-Vu Doll"},{"floor":9,"key":"Bronze Scales"},{"floor":14,"key":"Lantern"}],"event_choices":[{"damage_healed":18,"gold_gain":0,"player_choice":"Healed","damage_taken":0,"max_hp_gain":0,"max_hp_loss":0,"event_name":"The Cleric","floor":2,"gold_loss":35},{"damage_healed":0,"gold_gain":75,"player_choice":"Gather Gold","damage_taken":11,"max_hp_gain":0,"max_hp_loss":0,"event_name":"World of Goop","floor":4,"gold_loss":0}],"is_beta":false,"boss_relics":[],"items_purged_floors":[3,13],"is_endless":false,"potions_floor_spawned":[7,8,11],"killed_by":"The Guardian","ascension_level":0}