{"gold_per_floor":[112,29,44,44,44,76,76,114,141,141,161,161,161,181,181,181],"floor_reached":16,"playtime":319,"items_purged":[],"score":153,"play_id":"36d23e2b-0cac-465a-9e5c-0702f024bba4","local_time":"20180806143451","is_ascension_mode":true,"campfire_choices":[{"floor":10,"key":"REST"},{"data":"Footwork","floor":12,"key":"SMITH"},{"floor":15,"key":"REST"}],"neow_cost":"NONE","seed_source_timestamp":83627695029279,"circlet_count":0,"master_deck":["Defend_G","Defend_G","Defend_G","Defend_G","Defend_G","Strike_G","Strike_G","Strike_G","Strike_G","Strike_G","Survivor","Neutralize+1","Footwork+1","Backstab","Dagger Spray"],"relics":["Ring of the Snake","NeowsBlessing","Lantern","Snake Skull","Golden Idol","Art of War","Centennial Puzzle"],"potions_floor_usage":[],"damage_taken":[{"damage":0,"enemies":"Small Slimes","floor":1,"turns":1},{"damage":0,"enemies":"Cultist","floor":3,"turns":1},{"damage":0,"enemies":"Lagavulin","floor":6,"turns":1},{"damage":53,"enemies":"Gremlin Nob","floor":8,"turns":7},{"damage":2,"enemies":"Jaw Worm","floor":11,"turns":3},{"damage":16,"enemies":"Large Slime","floor":14,"turns":6},{"damage":33,"enemies":"Hexaghost","floor":16,"turns":14}],"seed_played":"269247553770991502","potions_obtained":[{"floor":3,"key":"Energy Potion"},{"floor":8,"key":"SteroidPotion"},{"floor":14,"key":"Block Potion"}],"is_trial":false,"path_per_floor":["M","?","M","$","?","E","?","E","T","R","M","R","?","M","R"],"character_chosen":"THE_SILENT","items_purchased":[],"campfire_rested":2,"item_purchase_floors":[],"current_hp_per_floor":[70,70,70,70,75,75,57,4,4,26,24,24,24,8,30,0],"gold":181,"neow_bonus":"THREE_ENEMY_KILL","is_prod":false,"is_daily":false,"chose_seed":false,"campfire_upgraded":1,"win_rate":0,"timestamp":1533580491,"path_taken":["M","?","M","$","?","E","?","E","T","R","?","R","?","?","R","BOSS"],"build_version":"2018-08-01","purchased_purges":0,"victory":false,"max_hp_per_floor":[70,70,70,70,75,75,75,75,75,75,75,75,75,75,75,75],"card_choices":[{"not_picked":["Backflip","Terror","Caltrops"],"picked":"SKIP","floor":1},{"not_picked":["Heel Hook","Poisoned Stab"],"picked":"Footwork","floor":3},{"not_picked":["Flying Knee","Dagger Spray","PiercingWail"],"picked":"SKIP","floor":6},{"not_picked":["Dagger Throw","Eviscerate"],"picked":"Backstab","floor":8},{"not_picked":["Blur","Acrobatics"],"picked":"Dagger Spray","floor":11},{"not_picked":["Crippling Poison","PiercingWail","Acrobatics"],"picked":"SKIP","floor":14}],"player_experience":855010,"relics_obtained":[{"floor":6,"key":"Snake Skull"},{"floor":8,"key":"Art of War"},{"floor":9,"key":"Centennial Puzzle"}],"event_choices":[{"event_name":"WeMeetAgain","player_choice":"Gold","floor":2,"damage_taken":0},{"event_name":"Big Fish","player_choice":"Donut","floor":5,"damage_taken":0},{"event_name":"Golden Idol","player_choice":"Take Damage","floor":7,"damage_taken":0},{"event_name":"Living Wall","player_choice":"Grow","floor":13,"damage_taken":0}],"is_beta":true,"boss_relics":[],"items_purged_floors":[],"is_endless":false,"potions_floor_spawned":[3,8,14],"killed_by":"Hexaghost","ascension_level":3}