{"gold_per_floor":[114,129,129,129,129,158,171,202,228,241,241,271,287,304,304,304],"floor_reached":16,"playtime":874,"items_purged":[],"score":189,"play_id":"0609b0d4-5ad0-4b53-ae66-416168cd2345","local_time":"20190912001757","is_ascension_mode":true,"campfire_choices":[{"data":"MentalFortress","floor":11,"key":"SMITH"},{"floor":15,"key":"REST"}],"neow_cost":"NONE","seed_source_timestamp":37963498916700,"circlet_count":0,"master_deck":["Strike_P","Strike_P","Strike_P+1","Defend_P","Defend_P","Defend_P","Defend_P","Eruption","Vigilance","Protect","MentalFortress+1","EmptyFist","Crescendo","ClearTheMind"],"relics":["PureWater","PreservedInsect","Boot","Strawberry","MealTicket","Dead Branch"],"potions_floor_usage":[6,6,8,16,16],"damage_taken":[{"damage":12,"enemies":"Small Slimes","floor":1,"turns":6},{"damage":9,"enemies":"Jaw Worm","floor":2,"turns":4},{"damage":0,"enemies":"Gremlin Nob","floor":6,"turns":2},{"damage":0,"enemies":"Cultist","floor":7,"turns":2},{"damage":17,"enemies":"3 Sentries","floor":8,"turns":8},{"damage":10,"enemies":"3 Louse","floor":10,"turns":7},{"damage":0,"enemies":"Gremlin Nob","floor":12,"turns":2},{"damage":8,"enemies":"Blue Slaver","floor":13,"turns":4},{"damage":20,"enemies":"Exordium Wildlife","floor":14,"turns":6},{"damage":31,"enemies":"Hexaghost","floor":16,"turns":14}],"seed_played":"-3264487877508988214","potions_obtained":[{"floor":5,"key":"AttackPotion"},{"floor":5,"key":"AttackPotion"},{"floor":5,"key":"DuplicationPotion"},{"floor":6,"key":"Energy Potion"},{"floor":7,"key":"Weak Potion"},{"floor":10,"key":"Swift Potion"}],"is_trial":false,"path_per_floor":["M","M","?","?","?","E","M","E","T","M","R","E","M","M","R","B"],"character_chosen":"WATCHER","items_purchased":[],"campfire_rested":1,"item_purchase_floors":[],"current_hp_per_floor":[53,44,37,58,58,58,58,48,48,38,38,38,30,10,31,0],"gold":304,"neow_bonus":"RANDOM_COMMON_RELIC","is_prod":false,"is_daily":false,"chose_seed":false,"campfire_upgraded":1,"win_rate":0,"timestamp":1568261877,"path_taken":["M","M","?","?","?","E","M","E","T","?","R","E","M","M","R","BOSS"],"build_version":"2019-09-10","purchased_purges":0,"victory":false,"max_hp_per_floor":[65,65,65,65,65,65,65,72,72,72,72,72,72,72,72,72],"card_choices":[{"not_picked":["FollowUp","CrushJoints"],"picked":"Protect","floor":1},{"not_picked":["EmptyMind","MasterReality"],"picked":"MentalFortress","floor":2},{"not_picked":["BowlingBash","EmptyMind"],"picked":"EmptyFist","floor":6},{"not_picked":["Vengeance","Establishment","Halt"],"picked":"SKIP","floor":7},{"not_picked":["Vengeance","Establishment","Halt"],"picked":"SKIP","floor":7},{"not_picked":["JustLucky","CarveReality","EmptyMind"],"picked":"SKIP","floor":8},{"not_picked":["ThirdEye","FollowUp"],"picked":"Crescendo","floor":10},{"not_picked":["Swivel","FollowUp"],"picked":"ClearTheMind","floor":12},{"not_picked":["JustLucky","EmptyMind","FlyingSleeves"],"picked":"SKIP","floor":13},{"not_picked":["InnerPeace","Adaptation","EmptyBody"],"picked":"SKIP","floor":14}],"player_experience":1005976,"relics_obtained":[{"floor":6,"key":"Boot"},{"floor":8,"key":"Strawberry"},{"floor":9,"key":"MealTicket"},{"floor":12,"key":"Dead Branch"}],"event_choices":[{"cards_removed":["Strike_P"],"damage_healed":0,"gold_gain":0,"player_choice":"Card Removal","damage_taken":7,"max_hp_gain":0,"max_hp_loss":0,"event_name":"Golden Wing","floor":3,"gold_loss":0},{"damage_healed":21,"gold_gain":0,"player_choice":"Banana","damage_taken":0,"max_hp_gain":0,"max_hp_loss":0,"event_name":"Big Fish","floor":4,"gold_loss":0},{"damage_healed":0,"gold_gain":0,"player_choice":"Got Potions","damage_taken":0,"max_hp_gain":0,"max_hp_loss":0,"event_name":"Lab","floor":5,"gold_loss":0}],"is_beta":true,"boss_relics":[],"items_purged_floors":[],"is_endless":false,"potions_floor_spawned":[6,7,10],"killed_by":"Hexaghost","ascension_level":2}