{"gold_per_floor":[116,127,127,139,151,151,151,171,239,164,164,176,176,76,76,76],"floor_reached":16,"playtime":549,"items_purged":["Strike_R","Strike_R"],"score":92,"play_id":"d810ba08-88cc-4b0a-b720-652916337d46","local_time":"20190914205306","is_ascension_mode":false,"campfire_choices":[{"data":"Cleave","floor":6,"key":"SMITH"},{"floor":11,"key":"REST"},{"data":"Infernal Blade","floor":13,"key":"SMITH"},{"data":"Cleave","floor":15,"key":"SMITH"}],"neow_cost":"NONE","seed_source_timestamp":2478989157085700,"circlet_count":0,"master_deck":["Strike_R","Strike_R","Strike_R","Defend_R","Defend_R","Defend_R","Bash","Anger","Cleave+1","Anger","Cleave+1","Infernal Blade+1"],"relics":["Runic Cube"],"potions_floor_usage":[5,12],"damage_taken":[{"damage":18,"enemies":"Jaw Worm","floor":1,"turns":3},{"damage":7,"enemies":"2 Louse","floor":2,"turns":3},{"damage":1,"enemies":"Cultist","floor":4,"turns":3},{"damage":0,"enemies":"Blue Slaver","floor":5,"turns":1},{"damage":16,"enemies":"Large Slime","floor":8,"turns":4},{"damage":8,"enemies":"Gremlin Gang","floor":12,"turns":2},{"damage":75,"enemies":"The Guardian","floor":16,"turns":11}],"seed_played":"1621561455899546919","potions_obtained":[{"floor":4,"key":"Fire Potion"},{"floor":8,"key":"PowerPotion"}],"is_trial":false,"path_per_floor":["M","M","?","M","M","R","?","M","T","$","R","M","R","$","R","B"],"character_chosen":"IRONCLAD","items_purchased":[],"campfire_rested":1,"item_purchase_floors":[],"current_hp_per_floor":[62,55,80,79,79,79,72,56,56,56,80,72,72,72,72,0],"gold":76,"neow_bonus":"BOSS_RELIC","is_prod":false,"is_daily":false,"chose_seed":false,"campfire_upgraded":3,"win_rate":0,"timestamp":1568508786,"path_taken":["M","M","?","M","M","R","?","M","T","$","R","?","R","$","R","BOSS"],"build_version":"2019-07-17","purchased_purges":2,"victory":false,"max_hp_per_floor":[80,80,80,80,80,80,80,80,80,80,80,80,80,80,80,80],"card_choices":[{"not_picked":["Flex","Heavy Blade"],"picked":"Anger","floor":1},{"not_picked":["Carnage","Shrug It Off"],"picked":"Cleave","floor":2},{"not_picked":["Body Slam","Thunderclap"],"picked":"Anger","floor":4},{"not_picked":["Perfected Strike","True Grit","Heavy Blade"],"picked":"SKIP","floor":5},{"not_picked":["Wild Strike","Juggernaut"],"picked":"Cleave","floor":8},{"not_picked":["Shrug It Off","Evolve"],"picked":"Infernal Blade","floor":12}],"player_experience":465969,"relics_obtained":[],"event_choices":[{"damage_healed":26,"gold_gain":0,"player_choice":"Banana","damage_taken":0,"max_hp_gain":0,"max_hp_loss":0,"event_name":"Big Fish","floor":3,"gold_loss":0},{"cards_removed":["Defend_R"],"damage_healed":0,"gold_gain":0,"player_choice":"Card Removal","damage_taken":7,"max_hp_gain":0,"max_hp_loss":0,"event_name":"Golden Wing","floor":7,"gold_loss":0}],"is_beta":false,"boss_relics":[],"items_purged_floors":[10,14],"is_endless":false,"potions_floor_spawned":[4,8],"killed_by":"The Guardian","ascension_level":0}