{"gold_per_floor":[111,111,186,205,205,205,228,228,228,228,247,10,24,39,39,160,160,183,201,51,65,65,65,109,109,109,109,122,140,140,165,165,165],"floor_reached":33,"playtime":931,"items_purged":[],"score":259,"play_id":"37cc93a0-8f98-4742-9c7e-1d40d9cf23bc","local_time":"20190916013243","is_ascension_mode":false,"campfire_choices":[{"data":"Sucker Punch","floor":6,"key":"SMITH"},{"data":"Neutralize","floor":8,"key":"SMITH"},{"data":"Blade Dance","floor":15,"key":"SMITH"},{"data":"After Image","floor":23,"key":"SMITH"},{"data":"Dagger Spray","floor":27,"key":"SMITH"},{"data":"Noxious Fumes","floor":30,"key":"SMITH"},{"data":"Deadly Poison","floor":32,"key":"SMITH"}],"neow_cost":"NONE","seed_source_timestamp":387992498932700,"circlet_count":0,"master_deck":["Strike_G","Strike_G","Strike_G","Strike_G","Strike_G","Defend_G","Defend_G","Defend_G","Defend_G","Defend_G","Survivor","Neutralize+1","Dagger Spray+1","Sucker Punch+1","Bouncing Flask+1","Blade Dance+1","Bandage Up","Blade Dance","After Image+1","Deflect","Cloak And Dagger","Deadly Poison+1","Noxious Fumes+1","Bouncing Flask+1"],"relics":["Ring of the Snake","Golden Idol","Bag of Marbles","Vajra","Busted Crown","Boot","Bottled Flame"],"potions_floor_usage":[11,16,16,20,24,33],"damage_taken":[{"damage":6,"enemies":"Jaw Worm","floor":1,"turns":5},{"damage":0,"enemies":"Small Slimes","floor":4,"turns":2},{"damage":0,"enemies":"2 Louse","floor":7,"turns":2},{"damage":0,"enemies":"Exordium Wildlife","floor":11,"turns":3},{"damage":0,"enemies":"Looter","floor":13,"turns":3},{"damage":0,"enemies":"3 Louse","floor":14,"turns":1},{"damage":39,"enemies":"The Guardian","floor":16,"turns":9},{"damage":1,"enemies":"Chosen","floor":18,"turns":3},{"damage":16,"enemies":"2 Thieves","floor":19,"turns":3},{"damage":9,"enemies":"Snecko","floor":21,"turns":5},{"damage":5,"enemies":"Slavers","floor":24,"turns":5},{"damage":0,"enemies":"3 Cultists","floor":28,"turns":4},{"damage":8,"enemies":"Shelled Parasite and Fungi","floor":29,"turns":4},{"damage":0,"enemies":"Chosen and Byrds","floor":31,"turns":4},{"damage":76,"enemies":"Collector","floor":33,"turns":7}],"seed_played":"3507678345175268233","potions_obtained":[{"floor":7,"key":"Energy Potion"},{"floor":11,"key":"Strength Potion"},{"floor":13,"key":"EntropicBrew"},{"floor":16,"key":"Strength Potion"}],"is_trial":false,"path_per_floor":["M","?","?","M","?","R","M","R","T","?","M","$","M","M","R","B",null,"M","M","$","M","?","R","E","?","T","R","M","M","R","M","R","B"],"character_chosen":"THE_SILENT","items_purchased":["Vajra","Bandage Up","Fruit Juice","Cloak And Dagger"],"campfire_rested":0,"item_purchase_floors":[12,12,20,20],"current_hp_per_floor":[71,52,41,41,41,41,41,41,41,41,41,41,45,45,45,10,77,77,61,66,61,61,61,60,60,60,60,64,60,60,64,64,0],"gold":165,"neow_bonus":"TEN_PERCENT_HP_BONUS","is_prod":false,"is_daily":false,"chose_seed":false,"campfire_upgraded":7,"win_rate":0,"timestamp":1568611963,"path_taken":["M","?","?","M","?","R","M","R","T","?","?","$","M","M","R","BOSS","M","M","$","M","?","R","E","?","T","R","M","M","R","M","R","BOSS"],"build_version":"2019-09-12","purchased_purges":0,"victory":false,"max_hp_per_floor":[77,77,77,77,77,77,77,77,77,77,77,77,77,77,77,77,77,77,77,82,82,82,82,82,82,82,82,82,82,82,82,82,82],"card_choices":[{"not_picked":["Prepared","Setup"],"picked":"Dagger Spray","floor":1},{"not_picked":["Flying Knee","Dodge and Roll"],"picked":"Sucker Punch","floor":4},{"not_picked":["Underhanded Strike","Outmaneuver"],"picked":"Bouncing Flask","floor":7},{"not_picked":["Reflex","Masterful Stab"],"picked":"Blade Dance","floor":11},{"not_picked":["Tools of the Trade","Expertise"],"picked":"Blade Dance","floor":13},{"not_picked":["Dodge and Roll","Bane","Deflect"],"picked":"SKIP","floor":14},{"not_picked":["Envenom","Venomology"],"picked":"After Image","floor":16},{"not_picked":["Reflex"],"picked":"SKIP","floor":18},{"not_picked":[],"picked":"Deflect","floor":19},{"not_picked":["Predator"],"picked":"SKIP","floor":21},{"not_picked":[],"picked":"Deadly Poison","floor":24},{"not_picked":[],"picked":"Bouncing Flask+1","floor":28},{"not_picked":["PiercingWail"],"picked":"SKIP","floor":29},{"not_picked":["Cloak And Dagger"],"picked":"SKIP","floor":31}],"player_experience":1019405,"relics_obtained":[{"floor":9,"key":"Bag of Marbles"},{"floor":24,"key":"Boot"},{"floor":26,"key":"Bottled Flame"}],"event_choices":[{"damage_healed":0,"gold_gain":0,"player_choice":"Take Damage","damage_taken":19,"relics_obtained":["Golden Idol"],"max_hp_gain":0,"max_hp_loss":0,"event_name":"Golden Idol","floor":2,"gold_loss":0},{"damage_healed":0,"gold_gain":75,"player_choice":"Gather Gold","damage_taken":11,"max_hp_gain":0,"max_hp_loss":0,"event_name":"World of Goop","floor":3,"gold_loss":0},{"damage_healed":0,"gold_gain":0,"player_choice":"Ignored","damage_taken":0,"max_hp_gain":0,"max_hp_loss":0,"event_name":"Liars Game","floor":5,"gold_loss":0},{"damage_healed":0,"gold_gain":0,"player_choice":"Grow","damage_taken":0,"max_hp_gain":0,"max_hp_loss":0,"event_name":"Living Wall","floor":10,"gold_loss":0,"cards_upgraded":["Bouncing Flask"]},{"damage_healed":0,"gold_gain":0,"player_choice":"Ignored","damage_taken":0,"max_hp_gain":0,"max_hp_loss":0,"event_name":"Cursed Tome","floor":22,"gold_loss":0},{"damage_healed":0,"gold_gain":0,"player_choice":"Read","damage_taken":0,"max_hp_gain":0,"max_hp_loss":0,"event_name":"The Library","floor":25,"gold_loss":0,"cards_obtained":["Noxious Fumes"]}],"is_beta":true,"boss_relics":[{"not_picked":["Runic Dome","Snecko Eye"],"picked":"Busted Crown"}],"items_purged_floors":[],"is_endless":false,"potions_floor_spawned":[7,11,13,16,19],"killed_by":"Collector","ascension_level":0}