{"gold_per_floor":[115,115,1,1,51,81,38,68,92,106,106,137,137,149,149,227,227,243,259,22,22,40,40],"floor_reached":23,"playtime":2367,"items_purged":["Strike_B"],"score":373,"play_id":"a8fd5549-bdf4-4ec3-a407-64018f905afb","local_time":"20190813112059","is_ascension_mode":true,"campfire_choices":[{"floor":13,"key":"REST"},{"data":"Loop","floor":15,"key":"SMITH"}],"neow_cost":"NONE","seed_source_timestamp":520800175388092,"circlet_count":0,"master_deck":["AscendersBane","Strike_B+1","Strike_B","Defend_B","Defend_B+1","Zap+1","Dualcast","Loop+1","Lockon","Undo","Sunder","Sweeping Beam","Ball Lightning","Glacier","Go for the Eyes","Creative AI","Chaos","Reinforced Body","Conserve Battery","Gash"],"relics":["Empty Cage","Cables","Art of War","Ancient Tea Set","Oddly Smooth Stone","Anchor","Du-Vu Doll","Philosopher\u0027s Stone","TheAbacus"],"potions_floor_usage":[6,19,22],"damage_taken":[{"damage":0,"enemies":"2 Louse","floor":1,"turns":2},{"damage":20,"enemies":"Lagavulin","floor":6,"turns":6},{"damage":31,"enemies":"Gremlin Nob","floor":8,"turns":4},{"damage":0,"enemies":"Cultist","floor":10,"turns":4},{"damage":5,"enemies":"Lagavulin","floor":12,"turns":5},{"damage":2,"enemies":"Jaw Worm","floor":14,"turns":2},{"damage":3,"enemies":"The Guardian","floor":16,"turns":11},{"damage":6,"enemies":"2 Thieves","floor":18,"turns":3},{"damage":10,"enemies":"Shell Parasite","floor":19,"turns":6},{"damage":28,"enemies":"Centurion and Healer","floor":22,"turns":6},{"damage":31,"enemies":"Book of Stabbing","floor":23,"turns":5}],"seed_played":"1326508675255881045","potions_obtained":[{"floor":1,"key":"Poison Potion"},{"floor":6,"key":"FairyPotion"},{"floor":14,"key":"SpeedPotion"},{"floor":16,"key":"Regen Potion"},{"floor":18,"key":"AttackPotion"}],"is_trial":false,"path_per_floor":["M","?","$","?","T","E","$","E","T","M","?","E","R","M","R","B",null,"M","M","$","?","M","E"],"character_chosen":"DEFECT","items_purchased":["Lockon","Sunder","TheAbacus","Conserve Battery"],"campfire_rested":1,"item_purchase_floors":[3,7,20,20],"current_hp_per_floor":[64,64,64,59,59,39,39,8,8,8,7,2,23,21,21,18,58,52,57,57,57,29,0],"gold":40,"neow_bonus":"BOSS_RELIC","is_prod":false,"is_daily":false,"chose_seed":false,"campfire_upgraded":1,"win_rate":0,"timestamp":1565720459,"path_taken":["M","?","?","?","?","E","$","E","T","M","?","E","R","M","R","BOSS","M","M","$","?","M","E"],"build_version":"2019-07-17","purchased_purges":1,"victory":false,"max_hp_per_floor":[71,71,71,71,71,71,71,71,71,71,71,71,71,71,71,71,71,71,71,71,71,71,71],"card_choices":[{"not_picked":["Chaos","Turbo"],"picked":"Loop","floor":1},{"not_picked":["Skim","Steam"],"picked":"Undo","floor":6},{"not_picked":["Beam Cell","Lockon"],"picked":"Sweeping Beam","floor":8},{"not_picked":["Barrage","Gash"],"picked":"Ball Lightning","floor":10},{"not_picked":["Hello World","Loop"],"picked":"Glacier","floor":12},{"not_picked":["Turbo","Redo"],"picked":"Go for the Eyes","floor":14},{"not_picked":["Amplify","Reboot"],"picked":"Creative AI","floor":16},{"not_picked":["Gash","Leap"],"picked":"Chaos","floor":18},{"not_picked":["Skim","Sweeping Beam"],"picked":"Reinforced Body","floor":19},{"not_picked":["Streamline","Rebound"],"picked":"Gash","floor":22}],"player_experience":650101,"relics_obtained":[{"floor":5,"key":"Art of War"},{"floor":6,"key":"Ancient Tea Set"},{"floor":8,"key":"Oddly Smooth Stone"},{"floor":9,"key":"Anchor"},{"floor":12,"key":"Du-Vu Doll"}],"event_choices":[{"damage_healed":0,"gold_gain":0,"player_choice":"Upgraded","damage_taken":0,"max_hp_gain":0,"max_hp_loss":0,"event_name":"Upgrade Shrine","floor":2,"gold_loss":0,"cards_upgraded":["Zap"]},{"damage_healed":0,"gold_gain":0,"player_choice":"Success","damage_taken":5,"relics_obtained":["Cables"],"max_hp_gain":0,"max_hp_loss":0,"event_name":"Scrap Ooze","floor":4,"gold_loss":0},{"damage_healed":0,"gold_gain":0,"player_choice":"Entered Light","damage_taken":21,"max_hp_gain":0,"max_hp_loss":0,"event_name":"Shining Light","floor":11,"gold_loss":0,"cards_upgraded":["Strike_B","Defend_B"]},{"cards_removed":["Defend_B"],"damage_healed":0,"gold_gain":0,"player_choice":"Offered Basic","damage_taken":0,"max_hp_gain":0,"max_hp_loss":0,"event_name":"Bonfire Elementals","floor":21,"gold_loss":0}],"is_beta":false,"boss_relics":[{"not_picked":["Fusion Hammer","Tiny House"],"picked":"Philosopher\u0027s Stone"}],"items_purged_floors":[3],"is_endless":false,"potions_floor_spawned":[1,6,14,16,18],"killed_by":"Book of Stabbing","ascension_level":16}