{"gold_per_floor":[112,127,145,165,12,12,47,47,47,47,47,47,47],"floor_reached":13,"playtime":770,"items_purged":["Strike_B"],"score":166,"play_id":"e6c23973-c2c9-437b-8c44-8c8dd8b70d61","local_time":"20190903184006","is_ascension_mode":true,"campfire_choices":[{"data":"Zap","floor":6.0,"key":"SMITH"},{"data":"Dualcast","floor":8,"key":"SMITH"},{"floor":10,"key":"REST"}],"neow_cost":"NONE","seed_source_timestamp":967634015446626,"circlet_count":0,"master_deck":["AscendersBane","Strike_B","Defend_B","Defend_B","Defend_B","Defend_B+1","Zap+1","Dualcast+1","Coolheaded","Cold Snap+1","Hologram","Cold Snap","Ball Lightning","Conserve Battery","Genetic Algorithm"],"special_seed":0,"relics":["Cracked Core","Ice Cream"],"potions_floor_usage":[13],"damage_taken":[{"damage":0.0,"enemies":"Cultist","floor":1.0,"turns":3.0},{"damage":13.0,"enemies":"Small Slimes","floor":2.0,"turns":5.0},{"damage":5.0,"enemies":"Jaw Worm","floor":3.0,"turns":4.0},{"damage":5.0,"enemies":"Looter","floor":4.0,"turns":4.0},{"damage":8,"enemies":"Lagavulin","floor":7,"turns":10},{"damage":35,"enemies":"Gremlin Nob","floor":13,"turns":4}],"seed_played":"7347419782482473680","potions_obtained":[{"floor":2.0,"key":"Block Potion"},{"floor":7,"key":"LiquidBronze"}],"is_trial":false,"path_per_floor":["M","M","M","M","$","R","E","R","T","R","?","?","E"],"character_chosen":"DEFECT","items_purchased":["Ball Lightning","Conserve Battery"],"campfire_rested":1,"item_purchase_floors":[5,5],"current_hp_per_floor":[64,51,46,41,41,41,33,33,33,54,33,26,0],"gold":47,"neow_bonus":"REMOVE_CARD","is_prod":false,"is_daily":false,"chose_seed":false,"campfire_upgraded":2,"win_rate":0,"timestamp":1567561206,"path_taken":["M","?","M","?","$","R","E","R","T","R","?","?","E"],"build_version":"2019-07-17","purchased_purges":1,"victory":false,"max_hp_per_floor":[71,71,71,71,71,71,71,71,71,71,71,71,71],"card_choices":[{"not_picked":["Go for the Eyes","Rebound"],"picked":"Coolheaded","floor":1.0},{"not_picked":["Barrage","Redo"],"picked":"Cold Snap","floor":2.0},{"not_picked":["Rebound","Chaos"],"picked":"Hologram","floor":3.0},{"not_picked":["Skim","Rip and Tear"],"picked":"Cold Snap","floor":4.0},{"not_picked":["FTL","Melter"],"picked":"Genetic Algorithm","floor":7}],"player_experience":873761,"relics_obtained":[{"floor":7,"key":"Ice Cream"}],"event_choices":[{"damage_healed":0,"gold_gain":0,"player_choice":"Entered Light","damage_taken":21,"max_hp_gain":0,"max_hp_loss":0,"event_name":"Shining Light","floor":11,"gold_loss":0,"cards_upgraded":["Cold Snap","Defend_B"]},{"cards_removed":["Strike_B"],"damage_healed":0,"gold_gain":0,"player_choice":"Card Removal","damage_taken":7,"max_hp_gain":0,"max_hp_loss":0,"event_name":"Golden Wing","floor":12,"gold_loss":0}],"is_beta":false,"boss_relics":[],"items_purged_floors":[5],"is_endless":false,"potions_floor_spawned":[2,7],"killed_by":"Gremlin Nob","ascension_level":20}