{"gold_per_floor":[119,22,122,140,150,185,205,205,205,222,235,250,261,261,261,261],"floor_reached":16,"playtime":1164,"items_purged":[],"score":106,"play_id":"b04e5a74-cce0-4f59-8bfb-9c81f5edd412","local_time":"20190630132508","is_ascension_mode":false,"campfire_choices":[{"floor":8,"key":"REST"},{"floor":15,"key":"REST"}],"neow_cost":"NONE","seed_source_timestamp":1528446455204220,"circlet_count":0,"master_deck":["Defend_G","Defend_G","Defend_G","Defend_G","Defend_G","Strike_G","Strike_G","Strike_G","Strike_G","Strike_G","Survivor","Neutralize","Outmaneuver","Deadly Poison","Caltrops","Slice","Underhanded Strike","Dodge and Roll","Dagger Spray+1","Backflip","Phantasmal Killer","Quick Slash+1","Predator+1"],"relics":["Ring of the Snake","NeowsBlessing","Molten Egg 2","Mercury Hourglass"],"potions_floor_usage":[16,16],"damage_taken":[{"damage":0,"enemies":"Small Slimes","floor":1,"turns":1},{"damage":0,"enemies":"Cultist","floor":4,"turns":1},{"damage":0,"enemies":"Jaw Worm","floor":5,"turns":1},{"damage":37,"enemies":"Gremlin Nob","floor":6,"turns":5},{"damage":12,"enemies":"Blue Slaver","floor":7,"turns":4},{"damage":24,"enemies":"Gremlin Gang","floor":10,"turns":3},{"damage":10,"enemies":"Large Slime","floor":11,"turns":6},{"damage":5,"enemies":"Blue Slaver","floor":12,"turns":4},{"damage":0,"enemies":"2 Fungi Beasts","floor":13,"turns":2},{"damage":25,"enemies":"Hexaghost","floor":16,"turns":9}],"seed_played":"-739917626997152592","potions_obtained":[{"floor":7,"key":"Energy Potion"},{"floor":11,"key":"Poison Potion"},{"floor":12,"key":"SmokeBomb"}],"is_trial":false,"path_per_floor":["M","$","?","M","M","E","M","R","T","M","M","M","M","?","R","B"],"character_chosen":"THE_SILENT","items_purchased":["Deadly Poison","Caltrops"],"campfire_rested":2,"item_purchase_floors":[2,2],"current_hp_per_floor":[70,70,70,70,70,33,21,42,42,18,8,3,3,3,24,0],"gold":261,"neow_bonus":"THREE_ENEMY_KILL","is_prod":false,"is_daily":false,"chose_seed":false,"campfire_upgraded":0,"win_rate":0.0,"timestamp":1561915508,"path_taken":["M","$","?","M","?","E","M","R","T","M","M","M","M","?","R","BOSS"],"build_version":"2019-01-23","purchased_purges":0,"victory":false,"max_hp_per_floor":[70,70,70,70,70,70,70,70,70,70,70,70,70,70,70,70],"card_choices":[{"not_picked":["Prepared","Heel Hook"],"picked":"Outmaneuver","floor":1},{"not_picked":["Reflex","PiercingWail"],"picked":"Slice","floor":4},{"not_picked":["Flechettes","Flying Knee"],"picked":"Underhanded Strike","floor":5},{"not_picked":["A Thousand Cuts","Quick Slash"],"picked":"Dodge and Roll","floor":6},{"not_picked":["Dagger Throw+1","Deadly Poison"],"picked":"Dagger Spray+1","floor":7},{"not_picked":["Quick Slash+1","Dodge and Roll"],"picked":"Backflip","floor":10},{"not_picked":["Acrobatics","Dagger Spray+1"],"picked":"Phantasmal Killer","floor":11},{"not_picked":["Dodge and Roll","Poisoned Stab+1"],"picked":"Quick Slash+1","floor":12},{"not_picked":["Sucker Punch+1","Dagger Spray+1"],"picked":"Predator+1","floor":13}],"player_experience":49052,"relics_obtained":[{"floor":6,"key":"Molten Egg 2"},{"floor":9,"key":"Mercury Hourglass"}],"event_choices":[{"damage_healed":0,"gold_gain":100,"player_choice":"Gold","damage_taken":0,"max_hp_gain":0,"max_hp_loss":0,"event_name":"Wheel of Change","floor":3,"gold_loss":0},{"damage_healed":0,"gold_gain":0,"player_choice":"Ignored","damage_taken":0,"max_hp_gain":0,"max_hp_loss":0,"event_name":"Shining Light","floor":14,"gold_loss":0}],"is_beta":false,"boss_relics":[],"items_purged_floors":[],"is_endless":false,"potions_floor_spawned":[7,11,12],"killed_by":"Hexaghost","ascension_level":0}