{"path_per_floor":["M","?","?","?","$","R","M","E","T","M","R","M","?","M","R","B",null,"M","?","?","?","M","E","$","R","T","?","M","?"],"character_chosen":"IRONCLAD","items_purchased":["Metallicize","Corruption","Feel No Pain","Shrug It Off","True Grit","Seeing Red"],"gold_per_floor":[115,115,290,290,140,140,155,186,209,228,228,248,248,266,266,367,367,385,385,385,385,405,436,105,105,105,105,119,119,119],"floor_reached":30,"campfire_rested":0,"playtime":829,"current_hp_per_floor":[80,80,80,80,80,80,80,80,80,80,80,70,54,56,56,11,80,73,73,73,80,80,53,53,53,53,37,22,22,0],"items_purged":["Doubt","Doubt"],"gold":119,"score":270,"play_id":"ec3368c3-a275-4545-8242-4cf4e0b9a8f1","local_time":"20180418142808","is_prod":false,"is_daily":false,"chose_seed":false,"is_ascension_mode":false,"campfire_upgraded":4,"timestamp":1524076088,"path_taken":["M","?","?","?","$","R","M","E","T","M","R","M","?","M","R","BOSS","M","?","?","?","M","E","$","R","T","?","M","?","M"],"build_version":"2018-04-12","seed_source_timestamp":1521428212948923,"purchased_purges":2,"victory":false,"master_deck":["Strike_R","Strike_R","Strike_R+1","Strike_R","Strike_R","Defend_R","Defend_R","Defend_R+1","Defend_R","Bash+1","Battle Trance","Regret","Metallicize+1","Ghostly Armor","Reckless Charge","Infernal Blade","True Grit+1","Headbutt","Offering","Writhe","Clash+1","Uppercut","Reckless Charge+1","Demon Form+1","Corruption+1","Feel No Pain+1","Shrug It Off","True Grit+1","Seeing Red","Reckless Charge","Offering+1"],"max_hp_per_floor":[80,80,80,80,80,80,80,80,80,80,80,80,80,80,80,80,80,80,80,80,80,80,80,80,80,80,80,80,80,80],"relics":["Burning Blood","NeowsBlessing","Dodecahedron","Mercury Hourglass","Regal Pillow","Calling Bell","Frozen Egg 2","Juzu Bracelet","Meat on the Bone","Spirit Poop","The Courier","Toxic Egg 2","Enchiridion"],"card_choices":[{"not_picked":["Second Wind","Pommel Strike"],"picked":"Battle Trance","floor":1},{"not_picked":["Anger","Seeing Red"],"picked":"Ghostly Armor","floor":7},{"not_picked":["Sword Boomerang","Pommel Strike"],"picked":"Reckless Charge","floor":8},{"not_picked":["Havoc","Heavy Blade"],"picked":"Infernal Blade","floor":10},{"not_picked":["Clothesline","Ghostly Armor"],"picked":"True Grit","floor":12},{"not_picked":["True Grit","Pommel Strike"],"picked":"Headbutt","floor":14},{"not_picked":["Dark Embrace","Juggernaut"],"picked":"Offering","floor":16},{"not_picked":["Cleave","Wild Strike"],"picked":"Clash","floor":18},{"not_picked":["Body Slam","Havoc"],"picked":"Reckless Charge","floor":22},{"not_picked":["Hemokinesis","Headbutt"],"picked":"Demon Form","floor":23},{"not_picked":["Havoc","Perfected Strike"],"picked":"Reckless Charge","floor":28}],"player_experience":370693,"potions_floor_usage":[22,28,30],"damage_taken":[{"damage":0,"enemies":"Cultist","floor":1,"turns":1},{"damage":0,"enemies":"Jaw Worm","floor":7,"turns":1},{"damage":0,"enemies":"Gremlin Nob","floor":8,"turns":1},{"damage":1,"enemies":"2 Louse","floor":10,"turns":2},{"damage":16,"enemies":"Looter","floor":12,"turns":3},{"damage":4,"enemies":"3 Louse","floor":14,"turns":3},{"damage":51,"enemies":"The Guardian","floor":16,"turns":16},{"damage":13,"enemies":"Shell Parasite","floor":18,"turns":6},{"damage":4,"enemies":"Spheric Guardian","floor":22,"turns":3},{"damage":33,"enemies":"Slavers","floor":23,"turns":7},{"damage":33,"enemies":"Slaver and Parasite","floor":28,"turns":7},{"damage":23,"enemies":"3 Cultists","floor":30,"turns":3}],"event_choices":[{"event_name":"Big Fish","player_choice":"Box","floor":2,"damage_taken":0},{"event_name":"Liars Game","player_choice":"agreed","floor":3,"damage_taken":0},{"event_name":"Wheel of Change","player_choice":"Full Heal","floor":4,"damage_taken":0},{"event_name":"Shining Light","player_choice":"Entered Light","floor":13,"damage_taken":0},{"event_name":"The Library","player_choice":"Read","floor":19,"damage_taken":0},{"event_name":"Bonfire Elementals","player_choice":"CURSE","floor":20,"damage_taken":0},{"event_name":"Wheel of Change","player_choice":"Full Heal","floor":21,"damage_taken":0},{"event_name":"Cursed Tome","player_choice":"Obtained Book","floor":27,"damage_taken":0},{"event_name":"Duplicator","player_choice":"One dupe","floor":29,"damage_taken":0}],"boss_relics":[{"not_picked":["Sozu","Ectoplasm"],"picked":"Calling Bell"}],"potions_floor_spawned":[1,12,16,18],"seed_played":"-1174061611149539695","killed_by":"3 Cultists","ascension_level":0,"is_trial":false}