{"path_per_floor":["M","?","$","M","M","E","R","E","T","M","M","$","?","M","R","B",null,"M","M","$","M","M","R","?","M","T","E","$","?","R","?","R"],"character_chosen":"IRONCLAD","items_purchased":["Blood Vial","Perfected Strike","Flex","Flame Barrier"],"gold_per_floor":[109,284,20,32,43,69,69,98,98,118,128,28,28,44,44,144,144,162,173,68,81,101,101,101,113,192,220,95,195,195,195,195,195],"floor_reached":33,"campfire_rested":1,"playtime":1345,"current_hp_per_floor":[45,45,45,51,49,18,42,28,28,36,41,41,61,56,56,9,80,76,80,80,67,73,73,73,71,71,35,35,35,35,35,35,0],"items_purged":["Doubt","Defend_R","Parasite"],"gold":195,"score":277,"play_id":"e8546f13-7a43-41ab-8aa9-8e5b4d36ed60","local_time":"20180330160259","is_prod":false,"is_daily":false,"is_ascension_mode":false,"campfire_upgraded":1,"timestamp":1522440179,"path_taken":["M","?","$","M","M","E","R","E","T","M","M","$","?","M","R","BOSS","M","?","$","M","M","R","?","M","T","E","$","?","R","?","R","BOSS"],"build_version":"2018-03-29v2","purchased_purges":3,"victory":false,"master_deck":["Strike_R+1","Strike_R+1","Strike_R+1","Strike_R+1","Strike_R+1","Defend_R+1","Defend_R+1","Defend_R+1","Bash","Perfected Strike+1","Shrug It Off+1","Shrug It Off","Thunderclap","Parasite","Carnage","Bludgeon","Seeing Red","Shrug It Off+1","Flex","Flame Barrier","Twin Strike+1"],"max_hp_per_floor":[80,80,80,80,80,80,80,80,80,80,80,80,80,80,80,80,80,80,80,80,80,80,80,80,80,80,80,77,77,77,77,77,77],"relics":["Burning Blood","Shovel","Blood Vial","Centennial Puzzle","Mercury Hourglass","Art of War","Matryoshka","Cursed Key","Dream Catcher","War Paint","Frozen Egg 2","Paper Frog","Smiling Mask"],"card_choices":[{"not_picked":["Pummel","Carnage"],"picked":"Shrug It Off","floor":4},{"not_picked":["Inflame","Anger"],"picked":"Shrug It Off","floor":8},{"not_picked":["Headbutt","Clash"],"picked":"Thunderclap","floor":11},{"not_picked":["Sword Boomerang","Thunderclap"],"picked":"Carnage","floor":14},{"not_picked":["Brutality","Fiend Fire"],"picked":"Bludgeon","floor":16},{"not_picked":["Second Wind","Hemokinesis"],"picked":"Seeing Red","floor":18},{"not_picked":["Entrench","Whirlwind"],"picked":"Shrug It Off","floor":19},{"not_picked":["Clash","Body Slam"],"picked":"Twin Strike","floor":21}],"player_experience":283772,"potions_floor_usage":[4,33],"damage_taken":[{"damage":1,"enemies":"Cultist","floor":1,"turns":3},{"damage":5,"enemies":"2 Louse","floor":4,"turns":2},{"damage":10,"enemies":"Jaw Worm","floor":5,"turns":3},{"damage":39,"enemies":"Lagavulin","floor":6,"turns":6},{"damage":22,"enemies":"3 Sentries","floor":8,"turns":8},{"damage":0,"enemies":"3 Louse","floor":10,"turns":3},{"damage":3,"enemies":"Exordium Wildlife","floor":11,"turns":4},{"damage":13,"enemies":"Red Slaver","floor":14,"turns":2},{"damage":55,"enemies":"The Guardian","floor":16,"turns":11},{"damage":10,"enemies":"3 Byrds","floor":18,"turns":4},{"damage":0,"enemies":"Chosen","floor":19,"turns":2},{"damage":19,"enemies":"3 Cultists","floor":21,"turns":5},{"damage":2,"enemies":"Snecko","floor":22,"turns":3},{"damage":10,"enemies":"Slaver and Parasite","floor":25,"turns":4},{"damage":44,"enemies":"Gremlin Leader","floor":27,"turns":7},{"damage":47,"enemies":"Champ","floor":33,"turns":9}],"event_choices":[{"event_name":"Liars Game","player_choice":"agreed","floor":2,"damage_taken":0},{"event_name":"Mushrooms","player_choice":"Healed and dodged fight","floor":13,"damage_taken":0},{"event_name":"The Lab","player_choice":"Got Potions","floor":24,"damage_taken":0},{"event_name":"Golden Shrine","player_choice":"Pray","floor":29,"damage_taken":0},{"event_name":"Back to Basics","player_choice":"Simplicity","floor":31,"damage_taken":0}],"boss_relics":[{"not_picked":["Snecko Eye","Runic Pyramid"],"picked":"Cursed Key"}],"potions_floor_spawned":[1,8,11,14,19,25,27],"seed_played":"-6883450735666005295","killed_by":"Champ","ascension_level":0,"is_trial":false}