{"gold_per_floor":[16,34,51,69,69,69,98,98,150,10,42,57,57,71,71,171,171,187,197,197,2,21,21,40,65,65,93,93,93,121,137,137,232,282,300,575,586,30,43,72,72,90,90,105,105,124,124,154,154,154],"floor_reached":51,"playtime":5629,"items_purged":["Defend_R"],"score":896,"play_id":"329f855f-e5b7-47e3-9cc5-a51dc0a62217","local_time":"20190217115027","is_ascension_mode":true,"campfire_choices":[{"data":"Havoc","floor":6.0,"key":"SMITH"},{"data":"Offering","floor":8.0,"key":"SMITH"},{"data":"Battle Trance","floor":15.0,"key":"SMITH"},{"floor":23.0,"key":"REST"},{"floor":28.0,"key":"REST"},{"floor":32.0,"key":"RECALL"},{"floor":45,"key":"REST"},{"floor":49,"key":"REST"}],"neow_cost":"NO_GOLD","seed_source_timestamp":0,"circlet_count":0,"master_deck":["Strike_R","Strike_R","Strike_R","Strike_R","Defend_R","Defend_R","Defend_R","Bash","Offering+1","Uppercut+1","Havoc+1","Iron Wave","Feel No Pain","Battle Trance+1","Ghostly Armor","Feed+1","Demon Form","Shrug It Off+1","Havoc+1","Warcry","Reaper","Reaper","Offering","True Grit+1","Metallicize","Secret Weapon","Battle Trance+1","Feel No Pain+1","Fiend Fire","Juggernaut"],"special_seed":0,"relics":["Burning Blood","Mercury Hourglass","Pen Nib","Boot","Fusion Hammer","Brimstone","Regal Pillow","Dead Branch","Matryoshka","Omamori","Tiny House","Bottled Lightning","Ancient Tea Set","Dream Catcher","Self Forming Clay","Pantograph"],"potions_floor_usage":[37,40,44,47],"damage_taken":[{"damage":7.0,"enemies":"2 Louse","floor":1.0,"turns":2.0},{"damage":6.0,"enemies":"Cultist","floor":2.0,"turns":2.0},{"damage":15.0,"enemies":"Jaw Worm","floor":3.0,"turns":2.0},{"damage":16.0,"enemies":"Exordium Thugs","floor":4.0,"turns":5.0},{"damage":21.0,"enemies":"3 Sentries","floor":7.0,"turns":6.0},{"damage":10.0,"enemies":"Gremlin Nob","floor":11.0,"turns":3.0},{"damage":8.0,"enemies":"Exordium Wildlife","floor":12.0,"turns":3.0},{"damage":0.0,"enemies":"Large Slime","floor":14.0,"turns":4.0},{"damage":21.0,"enemies":"Hexaghost","floor":16.0,"turns":8.0},{"damage":21.0,"enemies":"Spheric Guardian","floor":18.0,"turns":5.0},{"damage":18.0,"enemies":"3 Byrds","floor":19.0,"turns":4.0},{"damage":6.0,"enemies":"Snake Plant","floor":22.0,"turns":2.0},{"damage":0.0,"enemies":"Snecko","floor":24.0,"turns":4.0},{"damage":51.0,"enemies":"Slavers","floor":27.0,"turns":5.0},{"damage":10.0,"enemies":"Book of Stabbing","floor":30.0,"turns":4.0},{"damage":9.0,"enemies":"3 Cultists","floor":31.0,"turns":3.0},{"damage":43.0,"enemies":"Automaton","floor":33.0,"turns":6.0},{"damage":22.0,"enemies":"3 Darklings","floor":35.0,"turns":3.0},{"damage":6,"enemies":"3 Shapes","floor":37,"turns":3},{"damage":30,"enemies":"3 Darklings","floor":39,"turns":3},{"damage":68,"enemies":"Nemesis","floor":40,"turns":7},{"damage":67,"enemies":"Writhing Mass","floor":42,"turns":5},{"damage":0,"enemies":"Transient","floor":44,"turns":5},{"damage":12,"enemies":"Maw","floor":46,"turns":5},{"damage":0,"enemies":"Jaw Worm Horde","floor":47,"turns":1},{"damage":100,"enemies":"Reptomancer","floor":48,"turns":6},{"damage":29,"enemies":"Time Eater","floor":50,"turns":5}],"seed_played":"-5105785284049630563","potions_obtained":[{"floor":2.0,"key":"AttackPotion"},{"floor":3.0,"key":"Swift Potion"},{"floor":4.0,"key":"SpeedPotion"},{"floor":5.0,"key":"Explosive Potion"},{"floor":5.0,"key":"EssenceOfSteel"},{"floor":18.0,"key":"Fire Potion"},{"floor":19.0,"key":"Poison Potion"},{"floor":24.0,"key":"Dexterity Potion"},{"floor":31.0,"key":"Dexterity Potion"},{"floor":33.0,"key":"GamblersBrew"},{"floor":34.0,"key":"Block Potion"},{"floor":35,"key":"FearPotion"},{"floor":42,"key":"SpeedPotion"},{"floor":44,"key":"SmokeBomb"},{"floor":46,"key":"Dexterity Potion"}],"is_trial":false,"path_per_floor":["M","M","M","M","?","R","E","R","T","$","E","M","?","M","R","B",null,"M","M","?","$","M","R","M","T","T","E","R","?","E","M","R","B",null,"M","?","M","$","M","E","?","M","T","M","R","M","M","E","R","B",null],"character_chosen":"IRONCLAD","items_purchased":["Feel No Pain","Battle Trance","Brimstone","Metallicize","Bottled Lightning","Secret Weapon"],"campfire_rested":4,"item_purchase_floors":[10,10,21,38,38,38],"current_hp_per_floor":[79,79,70,60,60,60,45,45,45,45,41,39,39,45,45,33,83,68,59,59,59,62,88,89,89,89,44,85,68,74,92,92,87,105,101,101,105,105,97,65,65,9,9,59,105,105,105,74,105,96],"gold":154,"neow_bonus":"THREE_RARE_CARDS","is_prod":false,"is_daily":false,"chose_seed":false,"campfire_upgraded":3,"win_rate":0,"timestamp":1550400627,"path_taken":["M","M","M","M","?","R","E","R","T","?","E","M","?","M","R","BOSS","M","?","?","?","M","R","M","?","T","E","R","?","E","M","R","BOSS","M","?","?","$","M","E","?","M","T","M","R","M","M","E","R","BOSS"],"build_version":"2019-01-23","purchased_purges":1,"victory":true,"max_hp_per_floor":[80,80,80,80,80,80,80,80,80,80,80,80,80,80,80,83,83,83,86,86,86,89,89,89,89,89,89,89,94,94,97,97,100,105,105,105,105,105,105,105,105,105,105,105,105,105,105,105,105,105],"card_choices":[{"not_picked":["Berserk","Double Tap"],"picked":"Offering","floor":0.0},{"not_picked":["Shrug It Off","Wild Strike"],"picked":"Uppercut","floor":1.0},{"not_picked":["Cleave","True Grit"],"picked":"Havoc","floor":2.0},{"not_picked":["Perfected Strike","Dropkick","Thunderclap"],"picked":"SKIP","floor":3.0},{"not_picked":["Flex","Bloodletting"],"picked":"Iron Wave","floor":4.0},{"not_picked":["Infernal Blade","Twin Strike","Anger"],"picked":"SKIP","floor":7.0},{"not_picked":["Pummel","Pommel Strike"],"picked":"Ghostly Armor","floor":11.0},{"not_picked":["Shrug It Off","Searing Blow"],"picked":"Feed","floor":12.0},{"not_picked":["Flex","Heavy Blade"],"picked":"Inflame","floor":14.0},{"not_picked":["Barricade","Reaper"],"picked":"Demon Form","floor":16.0},{"not_picked":["Armaments","Thunderclap"],"picked":"Shrug It Off+1","floor":18.0},{"not_picked":["Pummel","Body Slam+1"],"picked":"Havoc+1","floor":19.0},{"not_picked":["Heavy Blade","Hemokinesis","Armaments"],"picked":"SKIP","floor":22.0},{"not_picked":["Second Wind","Pommel Strike"],"picked":"Warcry","floor":24.0},{"not_picked":["Twin Strike","Warcry"],"picked":"Reaper","floor":27.0},{"not_picked":["Clothesline","Thunderclap"],"picked":"Reaper","floor":30.0},{"not_picked":["Twin Strike","Cleave","Reckless Charge"],"picked":"SKIP","floor":31.0},{"not_picked":["Brutality","Feed"],"picked":"Offering","floor":33.0},{"not_picked":["Twin Strike","Sword Boomerang"],"picked":"True Grit+1","floor":35},{"not_picked":["Pommel Strike","Sword Boomerang+1","Clothesline+1"],"picked":"SKIP","floor":37},{"not_picked":["Sword Boomerang+1","Wild Strike","Carnage"],"picked":"SKIP","floor":39},{"not_picked":["Twin Strike","Clothesline"],"picked":"Battle Trance+1","floor":40},{"not_picked":["Combust+1","Disarm"],"picked":"Feel No Pain+1","floor":42},{"not_picked":["Seeing Red+1","Thunderclap+1"],"picked":"Fiend Fire","floor":44},{"not_picked":["Inflame+1","Flex+1","Pommel Strike"],"picked":"SKIP","floor":46},{"not_picked":["Fire Breathing+1","Pummel"],"picked":"Juggernaut","floor":48}],"player_experience":208002,"relics_obtained":[{"floor":7.0,"key":"Mercury Hourglass"},{"floor":9.0,"key":"Pen Nib"},{"floor":11.0,"key":"Boot"},{"floor":25.0,"key":"Regal Pillow"},{"floor":26.0,"key":"Dead Branch"},{"floor":27.0,"key":"Matryoshka"},{"floor":30.0,"key":"Omamori"},{"floor":40,"key":"Ancient Tea Set"},{"floor":43,"key":"Dream Catcher"},{"floor":43,"key":"Self Forming Clay"},{"floor":48,"key":"Pantograph"}],"event_choices":[{"damage_healed":0.0,"max_hp_gain":0.0,"max_hp_loss":0.0,"gold_gain":0.0,"event_name":"Lab","player_choice":"Got Potions","floor":5.0,"gold_loss":0.0,"damage_taken":0.0},{"damage_healed":0.0,"max_hp_gain":0.0,"max_hp_loss":0.0,"gold_gain":0.0,"event_name":"Upgrade Shrine","player_choice":"Upgraded","floor":13.0,"gold_loss":0.0,"damage_taken":0.0,"cards_upgraded":["Uppercut"]},{"cards_removed":["Strike_R"],"damage_healed":0.0,"max_hp_gain":0.0,"max_hp_loss":0.0,"gold_gain":0.0,"event_name":"Bonfire Elementals","player_choice":"Offered Basic","floor":20.0,"gold_loss":0.0,"damage_taken":0.0},{"damage_healed":0.0,"max_hp_gain":5.0,"max_hp_loss":0.0,"gold_gain":0.0,"event_name":"Forgotten Altar","player_choice":"Shed Blood","floor":29.0,"gold_loss":0.0,"damage_taken":22.0},{"damage_healed":0,"gold_gain":275,"player_choice":"Desecrate","damage_taken":0,"max_hp_gain":0,"max_hp_loss":0,"event_name":"Golden Shrine","floor":36,"gold_loss":0,"cards_obtained":["Regret"]},{"cards_removed":["Inflame"],"damage_healed":0,"gold_gain":0,"player_choice":"Removed Power","damage_taken":0,"max_hp_gain":0,"max_hp_loss":0,"event_name":"Falling","floor":41,"gold_loss":0}],"is_beta":false,"boss_relics":[{"not_picked":["Calling Bell","Empty Cage"],"picked":"Fusion Hammer"},{"not_picked":["Snecko Eye","Black Blood"],"picked":"Tiny House"}],"items_purged_floors":[38],"is_endless":false,"potions_floor_spawned":[2,3,4,18,19,24,31,33,35,42,44,46,47],"ascension_level":3}