{"path_per_floor":["M","M","$","M","?","R","M","M","T","R","M","M","R","M","R","B",null,"M","M","$","M","M","?","R","M","T","R","M","M","M"],"character_chosen":"DEFECT","items_purchased":["Self Repair","Toy Ornithopter"],"gold_per_floor":[119,134,59,77,77,77,89,101,179,179,193,204,204,215,215,312,312,322,342,73,86,96,11,11,22,46,46,58,75,87,87],"floor_reached":31,"campfire_rested":0,"playtime":1796,"item_purchase_floors":[20,20],"current_hp_per_floor":[69,69,69,65,58,58,57,54,54,54,54,54,54,54,54,33,75,72,61,61,56,31,45,45,51,51,51,44,34,11,0],"items_purged":["Strike_B"],"gold":87,"score":237,"play_id":"333b5fb9-7a3e-4a79-abe1-2031c112f448","local_time":"20180531122157","is_prod":false,"is_daily":false,"chose_seed":false,"is_ascension_mode":false,"campfire_upgraded":6,"win_rate":0,"timestamp":1527783717,"campfire_choices":[{"data":"Zap","floor":6,"key":"SMITH"},{"data":"Sweeping Beam","floor":10,"key":"SMITH"},{"data":"Auto Shields","floor":13,"key":"SMITH"},{"data":"Steam","floor":15,"key":"SMITH"},{"data":"Hologram","floor":24,"key":"SMITH"},{"data":"Self Repair","floor":27,"key":"SMITH"}],"path_taken":["M","M","$","M","?","R","?","M","T","R","M","M","R","M","R","BOSS","M","M","$","M","M","?","R","M","T","R","M","M","?","M"],"build_version":"2018-05-30v2","seed_source_timestamp":56161212238666,"purchased_purges":1,"victory":false,"master_deck":["Defend_B","Defend_B","Defend_B","Zap+1","Dualcast","Steam+1","Gash","Sweeping Beam+1","Rebound","Leap","Auto Shields+1","Ball Lightning","Creative AI","Ball Lightning+1","Barrage+1","White Noise+1","Loop+1","Force Field+1","Self Repair+1","Hologram+1","Loop+1","Gash","Redo","Ball Lightning"],"max_hp_per_floor":[75,75,75,75,75,75,75,75,75,75,75,75,75,75,75,75,75,75,75,75,75,75,89,89,89,89,89,89,89,89,89],"relics":["White Beast Statue","Ornamental Fan","Astrolabe","Toy Ornithopter","Mango","Pen Nib"],"card_choices":[{"not_picked":["Turbo","Redo"],"picked":"Steam","floor":1},{"not_picked":["Conserve Battery","BootSequence"],"picked":"Gash","floor":2},{"not_picked":["FTL","Blizzard"],"picked":"Sweeping Beam","floor":4},{"not_picked":["Capacitor","Beam Cell"],"picked":"Rebound","floor":7},{"not_picked":["Sweeping Beam","Stack"],"picked":"Leap","floor":8},{"not_picked":["Reboot","Genetic Algorithm","Stack"],"picked":"SKIP","floor":11},{"not_picked":["Steam","Force Field"],"picked":"Auto Shields","floor":12},{"not_picked":["BootSequence","Beam Cell"],"picked":"Ball Lightning","floor":14},{"not_picked":["Fission","Buffer"],"picked":"Creative AI","floor":16},{"not_picked":["Stack","Steam"],"picked":"Loop+1","floor":18},{"not_picked":["Auto Shields","Darkness"],"picked":"Force Field+1","floor":19},{"not_picked":["Rebound+1","Ball Lightning"],"picked":"Hologram","floor":21},{"not_picked":["Rip and Tear","Darkness+1"],"picked":"Loop+1","floor":22},{"not_picked":["Biased Cognition","Steam","Turbo+1"],"picked":"SKIP","floor":25},{"not_picked":["Fusion","Self Repair"],"picked":"Gash","floor":28},{"not_picked":["Chaos","Barrage"],"picked":"Redo","floor":29},{"not_picked":["Streamline","Chaos+1"],"picked":"Ball Lightning","floor":30}],"player_experience":531439,"potions_floor_usage":[8,12,16,16,21,25,28,29,29,29,30,30,31],"damage_taken":[{"damage":6,"enemies":"Jaw Worm","floor":1,"turns":3},{"damage":0,"enemies":"2 Louse","floor":2,"turns":3},{"damage":4,"enemies":"Cultist","floor":4,"turns":4},{"damage":1,"enemies":"2 Fungi Beasts","floor":7,"turns":3},{"damage":3,"enemies":"Lots of Slimes","floor":8,"turns":3},{"damage":0,"enemies":"Large Slime","floor":11,"turns":4},{"damage":0,"enemies":"3 Louse","floor":12,"turns":1},{"damage":0,"enemies":"Gremlin Gang","floor":14,"turns":3},{"damage":21,"enemies":"Hexaghost","floor":16,"turns":12},{"damage":3,"enemies":"Shell Parasite","floor":18,"turns":5},{"damage":11,"enemies":"Chosen","floor":19,"turns":4},{"damage":29,"enemies":"Centurion and Healer","floor":21,"turns":5},{"damage":25,"enemies":"Snake Plant","floor":22,"turns":4},{"damage":4,"enemies":"Chosen and Byrds","floor":25,"turns":6},{"damage":20,"enemies":"Centurion and Healer","floor":28,"turns":6},{"damage":29,"enemies":"3 Cultists","floor":29,"turns":5},{"damage":39,"enemies":"Slaver and Parasite","floor":30,"turns":7},{"damage":21,"enemies":"Cultist and Chosen","floor":31,"turns":4}],"relics_obtained":[{"floor":9,"key":"Ornamental Fan"},{"floor":26,"key":"Pen Nib"}],"event_choices":[{"event_name":"Golden Wing","player_choice":"Card Removal","floor":5,"damage_taken":0},{"event_name":"Addict","player_choice":"Obtained Relic","floor":23,"damage_taken":0}],"boss_relics":[{"not_picked":["Eternal Feather","Calling Bell"],"picked":"Astrolabe"}],"items_purged_floors":[3],"potions_floor_spawned":[1,2,4,7,8,11,12,14,16,18,19,21,22,25,28,29,30],"seed_played":"-3674530937964556607","killed_by":"Cultist and Chosen","ascension_level":0,"potions_obtained":[{"floor":1,"key":"Block Potion"},{"floor":2,"key":"FairyPotion"},{"floor":4,"key":"LiquidBronze"},{"floor":8,"key":"Regen Potion"},{"floor":11,"key":"Explosive Potion"},{"floor":12,"key":"PowerPotion"},{"floor":14,"key":"AttackPotion"},{"floor":16,"key":"EntropicBrew"},{"floor":18,"key":"EssenceOfSteel"},{"floor":21,"key":"FearPotion"},{"floor":25,"key":"FearPotion"},{"floor":28,"key":"EssenceOfSteel"},{"floor":30,"key":"SkillPotion"}],"is_trial":false}