{"gold_per_floor":[110,110,127,143,143,176,176,194,194,194,213,138,155,174,174,279,279,298,298,310,409,409,409,425,425,425,425,34,60,60,72,72,174,274,289,299,259,273,285,285],"floor_reached":40,"playtime":1336,"items_purged":["Shame"],"score":460,"play_id":"6226a79c-23b4-4315-8bc2-8c89c6a1a574","local_time":"20190320003052","is_ascension_mode":false,"campfire_choices":[{"data":"strawberrySpire:NeglectedBlade","floor":7,"key":"SMITH"},{"data":"Twin Strike","floor":15,"key":"SMITH"},{"data":"Replay:Many Hands","floor":23,"key":"SMITH"},{"data":"Anger","floor":27,"key":"SMITH"},{"data":"PlatinumSkin","floor":30,"key":"SMITH"},{"data":"Dropkick","floor":32,"key":"SMITH"}],"neow_cost":"NONE","seed_source_timestamp":2450633043773169,"circlet_count":0,"master_deck":["conspire:GhostlyStrike","conspire:GhostlyStrike","conspire:GhostlyStrike+1","conspire:GhostlyStrike","conspire:GhostlyStrike","conspire:GhostlyDefend","conspire:GhostlyDefend","conspire:GhostlyDefend+1","conspire:GhostlyDefend","Bash+1","strawberrySpire:NeglectedBlade+1","ReplayTheSpireMod:Stacked","Anger+1","Dropkick+1","Twin Strike+1","Replay:Many Hands+1","Abandon+1","PlatinumSkin+1","strawberrySpire:Hellbender+1"],"relics":["Burning Blood","hubris:TenFootPole","Snack Pack","infinitespire:Burning Sword","MutagenicStrength","Red Skull","Durian","Frozen Egg 2","Replay:Wanted Poster"],"potions_floor_usage":[6,18,24,39,40],"damage_taken":[{"damage":0,"enemies":"Jaw Worm","floor":1,"turns":5},{"damage":1,"enemies":"Cultist","floor":3,"turns":4},{"damage":0,"enemies":"2 Louse","floor":4,"turns":2},{"damage":44,"enemies":"3 Sentries","floor":6,"turns":10},{"damage":4,"enemies":"Red Slaver","floor":8,"turns":4},{"damage":0,"enemies":"Large Slime","floor":11,"turns":6},{"damage":10,"enemies":"Gremlin Gang","floor":13,"turns":6},{"damage":6,"enemies":"Lots of Slimes","floor":14,"turns":6},{"damage":70,"enemies":"Fading Forest","floor":16,"turns":11},{"damage":30,"enemies":"3 Byrds","floor":18,"turns":6},{"damage":7,"enemies":"Chosen","floor":20,"turns":2},{"damage":0,"enemies":"Snake Plant","floor":24,"turns":2},{"damage":23,"enemies":"Book of Stabbing","floor":29,"turns":3},{"damage":9,"enemies":"Snecko","floor":31,"turns":3},{"damage":37,"enemies":"conspire:MysteriousRune","floor":33,"turns":6},{"damage":15,"enemies":"Orb Walker","floor":35,"turns":2},{"damage":49,"enemies":"3 Darklings","floor":36,"turns":5},{"damage":19,"enemies":"4 Shapes","floor":38,"turns":4},{"damage":23,"enemies":"Jaw Worm Horde","floor":39,"turns":4},{"damage":24,"enemies":"Nemesis","floor":40,"turns":4}],"seed_played":"-8530563088965102002","potions_obtained":[{"floor":1,"key":"conspire:EchoDraught"},{"floor":8,"key":"AttackPotion"},{"floor":11,"key":"Elixir"},{"floor":14,"key":"Strength Potion"},{"floor":24,"key":"Languid Potion"},{"floor":29,"key":"PowerPotion"},{"floor":33,"key":"Fire Potion"},{"floor":39,"key":"SpeedPotion"}],"is_trial":false,"path_per_floor":["M","?","M","M","?","E","R","M","T","?","M","$","M","M","R","B",null,"M","?","M","?","?","R","M","?","T","R","$","E","R","M","R","B",null,"M","M","?","M","M","E"],"character_chosen":"IRONCLAD","items_purchased":["PlatinumSkin","Durian"],"campfire_rested":0,"item_purchase_floors":[28,28],"current_hp_per_floor":[80,80,80,80,80,42,42,44,44,44,56,56,54,60,60,24,80,62,62,61,61,61,61,69,69,69,69,74,61,61,60,60,35,85,78,41,41,30,15,0],"gold":285,"neow_bonus":"RANDOM_COLORLESS","is_prod":false,"is_daily":false,"chose_seed":false,"campfire_upgraded":6,"win_rate":0,"timestamp":1553056252,"path_taken":["M","?","?","?","?","E","R","M","T","?","M","$","?","M","R","BOSS","M","?","M","?","?","R","M","?","T","R","$","E","R","M","R","BOSS","M","M","?","M","?","E"],"build_version":"2019-01-23","purchased_purges":1,"victory":false,"max_hp_per_floor":[80,80,80,80,80,80,80,80,80,80,80,80,80,80,80,80,80,80,80,80,80,80,80,80,80,80,80,85,85,85,85,85,85,85,85,85,85,85,85,85],"card_choices":[{"not_picked":["Pommel Strike","Sword Boomerang"],"picked":"ReplayTheSpireMod:Stacked","floor":1},{"not_picked":["Feel No Pain","Clothesline"],"picked":"Anger","floor":3},{"not_picked":["Anger","Armaments","Carnage"],"picked":"SKIP","floor":4},{"not_picked":["strawberrySpire:DraftPunk","Run Through","hubris:ReadiedAction"],"picked":"SKIP","floor":6},{"not_picked":["Heavy Blade","Corruption"],"picked":"Dropkick","floor":8},{"not_picked":["Clothesline","Flex","Hemogenesis"],"picked":"SKIP","floor":11},{"not_picked":["Twin Strike","Bloodletting","Thunderclap"],"picked":"SKIP","floor":13},{"not_picked":["Reckless Charge","Intimidate"],"picked":"Twin Strike","floor":14},{"not_picked":["strawberrySpire:FortFortyFour","conspire:Purge"],"picked":"Replay:Many Hands","floor":16},{"not_picked":["hubris:ReadiedAction","Wild Strike","Blood for Blood"],"picked":"SKIP","floor":18},{"not_picked":["strawberrySpire:Taunt","Massacre"],"picked":"Abandon+1","floor":20},{"not_picked":["Flex","strawberrySpire:GettingOverIt","Replay:Undeath\u0027s Touch"],"picked":"SKIP","floor":24},{"not_picked":["Second Wind","Immolate","Warcry"],"picked":"SKIP","floor":29},{"not_picked":["strawberrySpire:Incursion","Heavy Blade+1","hubris:SharpeningStone"],"picked":"SKIP","floor":31},{"not_picked":["Offering","Limit Break"],"picked":"strawberrySpire:Hellbender+1","floor":33},{"not_picked":["Run Through","Massacre","Havoc"],"picked":"SKIP","floor":35},{"not_picked":["Second Wind","Sever Soul+1","Thunderclap"],"picked":"SKIP","floor":36},{"not_picked":["ReplayTheSpireMod:Strike From Hell+1","Flex","Armaments+1"],"picked":"SKIP","floor":38},{"not_picked":["True Grit","Pummel","Power Through+1"],"picked":"SKIP","floor":39}],"player_experience":735225,"relics_obtained":[{"floor":6,"key":"hubris:TenFootPole"},{"floor":9,"key":"Snack Pack"},{"floor":26,"key":"Red Skull"},{"floor":29,"key":"Frozen Egg 2"}],"event_choices":[{"damage_healed":0,"gold_gain":0,"player_choice":"Forge","damage_taken":0,"max_hp_gain":0,"max_hp_loss":0,"event_name":"Accursed Blacksmith","floor":2,"gold_loss":0,"cards_upgraded":["Bash"]},{"damage_healed":0,"gold_gain":0,"player_choice":"Agree","damage_taken":0,"max_hp_gain":0,"max_hp_loss":0,"event_name":"conspire:LoneGhost","floor":5,"gold_loss":0},{"damage_healed":0,"gold_gain":0,"player_choice":"Ignored","damage_taken":0,"max_hp_gain":0,"max_hp_loss":0,"event_name":"Vampires","floor":19,"gold_loss":0},{"damage_healed":0,"gold_gain":99,"player_choice":"Stole From Cult","damage_taken":0,"max_hp_gain":0,"max_hp_loss":0,"event_name":"Nest","floor":21,"gold_loss":0},{"damage_healed":0,"gold_gain":0,"player_choice":"Inject Mutagens","damage_taken":0,"relics_obtained":["MutagenicStrength"],"max_hp_gain":0,"max_hp_loss":0,"event_name":"Drug Dealer","floor":22,"gold_loss":0},{"damage_healed":0,"gold_gain":0,"player_choice":"Upgraded Two","damage_taken":0,"max_hp_gain":0,"max_hp_loss":0,"event_name":"Designer","floor":37,"gold_loss":40,"cards_upgraded":["conspire:GhostlyStrike","conspire:GhostlyDefend"]}],"is_beta":false,"boss_relics":[{"not_picked":["Busted Crown","Electric Blood"],"picked":"infinitespire:Burning Sword"},{"not_picked":["hubris:GrandSneckoEye","Snecko Eye"],"picked":"Replay:Wanted Poster"}],"items_purged_floors":[12],"is_endless":false,"potions_floor_spawned":[1,8,11,14,16,24,29,33,35,39],"killed_by":"Nemesis","ascension_level":0}