{"path_per_floor":["M","?","$","?","M","R","?","M","T","E","M","?","R","E","R","B",null,"M","?","$","?","?","R","E","R","T","M","R","M","M","$","R"],"character_chosen":"IRONCLAD","items_purchased":["Perfected Strike","Bandage Up","Clash"],"gold_per_floor":[211,211,63,63,81,81,156,169,195,239,257,257,257,296,296,425,425,445,445,320,235,235,235,273,273,573,598,598,617,641,541,541,541],"floor_reached":33,"campfire_rested":0,"playtime":721,"current_hp_per_floor":[80,60,60,44,48,48,48,54,54,60,64,80,80,73,73,80,80,83,83,83,83,83,83,61,61,61,72,72,70,71,71,71,0],"items_purged":["Defend_R","Defend_R"],"gold":541,"score":346,"play_id":"04a50bf9-bd2f-4313-8638-e079194ff460","local_time":"20180511190149","is_prod":false,"is_daily":false,"chose_seed":false,"is_ascension_mode":false,"campfire_upgraded":7,"timestamp":1526079709,"path_taken":["M","?","$","?","M","R","?","M","T","E","?","?","R","E","R","BOSS","M","?","$","?","?","R","E","R","T","?","R","M","M","$","R","BOSS"],"build_version":"2018-05-10","seed_source_timestamp":855498076897092,"purchased_purges":3,"victory":false,"master_deck":["Strike_R","Strike_R+1","Strike_R","Strike_R","Strike_R","Defend_R","Defend_R","Bash+1","Thunderclap+1","Perfected Strike+1","Bandage Up+1","Clash+1","Anger","Pommel Strike","Feed+1","Perfected Strike+1","Clash+1","Reaper","Whirlwind+1","Iron Wave"],"max_hp_per_floor":[80,80,80,80,80,80,80,80,80,80,80,80,80,80,80,80,80,83,83,83,83,83,83,86,86,86,86,86,86,86,86,86,86],"relics":["Black Blood","Golden Idol","Ancient Tea Set","Mercury Hourglass","Mummified Hand","Darkstone Periapt","Blue Candle","Old Coin"],"card_choices":[{"not_picked":["Heavy Blade","Evolve"],"picked":"Thunderclap","floor":1},{"not_picked":["Armaments","Twin Strike"],"picked":"Clash","floor":5},{"not_picked":["Shrug It Off","Iron Wave"],"picked":"Anger","floor":11},{"not_picked":["Entrench","Shockwave"],"picked":"Pommel Strike","floor":14},{"not_picked":["Impervious","Reaper"],"picked":"Feed","floor":16},{"not_picked":["Sword Boomerang","True Grit"],"picked":"Perfected Strike","floor":18},{"not_picked":["Sentinel","Pommel Strike"],"picked":"Reaper","floor":24},{"not_picked":["Cleave","Fire Breathing"],"picked":"Whirlwind","floor":27},{"not_picked":["Twin Strike","Carnage"],"picked":"Iron Wave","floor":30}],"player_experience":442049,"potions_floor_usage":[10,33,33,33],"damage_taken":[{"damage":0,"enemies":"Small Slimes","floor":1,"turns":3},{"damage":6,"enemies":"Jaw Worm","floor":5,"turns":3},{"damage":0,"enemies":"2 Louse","floor":8,"turns":2},{"damage":0,"enemies":"Gremlin Nob","floor":10,"turns":2},{"damage":6,"enemies":"2 Fungi Beasts","floor":11,"turns":3},{"damage":19,"enemies":"3 Sentries","floor":14,"turns":4},{"damage":0,"enemies":"Slime Boss","floor":16,"turns":5},{"damage":10,"enemies":"3 Byrds","floor":18,"turns":4},{"damage":35,"enemies":"Slavers","floor":24,"turns":4},{"damage":5,"enemies":"Spheric Guardian","floor":27,"turns":3},{"damage":18,"enemies":"Centurion and Healer","floor":29,"turns":5},{"damage":15,"enemies":"Snecko","floor":30,"turns":3},{"damage":85,"enemies":"Collector","floor":33,"turns":8}],"event_choices":[{"event_name":"Golden Idol","player_choice":"Take Damage","floor":2,"damage_taken":0},{"event_name":"Shining Light","player_choice":"Entered Light","floor":4,"damage_taken":0},{"event_name":"Golden Wing","player_choice":"Gained Gold","floor":7,"damage_taken":0},{"event_name":"Big Fish","player_choice":"Banana","floor":12,"damage_taken":0},{"event_name":"Ghosts","player_choice":"Ignored","floor":19,"damage_taken":0},{"event_name":"Addict","player_choice":"Obtained Relic","floor":21,"damage_taken":0},{"event_name":"The Mausoleum","player_choice":"No","floor":22,"damage_taken":0}],"boss_relics":[{"not_picked":["Lizard Tail","Eternal Feather"],"picked":"Black Blood"}],"potions_floor_spawned":[8,11,14,24,30],"seed_played":"-776939747895487436","killed_by":"Collector","ascension_level":0,"is_trial":false}