{"gold_per_floor":[111,111,77,93,112,112,138,138,138,138,156,156,156,171,171,171],"floor_reached":16,"playtime":409,"items_purged":[],"score":100,"play_id":"7e44451f-1e59-4574-be9b-4137578bb8b8","local_time":"20190913182806","is_ascension_mode":false,"campfire_choices":[{"data":"Genetic Algorithm","floor":6,"key":"SMITH"},{"floor":8,"key":"REST"},{"data":"Zap","floor":10,"key":"SMITH"},{"floor":15,"key":"REST"}],"neow_cost":"NONE","seed_source_timestamp":100297532297200,"circlet_count":0,"master_deck":["Strike_B","Strike_B","Strike_B","Defend_B","Defend_B","Defend_B","Defend_B","Zap+1","Dualcast","Panacea","Capacitor","Sweeping Beam","Genetic Algorithm+1","Coolheaded","Static Discharge","Glacier"],"relics":["Cracked Core","NeowsBlessing","Ginger","InkBottle"],"potions_floor_usage":[16,16],"damage_taken":[{"damage":0,"enemies":"2 Louse","floor":1,"turns":1},{"damage":0,"enemies":"Cultist","floor":4,"turns":1},{"damage":0,"enemies":"Jaw Worm","floor":5,"turns":1},{"damage":65,"enemies":"Lagavulin","floor":7,"turns":9},{"damage":2,"enemies":"Large Slime","floor":11,"turns":5},{"damage":8,"enemies":"3 Louse","floor":14,"turns":3},{"damage":33,"enemies":"Slime Boss","floor":16,"turns":9}],"seed_played":"-4201561723672892313","potions_obtained":[{"floor":1,"key":"SmokeBomb"},{"floor":7,"key":"Energy Potion"},{"floor":14,"key":"Explosive Potion"}],"is_trial":false,"path_per_floor":["M","?","$","M","M","R","E","R","T","R","M","?","?","M","R","B"],"character_chosen":"DEFECT","items_purchased":["Capacitor"],"campfire_rested":2,"item_purchase_floors":[3],"current_hp_per_floor":[75,75,75,75,75,75,10,32,32,32,30,23,23,15,37,4],"gold":171,"neow_bonus":"THREE_ENEMY_KILL","is_prod":false,"is_daily":false,"chose_seed":false,"campfire_upgraded":2,"win_rate":0,"timestamp":1568417286,"path_taken":["M","?","$","M","M","R","E","R","T","R","?","?","?","?","R","BOSS"],"build_version":"2019-09-12","purchased_purges":0,"victory":false,"max_hp_per_floor":[75,75,75,75,75,75,75,75,75,75,75,75,75,75,75,75],"card_choices":[{"not_picked":["Sunder","Auto Shields","Reinforced Body"],"picked":"SKIP","floor":1},{"not_picked":["Beam Cell","Rebound"],"picked":"Sweeping Beam","floor":4},{"not_picked":["Coolheaded","Beam Cell"],"picked":"Genetic Algorithm","floor":5},{"not_picked":["Hologram","Compile Driver","Double Energy"],"picked":"SKIP","floor":7},{"not_picked":["Go for the Eyes","Redo"],"picked":"Coolheaded","floor":11},{"not_picked":["Streamline","Lockon"],"picked":"Glacier","floor":14}],"player_experience":1293783,"relics_obtained":[{"floor":7,"key":"Ginger"}],"event_choices":[{"damage_healed":0,"gold_gain":0,"player_choice":"1 cards matched","damage_taken":0,"max_hp_gain":0,"max_hp_loss":0,"event_name":"Match and Keep!","floor":2,"gold_loss":0,"cards_obtained":["Panacea"]},{"damage_healed":0,"gold_gain":0,"player_choice":"Success","damage_taken":7,"relics_obtained":["InkBottle"],"max_hp_gain":0,"max_hp_loss":0,"event_name":"Scrap Ooze","floor":12,"gold_loss":0},{"damage_healed":0,"gold_gain":0,"cards_transformed":["Strike_B"],"player_choice":"Transformed","damage_taken":0,"max_hp_gain":0,"max_hp_loss":0,"event_name":"Transmorgrifier","floor":13,"gold_loss":0,"cards_obtained":["Static Discharge"]}],"is_beta":true,"boss_relics":[],"items_purged_floors":[],"is_endless":false,"potions_floor_spawned":[1,7,14],"killed_by":"Slime Boss","ascension_level":0}