{"gold_per_floor":[109,109,34,209,222,222,122,122,172,203,220,235,294,294,294,394,394,411,120,133,143,162,162,197,197,197,197,197,217,0,20,20,20],"floor_reached":33,"playtime":756,"items_purged":["Strike_R","Doubt"],"score":371,"play_id":"c6d9e770-fdeb-435c-83d0-01766afa577f","local_time":"20180901193235","is_ascension_mode":true,"campfire_choices":[{"data":"Bludgeon","floor":6,"key":"SMITH"},{"data":"Iron Wave","floor":8,"key":"SMITH"},{"data":"Twin Strike","floor":15,"key":"SMITH"},{"data":"Inflame","floor":23,"key":"SMITH"},{"floor":25,"key":"REST"},{"data":"Bash","floor":28,"key":"SMITH"},{"floor":32,"key":"REST"}],"neow_cost":"NONE","seed_source_timestamp":235754287982093,"circlet_count":0,"master_deck":["Strike_R","Strike_R","Defend_R+1","Defend_R","Defend_R","Defend_R+1","Bash+1","Bludgeon+1","Iron Wave+1","Twin Strike+1","Thunderclap","Immolate","Inflame+1","Headbutt","Pommel Strike+1","Intimidate","Sword Boomerang+1"],"relics":["Burning Blood","Potion Belt","Pen Nib","Tiny Chest","Philosopher\u0027s Stone","Thread and Needle","Bag of Marbles","Question Card"],"potions_floor_usage":[11,18,20,20,22,29,33,33],"damage_taken":[{"damage":0,"enemies":"2 Louse","floor":1,"turns":3},{"damage":1,"enemies":"Cultist","floor":5,"turns":3},{"damage":19,"enemies":"3 Sentries","floor":10,"turns":7},{"damage":0,"enemies":"Jaw Worm","floor":11,"turns":1},{"damage":8,"enemies":"Blue Slaver","floor":12,"turns":2},{"damage":20,"enemies":"Lagavulin","floor":13,"turns":3},{"damage":28,"enemies":"The Guardian","floor":16,"turns":9},{"damage":18,"enemies":"Shell Parasite","floor":18,"turns":3},{"damage":7,"enemies":"2 Thieves","floor":20,"turns":2},{"damage":18,"enemies":"Centurion and Healer","floor":21,"turns":4},{"damage":8,"enemies":"Snake Plant","floor":22,"turns":3},{"damage":37,"enemies":"Book of Stabbing","floor":24,"turns":3},{"damage":0,"enemies":"Sentry and Sphere","floor":29,"turns":3},{"damage":14,"enemies":"Snecko","floor":31,"turns":4},{"damage":76,"enemies":"Automaton","floor":33,"turns":6}],"seed_played":"-8514191759231640943","potions_obtained":[{"floor":5,"key":"Energy Potion"},{"floor":12,"key":"PowerPotion"},{"floor":13,"key":"Explosive Potion"},{"floor":16,"key":"SkillPotion"},{"floor":20,"key":"EssenceOfSteel"},{"floor":21,"key":"Weak Potion"},{"floor":24,"key":"Poison Potion"},{"floor":29,"key":"FearPotion"}],"is_trial":false,"path_per_floor":["M","?","$","?","M","R","$","R","T","E","M","M","E","?","R","B",null,"M","$","M","M","M","R","E","R","T","?","R","M","?","M","R"],"character_chosen":"IRONCLAD","items_purchased":["Thread and Needle"],"campfire_rested":2,"item_purchase_floors":[19],"current_hp_per_floor":[78,62,62,62,67,67,67,67,67,54,60,58,44,44,44,22,66,54,54,53,41,39,39,8,32,32,32,32,38,38,30,54,0],"gold":20,"neow_bonus":"ONE_RANDOM_RARE_CARD","is_prod":false,"is_daily":false,"chose_seed":false,"campfire_upgraded":5,"win_rate":0,"timestamp":1535844755,"path_taken":["M","?","$","?","M","R","$","R","T","E","M","M","E","?","R","BOSS","M","$","M","M","M","R","E","R","T","?","R","?","?","?","R","BOSS"],"build_version":"2018-08-30","purchased_purges":2,"victory":false,"max_hp_per_floor":[80,80,80,80,80,80,80,80,80,80,80,80,80,80,80,80,80,80,80,80,80,80,80,80,80,80,80,80,80,80,80,80,80],"card_choices":[{"not_picked":["Thunderclap","Armaments"],"picked":"Iron Wave","floor":1},{"not_picked":["Thunderclap","Sentinel","Heavy Blade"],"picked":"SKIP","floor":5},{"not_picked":["Armaments","Sever Soul"],"picked":"Twin Strike","floor":10},{"not_picked":["Rampage","Blood for Blood","Clothesline"],"picked":"SKIP","floor":11},{"not_picked":["Intimidate","Iron Wave"],"picked":"Thunderclap","floor":12},{"not_picked":["Clothesline","Evolve","Twin Strike"],"picked":"SKIP","floor":13},{"not_picked":["Offering","Juggernaut"],"picked":"Immolate","floor":16},{"not_picked":["Body Slam","Twin Strike","Fire Breathing"],"picked":"SKIP","floor":18},{"not_picked":["Bloodletting","Sentinel","Wild Strike"],"picked":"SKIP","floor":20},{"not_picked":["Battle Trance","Clash"],"picked":"Inflame","floor":21},{"not_picked":["Ghostly Armor","Thunderclap+1"],"picked":"Headbutt","floor":22},{"not_picked":["Heavy Blade","Demon Form"],"picked":"Pommel Strike+1","floor":24},{"not_picked":["Flex+1","Fire Breathing+1","Twin Strike"],"picked":"Sword Boomerang+1","floor":29},{"not_picked":["Evolve","Iron Wave","Thunderclap","Corruption+1"],"picked":"SKIP","floor":31}],"player_experience":885951,"relics_obtained":[{"floor":9,"key":"Potion Belt"},{"floor":10,"key":"Pen Nib"},{"floor":13,"key":"Tiny Chest"},{"floor":24,"key":"Bag of Marbles"},{"floor":26,"key":"Question Card"}],"event_choices":[{"event_name":"Shining Light","player_choice":"Entered Light","floor":2,"damage_taken":0},{"event_name":"Liars Game","player_choice":"agreed","floor":4,"damage_taken":0},{"event_name":"Bonfire Elementals","player_choice":"BASIC","floor":14,"damage_taken":0},{"event_name":"Transmorgrifier","player_choice":"Transform","floor":27,"damage_taken":0},{"event_name":"Masked Bandits","player_choice":"Paid Fearfully","floor":30,"damage_taken":0}],"is_beta":true,"boss_relics":[{"not_picked":["White Beast Statue","Tiny House"],"picked":"Philosopher\u0027s Stone"}],"items_purged_floors":[3,7],"is_endless":false,"potions_floor_spawned":[5,12,13,16,20,21,24,29],"killed_by":"Automaton","ascension_level":7}