{"gold_per_floor":[214,167,167,177,177,177,177,177,177,177,229,243,572,587,587,684,684,696,713,628,189,203,203,128,128,179,179,197,197,231,231,231,327,327,346,365,379,479,479,505,505,517,540,559,634,651,325,339,339,339,339,339,87,121,121],"floor_reached":56,"playtime":3917,"items_purged":["Perfected Strike+1","Parasite"],"score":1195,"play_id":"c8ad42c0-61bd-4d16-9f5b-b202304c3ca5","local_time":"20190110154424","is_ascension_mode":false,"campfire_choices":[{"data":"Perfected Strike","floor":6,"key":"SMITH"},{"data":"Headbutt","floor":8,"key":"SMITH"},{"data":"Bash","floor":10,"key":"SMITH"},{"data":"Pommel Strike","floor":15,"key":"SMITH"},{"data":"Limit Break","floor":23,"key":"SMITH"},{"data":"Strike_R","floor":27,"key":"SMITH"},{"floor":32,"key":"RECALL"},{"data":"Offering","floor":41,"key":"SMITH"},{"floor":49,"key":"REST"},{"floor":52,"key":"REST"}],"neow_cost":"NONE","seed_source_timestamp":1185915114722665,"circlet_count":0,"master_deck":["Strike_R+1","Strike_R+1","Strike_R+1","Strike_R+1","Defend_R+1","Defend_R+1","Defend_R+1","Bash+1","Headbutt+1","Pommel Strike+1","Limit Break+1","Shrug It Off+1","Offering+1","Sword Boomerang+1","Sword Boomerang+1"],"relics":["Burning Blood","Vajra","hubris:ChampionShield","infinitespire:Beetle Shell","Matryoshka","Sozu","hubris:SphereOfDissonance","infinitespire:Golems Mask","Blood Vial","Meat on the Bone","Ancient Tea Set","hubris:Spice","hubris:CuriousFeather","Mark of Pain","infinitespire:FocusingShard","hubris:MysteriousPyramids","Bronze Scales","Mercury Hourglass"],"potions_floor_usage":[14,14,55],"damage_taken":[{"damage":1,"enemies":"Jaw Worm","floor":1,"turns":4},{"damage":8,"enemies":"Small Slimes","floor":4,"turns":3},{"damage":0,"enemies":"2 Louse","floor":12,"turns":2},{"damage":19,"enemies":"3 Sentries","floor":13,"turns":5},{"damage":12,"enemies":"Exordium Thugs","floor":14,"turns":3},{"damage":16,"enemies":"Slime Boss","floor":16,"turns":7},{"damage":11,"enemies":"Shell Parasite","floor":18,"turns":4},{"damage":10,"enemies":"Chosen","floor":19,"turns":2},{"damage":0,"enemies":"Snake Plant","floor":22,"turns":2},{"damage":0,"enemies":"Snecko","floor":28,"turns":2},{"damage":19,"enemies":"Book of Stabbing","floor":30,"turns":3},{"damage":42,"enemies":"Automaton","floor":33,"turns":8},{"damage":6,"enemies":"Orb Walker","floor":35,"turns":2},{"damage":10,"enemies":"3 Shapes","floor":36,"turns":3},{"damage":8,"enemies":"3 Darklings","floor":37,"turns":4},{"damage":6,"enemies":"Mind Bloom Boss Battle","floor":38,"turns":3},{"damage":13,"enemies":"Nemesis","floor":40,"turns":5},{"damage":6,"enemies":"Writhing Mass","floor":42,"turns":2},{"damage":10,"enemies":"Jaw Worm Horde","floor":44,"turns":2},{"damage":6,"enemies":"Maw","floor":46,"turns":3},{"damage":3,"enemies":"4 Shapes","floor":48,"turns":4},{"damage":6,"enemies":"Time Eater","floor":50,"turns":3},{"damage":20,"enemies":"Shield and Spear","floor":54,"turns":2},{"damage":52,"enemies":"The Heart","floor":55,"turns":5}],"seed_played":"2440852448463888603","potions_obtained":[{"floor":1,"key":"Regen Potion"},{"floor":13,"key":"EntropicBrew"}],"is_trial":false,"path_per_floor":["M","$","?","M","?","R","?","R","T","R","T","M","E","M","R","B",null,"M","M","?","$","M","R","?","?","T","R","M","$","E","?","R","B",null,"M","M","M","?","?","E","R","M","T","M","T","M","$","M","R","B",null,"R","$","E","B",null],"character_chosen":"IRONCLAD","items_purchased":["Headbutt","infinitespire:Golems Mask","Blood Vial","hubris:MysteriousPyramids","Bronze Scales"],"campfire_rested":2,"item_purchase_floors":[2,21,21,47,53],"current_hp_per_floor":[80,80,77,75,59,59,59,59,59,59,59,65,52,51,51,41,80,75,71,71,71,79,79,79,79,79,79,88,88,83,83,83,61,96,96,92,92,88,88,80,80,80,72,68,68,70,70,72,72,72,72,72,69,55,23],"gold":121,"neow_bonus":"HUNDRED_GOLD","is_prod":false,"is_daily":false,"chose_seed":false,"campfire_upgraded":7,"win_rate":0,"timestamp":1547153064,"path_taken":["M","$","?","M","?","R","?","R","T","R","?","M","E","M","R","BOSS","M","M","?","$","M","R","?","?","T","R","?","$","E","?","R","BOSS","M","M","M","?","?","E","R","M","T","M","?","M","$","M","R","BOSS","R","$","E","BOSS"],"build_version":"2019-01-03v4","purchased_purges":2,"victory":true,"max_hp_per_floor":[80,80,80,80,80,80,80,80,80,80,80,80,80,80,80,80,80,80,80,80,80,80,80,80,80,80,80,88,88,96,96,96,96,96,96,96,96,88,88,80,80,80,72,72,72,72,72,72,72,72,72,72,69,69,69],"card_choices":[{"not_picked":["Carnage","True Grit"],"picked":"Perfected Strike","floor":1},{"not_picked":["Warcry","Dropkick","hubris:CleavingFinish"],"picked":"SKIP","floor":4},{"not_picked":["Infernal Blade","Warcry"],"picked":"Pommel Strike","floor":12},{"not_picked":["Havoc","Dual Wield","Headbutt"],"picked":"SKIP","floor":13},{"not_picked":["Dual Wield","Sword Boomerang","Cleave"],"picked":"SKIP","floor":14},{"not_picked":["Offering","Demon Form"],"picked":"Limit Break","floor":16},{"not_picked":["Headbutt+1","Blood for Blood","Sever Soul+1"],"picked":"SKIP","floor":18},{"not_picked":["Body Slam","Ghostly Armor","Rampage"],"picked":"SKIP","floor":19},{"not_picked":["Warcry","Anger"],"picked":"Shrug It Off+1","floor":22},{"not_picked":["Ghostly Armor","Anger+1","Headbutt"],"picked":"SKIP","floor":28},{"not_picked":["Fire Breathing","Bloodletting+1","Flame Barrier"],"picked":"SKIP","floor":30},{"not_picked":["Double Tap","Juggernaut"],"picked":"Offering","floor":33},{"not_picked":["Dual Wield+1","Havoc+1"],"picked":"Sword Boomerang+1","floor":35},{"not_picked":["Armaments+1","Headbutt","Second Wind"],"picked":"SKIP","floor":36},{"not_picked":["hubris:SpiceAddiction","Hemokinesis","hubris:SpiceAddiction"],"picked":"SKIP","floor":37},{"not_picked":["Fire Breathing+1","Burning Pact+1","Corruption"],"picked":"SKIP","floor":40},{"not_picked":["Havoc+1","hubris:SpiceAddiction","Armaments"],"picked":"SKIP","floor":42},{"not_picked":["Cleave","Thunderclap","hubris:SpiceAddiction"],"picked":"SKIP","floor":44},{"not_picked":["hubris:SpiceAddiction","Brutality","hubris:SpiceAddiction"],"picked":"SKIP","floor":46},{"not_picked":["Corruption","Iron Wave+1"],"picked":"Sword Boomerang+1","floor":48},{"not_picked":["Cleave+1","Body Slam+1","Twin Strike"],"picked":"SKIP","floor":54}],"player_experience":564124,"relics_obtained":[{"floor":9,"key":"hubris:ChampionShield"},{"floor":11,"key":"infinitespire:Beetle Shell"},{"floor":13,"key":"Matryoshka"},{"floor":26,"key":"Meat on the Bone"},{"floor":26,"key":"Ancient Tea Set"},{"floor":30,"key":"hubris:CuriousFeather"},{"floor":38,"key":"hubris:Spice"},{"floor":40,"key":"hubris:Spice"},{"floor":43,"key":"hubris:Spice"},{"floor":45,"key":"infinitespire:FocusingShard"},{"floor":54,"key":"Mercury Hourglass"}],"event_choices":[{"damage_healed":0,"gold_gain":0,"player_choice":"Success","damage_taken":3,"relics_obtained":["Vajra"],"max_hp_gain":0,"max_hp_loss":0,"event_name":"Scrap Ooze","floor":3,"gold_loss":0},{"damage_healed":0,"gold_gain":0,"player_choice":"Entered Light","damage_taken":16,"max_hp_gain":0,"max_hp_loss":0,"event_name":"Shining Light","floor":5,"gold_loss":0,"cards_upgraded":["Strike_R","Defend_R"]},{"damage_healed":0,"gold_gain":0,"player_choice":"Ignored","damage_taken":0,"max_hp_gain":0,"max_hp_loss":0,"event_name":"Liars Game","floor":7,"gold_loss":0},{"damage_healed":0,"gold_gain":0,"player_choice":"Obtained Relic","damage_taken":0,"relics_obtained":["hubris:SphereOfDissonance"],"max_hp_gain":0,"max_hp_loss":0,"event_name":"Addict","floor":20,"gold_loss":85},{"cards_removed":["Defend_R"],"damage_healed":0,"gold_gain":0,"player_choice":"Gave Gold","damage_taken":0,"max_hp_gain":0,"max_hp_loss":0,"event_name":"Beggar","floor":24,"gold_loss":75},{"damage_healed":0,"gold_gain":0,"player_choice":"Leave","damage_taken":0,"max_hp_gain":0,"max_hp_loss":0,"event_name":"FaceTrader","floor":25,"gold_loss":0},{"damage_healed":0,"gold_gain":0,"player_choice":"Simplicity","damage_taken":0,"max_hp_gain":0,"max_hp_loss":0,"event_name":"Back to Basics","floor":31,"gold_loss":0,"cards_upgraded":["Strike_R","Strike_R","Strike_R","Defend_R","Defend_R"]},{"damage_healed":0,"gold_gain":0,"player_choice":"Fight","damage_taken":0,"max_hp_gain":0,"max_hp_loss":0,"event_name":"MindBloom","floor":38,"gold_loss":0},{"cards_removed":["Strike_R"],"damage_healed":0,"gold_gain":0,"player_choice":"Removed Attack","damage_taken":0,"max_hp_gain":0,"max_hp_loss":0,"event_name":"Falling","floor":39,"gold_loss":0}],"is_beta":false,"boss_relics":[{"not_picked":["Astrolabe","hubris:Backtick"],"picked":"Sozu"},{"not_picked":["hubris:Spice","hubris:VirtuousBlindfold"],"picked":"Mark of Pain"}],"items_purged_floors":[47,53],"is_endless":false,"potions_floor_spawned":[1,13,14,19,33,35,37,38,44,46],"ascension_level":0}