{"path_per_floor":["M","M","$","?","?","E","?","R","T","M","M","M","M","E","R"],"character_chosen":"IRONCLAD","items_purchased":["Seeing Red","Thunderclap"],"gold_per_floor":[110,129,15,15,15,49,49,49,73,84,97,117,137,162,162,162],"floor_reached":16,"campfire_rested":1,"playtime":1475,"current_hp_per_floor":[72,72,72,72,72,35,28,28,28,26,22,22,24,15,51,0],"items_purged":[],"gold":162,"score":134,"play_id":"7db4f5b8-500b-4879-9e64-3a06a72e3d92","local_time":"20180411222257","is_prod":false,"is_daily":false,"is_ascension_mode":true,"campfire_upgraded":1,"timestamp":1523510577,"path_taken":["M","M","?","?","?","E","?","R","T","M","M","M","?","E","R","BOSS"],"build_version":"2018-04-05v2","purchased_purges":0,"victory":false,"master_deck":["Strike_R","Strike_R","Strike_R","Defend_R","Defend_R","Defend_R","Defend_R","Bash+1","Corruption","Burning Pact","Seeing Red","Thunderclap","Flex","Iron Wave","Armaments","Exhume","Shrug It Off","Armaments"],"max_hp_per_floor":[72,72,72,72,72,72,72,72,72,72,72,72,72,72,72,72],"relics":["Burning Blood","Peace Pipe","Regal Pillow","Oddly Smooth Stone","Question Card"],"card_choices":[{"not_picked":["Whirlwind","Entrench"],"picked":"Corruption","floor":1},{"not_picked":["Ghostly Armor","Dual Wield"],"picked":"Burning Pact","floor":2},{"not_picked":["Warcry","Havoc"],"picked":"Flex","floor":6},{"not_picked":["Clothesline","Wild Strike"],"picked":"Iron Wave","floor":10},{"not_picked":["Seeing Red","Pommel Strike"],"picked":"Armaments","floor":11},{"not_picked":["Perfected Strike","Twin Strike"],"picked":"Exhume","floor":12},{"not_picked":["Warcry","Clothesline"],"picked":"Shrug It Off","floor":13},{"not_picked":["Second Wind","Flex"],"picked":"Armaments","floor":14}],"player_experience":226942,"potions_floor_usage":[6,14,16,16],"damage_taken":[{"damage":1,"enemies":"Cultist","floor":1,"turns":3},{"damage":2,"enemies":"2 Louse","floor":2,"turns":4},{"damage":43,"enemies":"3 Sentries","floor":6,"turns":8},{"damage":8,"enemies":"Small Slimes","floor":10,"turns":5},{"damage":10,"enemies":"Gremlin Gang","floor":11,"turns":3},{"damage":6,"enemies":"Blue Slaver","floor":12,"turns":5},{"damage":4,"enemies":"3 Louse","floor":13,"turns":4},{"damage":15,"enemies":"Gremlin Nob","floor":14,"turns":5},{"damage":57,"enemies":"Hexaghost","floor":16,"turns":11}],"event_choices":[{"event_name":"The Cleric","player_choice":"Leave","floor":4,"damage_taken":0},{"event_name":"Bonfire Elementals","player_choice":"BASIC","floor":5,"damage_taken":0},{"event_name":"Golden Wing","player_choice":"Card Removal","floor":7,"damage_taken":0}],"boss_relics":[],"potions_floor_spawned":[1,2,13,14],"seed_played":"2944331416269047484","killed_by":"Hexaghost","ascension_level":4,"is_trial":false}