{"gold_per_floor":[118,67,84,94,94,94,16,16,16,34,70,70,85,104,104,224,224,244,265,37,58,58,58,73,73,146,146,158,173,173,184,184,280,280,291,291,1290,1309,761,761,774,793,793,793,793,357,377,397,397,397],"floor_reached":51,"playtime":1215,"items_purged":[],"score":728,"play_id":"e35fd550-a71d-426a-9474-053fd7145641","local_time":"20181030181829","is_ascension_mode":false,"campfire_choices":[{"data":"Flex","floor":6,"key":"SMITH"},{"data":"Whirlwind","floor":8,"key":"SMITH"},{"data":"Inflame","floor":12,"key":"SMITH"},{"data":"Demon Form","floor":15,"key":"SMITH"},{"data":"Immolate","floor":23,"key":"SMITH"},{"data":"Impervious","floor":25,"key":"SMITH"},{"data":"Demon Form","floor":30,"key":"SMITH"},{"data":"Flame Barrier","floor":32,"key":"SMITH"},{"data":"Demon Form","floor":44,"key":"SMITH"},{"data":"Sword Boomerang","floor":49,"key":"SMITH"}],"neow_cost":"NONE","seed_source_timestamp":9615564082630,"circlet_count":0,"master_deck":["Strike_R","Strike_R","Strike_R","Strike_R","Strike_R","Defend_R","Defend_R","Defend_R","Bash","Flame Barrier+1","Flex+1","Cleave","Whirlwind+1","Inflame+1","Demon Form+1","Reaper","Perfected Strike+1","Impervious+1","Immolate+1","Shame","Demon Form+1","Demon Form+1","Sword Boomerang","Writhe","Normality","Normality","Pommel Strike+1","Sword Boomerang+1","Twin Strike+1"],"relics":["Burning Blood","Bloody Idol","Du-Vu Doll","Happy Flower","Snecko Eye","Darkstone Periapt","Pantograph","Lizard Tail","Matryoshka","StoneCalendar","Lantern","Mercury Hourglass","Bottled Flame","Letter Opener","Art of War","Torii"],"potions_floor_usage":[28,50,50,50],"damage_taken":[{"damage":7,"enemies":"Small Slimes","floor":1,"turns":5},{"damage":1,"enemies":"2 Louse","floor":3,"turns":4},{"damage":0,"enemies":"Cultist","floor":4,"turns":3},{"damage":9,"enemies":"Large Slime","floor":10,"turns":5},{"damage":22,"enemies":"3 Sentries","floor":11,"turns":4},{"damage":10,"enemies":"Looter","floor":13,"turns":2},{"damage":5,"enemies":"Exordium Thugs","floor":14,"turns":3},{"damage":30,"enemies":"The Guardian","floor":16,"turns":10},{"damage":18,"enemies":"2 Thieves","floor":18,"turns":3},{"damage":25,"enemies":"Shell Parasite","floor":19,"turns":3},{"damage":3,"enemies":"Snecko","floor":21,"turns":3},{"damage":18,"enemies":"Snake Plant","floor":24,"turns":5},{"damage":12,"enemies":"Centurion and Healer","floor":28,"turns":2},{"damage":10,"enemies":"Cultist and Chosen","floor":29,"turns":3},{"damage":5,"enemies":"Chosen and Byrds","floor":31,"turns":3},{"damage":53,"enemies":"Champ","floor":33,"turns":8},{"damage":10,"enemies":"Orb Walker","floor":35,"turns":2},{"damage":28,"enemies":"3 Darklings","floor":38,"turns":3},{"damage":17,"enemies":"Sphere and 2 Shapes","floor":41,"turns":2},{"damage":21,"enemies":"Maw","floor":42,"turns":5},{"damage":52,"enemies":"Writhing Mass","floor":47,"turns":5},{"damage":8,"enemies":"Jaw Worm Horde","floor":48,"turns":2},{"damage":139,"enemies":"Awakened One","floor":50,"turns":9}],"seed_played":"8260564983763686646","potions_obtained":[{"floor":1,"key":"Weak Potion"},{"floor":3,"key":"Explosive Potion"},{"floor":11,"key":"EssenceOfSteel"},{"floor":28,"key":"Swift Potion"}],"is_trial":false,"path_per_floor":["M","$","M","M","?","R","$","R","T","M","E","R","M","M","R","B",null,"M","M","$","M","?","R","M","R","T","?","M","M","R","M","R","B",null,"M","?","?","M","$","?","M","M","T","R","T","$","M","M","R","B"],"character_chosen":"IRONCLAD","items_purchased":["Flex","Whirlwind","Impervious","Immolate","Matryoshka","StoneCalendar","Art of War","Torii"],"campfire_rested":0,"item_purchase_floors":[2,7,20,20,39,39,46,46],"current_hp_per_floor":[87,87,88,88,66,66,66,66,66,63,47,47,43,44,44,20,88,76,61,61,64,64,64,61,61,66,72,71,72,72,86,86,87,94,94,100,112,95,95,95,89,111,111,111,111,111,71,98,98,11],"gold":397,"neow_bonus":"TEN_PERCENT_HP_BONUS","is_prod":false,"is_daily":false,"chose_seed":false,"campfire_upgraded":10,"win_rate":0,"timestamp":1540937909,"path_taken":["M","$","M","M","?","R","$","R","T","?","E","R","M","M","R","BOSS","M","M","$","M","?","R","?","R","T","?","M","M","R","M","R","BOSS","M","?","?","M","$","?","M","M","T","R","?","?","M","M","R","BOSS"],"build_version":"2018-10-29v2","purchased_purges":0,"victory":true,"max_hp_per_floor":[88,88,88,88,88,88,88,88,88,88,88,88,88,88,88,88,88,88,88,88,88,88,88,88,88,88,94,94,94,94,94,94,94,94,94,100,112,112,112,112,112,112,112,112,112,112,112,112,112,112],"card_choices":[{"not_picked":["Dropkick","Anger"],"picked":"Flame Barrier","floor":1},{"not_picked":["Headbutt","Sever Soul"],"picked":"Cleave","floor":3},{"not_picked":["Armaments","Clash","Wild Strike"],"picked":"SKIP","floor":4},{"not_picked":["Pommel Strike","Warcry","Headbutt"],"picked":"SKIP","floor":10},{"not_picked":["Dropkick","Disarm"],"picked":"Inflame","floor":11},{"not_picked":["Heavy Blade","Iron Wave"],"picked":"Demon Form","floor":13},{"not_picked":["Shockwave","Sever Soul","Thunderclap"],"picked":"SKIP","floor":14},{"not_picked":["Exhume","Demon Form"],"picked":"Reaper","floor":16},{"not_picked":["Pommel Strike","Perfected Strike+1","Ghostly Armor"],"picked":"SKIP","floor":18},{"not_picked":["Pommel Strike","Ghostly Armor"],"picked":"Perfected Strike+1","floor":18},{"not_picked":["Cleave","Headbutt","Anger+1"],"picked":"SKIP","floor":19},{"not_picked":["Intimidate","Cleave+1","Pommel Strike"],"picked":"SKIP","floor":21},{"not_picked":["Headbutt","Flame Barrier+1","Sword Boomerang+1"],"picked":"SKIP","floor":24},{"not_picked":["Sword Boomerang","Headbutt"],"picked":"Demon Form","floor":28},{"not_picked":["Infernal Blade+1","Evolve","Clash"],"picked":"SKIP","floor":29},{"not_picked":["Bloodletting+1","Ghostly Armor+1","Thunderclap"],"picked":"SKIP","floor":31},{"not_picked":["Berserk","Double Tap"],"picked":"Demon Form","floor":33},{"not_picked":["Cleave+1","Twin Strike"],"picked":"Sword Boomerang","floor":35},{"not_picked":["Infernal Blade+1","Iron Wave+1","Evolve"],"picked":"SKIP","floor":38},{"not_picked":["Shockwave+1","Power Through","Intimidate"],"picked":"SKIP","floor":41},{"not_picked":["Rampage","Heavy Blade"],"picked":"Pommel Strike+1","floor":42},{"not_picked":["Sword Boomerang","True Grit+1","Blood for Blood"],"picked":"SKIP","floor":47},{"not_picked":["True Grit+1","Blood for Blood"],"picked":"Sword Boomerang","floor":47},{"not_picked":["Anger+1","Havoc"],"picked":"Twin Strike+1","floor":48}],"player_experience":952460,"relics_obtained":[{"floor":9,"key":"Du-Vu Doll"},{"floor":11,"key":"Happy Flower"},{"floor":26,"key":"Darkstone Periapt"},{"floor":43,"key":"Lantern"},{"floor":43,"key":"Mercury Hourglass"},{"floor":45,"key":"Bottled Flame"},{"floor":45,"key":"Letter Opener"}],"event_choices":[{"damage_healed":0,"gold_gain":0,"player_choice":"Take Damage","damage_taken":22,"relics_obtained":["Golden Idol"],"max_hp_gain":0,"max_hp_loss":0,"event_name":"Golden Idol","floor":5,"gold_loss":0},{"damage_healed":0,"gold_gain":0,"player_choice":"Gave Idol","damage_taken":0,"relics_obtained":["Bloody Idol"],"max_hp_gain":0,"max_hp_loss":0,"event_name":"Forgotten Altar","floor":22,"relics_lost":["Golden Idol"],"gold_loss":0},{"damage_healed":0,"gold_gain":0,"player_choice":"Stole Relic","damage_taken":0,"relics_obtained":["Pantograph"],"max_hp_gain":0,"max_hp_loss":0,"event_name":"Addict","floor":27,"gold_loss":0,"cards_obtained":["Shame"]},{"damage_healed":24,"gold_gain":0,"player_choice":"Writhe","damage_taken":0,"max_hp_gain":0,"max_hp_loss":0,"event_name":"Winding Halls","floor":36,"gold_loss":0,"cards_obtained":["Writhe"]},{"damage_healed":0,"gold_gain":999,"player_choice":"Gold","damage_taken":0,"max_hp_gain":0,"max_hp_loss":0,"event_name":"MindBloom","floor":37,"gold_loss":0,"cards_obtained":["Normality","Normality"]},{"cards_removed":["Defend_R"],"damage_healed":0,"gold_gain":0,"player_choice":"Removed Skill","damage_taken":0,"max_hp_gain":0,"max_hp_loss":0,"event_name":"Falling","floor":40,"gold_loss":0}],"is_beta":true,"boss_relics":[{"not_picked":["Sozu","Empty Cage"],"picked":"Snecko Eye"},{"not_picked":["Pandora\u0027s Box","Black Blood"],"picked":"Lizard Tail"}],"items_purged_floors":[],"is_endless":false,"potions_floor_spawned":[1,3,11,18,28,35,41,42,48],"ascension_level":0}