{"gold_per_floor":[119,137,137,137,156,156,175,74,74,74,88,52,52,71,71,167,167,177,177,202,221,234,245,245,255,255,271,271,271,271,284,284,284],"floor_reached":33,"playtime":3099,"items_purged":["Strike_G"],"score":241,"play_id":"ef81a8f8-470b-47fa-8e88-2e7054c291e5","local_time":"20190913220259","is_ascension_mode":false,"campfire_choices":[{"data":"Infinite Blades","floor":6,"key":"SMITH"},{"floor":13,"key":"REST"},{"data":"Terror","floor":15,"key":"SMITH"},{"floor":28,"key":"REST"},{"floor":32,"key":"REST"}],"neow_cost":"NONE","seed_source_timestamp":2394229504181400,"circlet_count":0,"master_deck":["Strike_G","Defend_G","Defend_G","Defend_G","Defend_G","Defend_G","Survivor","Neutralize","Infinite Blades+1","Endless Agony+1","Heel Hook","Cloak And Dagger","Outmaneuver","Terror+1","Infinite Blades","Terror","After Image","Escape Plan","Blur","Cloak And Dagger","Backflip","Flying Knee","Flechettes","Crippling Poison","Deflect","Cloak And Dagger+1","Decay","PiercingWail"],"relics":["White Beast Statue"],"potions_floor_usage":[5,11,14,14,16,16,16,16,16,16,18,21,22,22,22,25,27,27,31,33],"damage_taken":[{"damage":0,"enemies":"Small Slimes","floor":1,"turns":4},{"damage":6,"enemies":"Jaw Worm","floor":2,"turns":5},{"damage":4,"enemies":"Cultist","floor":5,"turns":5},{"damage":2,"enemies":"Looter","floor":7,"turns":4},{"damage":15,"enemies":"Exordium Thugs","floor":11,"turns":6},{"damage":0,"enemies":"Large Slime","floor":14,"turns":6},{"damage":46,"enemies":"The Guardian","floor":16,"turns":14},{"damage":9,"enemies":"2 Thieves","floor":18,"turns":5},{"damage":0,"enemies":"Shell Parasite","floor":21,"turns":6},{"damage":29,"enemies":"3 Cultists","floor":22,"turns":7},{"damage":15,"enemies":"Centurion and Healer","floor":23,"turns":8},{"damage":7,"enemies":"Cultist and Chosen","floor":25,"turns":7},{"damage":5,"enemies":"Shelled Parasite and Fungi","floor":27,"turns":7},{"damage":2,"enemies":"Centurion and Healer","floor":31,"turns":8},{"damage":62,"enemies":"Automaton","floor":33,"turns":12}],"seed_played":"-2766738375116220460","potions_obtained":[{"floor":1,"key":"LiquidBronze"},{"floor":2,"key":"Swift Potion"},{"floor":5,"key":"Explosive Potion"},{"floor":7,"key":"Explosive Potion"},{"floor":11,"key":"FearPotion"},{"floor":14,"key":"EntropicBrew"},{"floor":16,"key":"Energy Potion"},{"floor":18,"key":"EssenceOfSteel"},{"floor":21,"key":"Energy Potion"},{"floor":22,"key":"Explosive Potion"},{"floor":23,"key":"Energy Potion"},{"floor":25,"key":"Explosive Potion"},{"floor":27,"key":"Block Potion"},{"floor":31,"key":"GhostInAJar"}],"is_trial":false,"path_per_floor":["M","M","?","?","M","R","M","$","T","?","M","$","R","M","R","B",null,"M","?","T","M","M","M","?","M","T","M","R","?","?","M","R","B"],"character_chosen":"THE_SILENT","items_purchased":["Outmaneuver","Infinite Blades"],"campfire_rested":3,"item_purchase_floors":[8,12],"current_hp_per_floor":[70,64,57,57,53,53,51,51,51,51,36,36,57,57,57,11,70,61,61,61,61,32,17,17,10,10,5,26,26,26,24,45,0],"gold":284,"neow_bonus":"BOSS_RELIC","is_prod":false,"is_daily":false,"chose_seed":false,"campfire_upgraded":2,"win_rate":0,"timestamp":1568426579,"path_taken":["M","M","?","?","M","R","M","?","T","?","M","$","R","?","R","BOSS","M","?","?","M","M","M","?","M","T","M","R","?","?","M","R","BOSS"],"build_version":"2019-07-17","purchased_purges":1,"victory":false,"max_hp_per_floor":[70,70,70,70,70,70,70,70,70,70,70,70,70,70,70,70,70,70,70,70,70,70,70,70,70,70,70,70,70,70,70,70,70],"card_choices":[{"not_picked":["Outmaneuver","Deadly Poison"],"picked":"Infinite Blades","floor":1},{"not_picked":["Terror","Leg Sweep"],"picked":"Endless Agony","floor":2},{"not_picked":["Dagger Throw","Poisoned Stab"],"picked":"Heel Hook","floor":5},{"not_picked":["Bane","Flying Knee"],"picked":"Cloak And Dagger","floor":7},{"not_picked":["Dagger Throw","Caltrops"],"picked":"Terror","floor":11},{"not_picked":["Prepared","Concentrate"],"picked":"Terror","floor":14},{"not_picked":["Adrenaline","Bullet Time"],"picked":"After Image","floor":16},{"not_picked":["Quick Slash","PiercingWail"],"picked":"Escape Plan","floor":18},{"not_picked":["Dash","Catalyst+1"],"picked":"Cloak And Dagger","floor":21},{"not_picked":["Underhanded Strike","Eviscerate"],"picked":"Backflip","floor":22},{"not_picked":["Underhanded Strike","Poisoned Stab"],"picked":"Flying Knee","floor":23},{"not_picked":["Calculated Gamble+1","Prepared"],"picked":"Deflect","floor":25},{"not_picked":["Sucker Punch","Backflip"],"picked":"Cloak And Dagger+1","floor":27},{"not_picked":["Dagger Throw","Acrobatics+1"],"picked":"PiercingWail","floor":31}],"player_experience":413488,"relics_obtained":[],"event_choices":[{"cards_removed":["Strike_G"],"damage_healed":0,"gold_gain":0,"player_choice":"Card Removal","damage_taken":7,"max_hp_gain":0,"max_hp_loss":0,"event_name":"Golden Wing","floor":3,"gold_loss":0},{"damage_healed":0,"gold_gain":0,"player_choice":"Fled","damage_taken":0,"max_hp_gain":0,"max_hp_loss":0,"event_name":"Scrap Ooze","floor":4,"gold_loss":0},{"damage_healed":0,"gold_gain":0,"player_choice":"Forge","damage_taken":0,"max_hp_gain":0,"max_hp_loss":0,"event_name":"Accursed Blacksmith","floor":10,"gold_loss":0,"cards_upgraded":["Endless Agony"]},{"damage_healed":0,"gold_gain":0,"player_choice":"Read","damage_taken":0,"max_hp_gain":0,"max_hp_loss":0,"event_name":"The Library","floor":19,"gold_loss":0,"cards_obtained":["Blur"]},{"damage_healed":0,"gold_gain":0,"cards_transformed":["Strike_G","Strike_G"],"player_choice":"Became Test Subject","damage_taken":0,"max_hp_gain":0,"max_hp_loss":0,"event_name":"Drug Dealer","floor":24,"gold_loss":0,"cards_obtained":["Flechettes","Crippling Poison"]},{"damage_healed":0,"gold_gain":0,"player_choice":"Smashed Altar","damage_taken":0,"max_hp_gain":0,"max_hp_loss":0,"event_name":"Forgotten Altar","floor":29,"gold_loss":0,"cards_obtained":["Decay"]}],"is_beta":false,"boss_relics":[{"not_picked":["WristBlade","Coffee Dripper","Tiny House"]}],"items_purged_floors":[8],"is_endless":false,"potions_floor_spawned":[1,2,5,7,11,14,16,18,21,22,23,25,27,31],"killed_by":"Automaton","ascension_level":0}