{"gold_per_floor":[114,133,149,211,211,211,226,226,298,298,318,318,337,337,337,337],"floor_reached":16,"playtime":301,"items_purged":[],"score":92,"play_id":"f3a9dff3-a80a-4591-aad9-b49c5c8a7b3e","local_time":"20190912132156","is_ascension_mode":false,"campfire_choices":[{"data":"Searing Blow","floor":6,"key":"SMITH"},{"floor":8,"key":"REST"},{"data":"Searing Blow+1","floor":10,"key":"SMITH"},{"data":"Searing Blow+2","floor":15,"key":"SMITH"}],"neow_cost":"NONE","seed_source_timestamp":2279366496011700,"circlet_count":0,"master_deck":["Strike_R+1","Strike_R","Strike_R","Strike_R","Strike_R","Defend_R","Defend_R","Defend_R+1","Bash","Searing Blow+3","Injury"],"relics":["Burning Blood","Question Card","Golden Idol","Anchor"],"potions_floor_usage":[3,16,16],"damage_taken":[{"damage":11,"enemies":"Jaw Worm","floor":1,"turns":2},{"damage":12,"enemies":"Small Slimes","floor":2,"turns":3},{"damage":0,"enemies":"Cultist","floor":3,"turns":2},{"damage":21,"enemies":"Large Slime","floor":7,"turns":4},{"damage":14,"enemies":"3 Louse","floor":11,"turns":3},{"damage":23,"enemies":"Exordium Wildlife","floor":13,"turns":5},{"damage":58,"enemies":"The Guardian","floor":16,"turns":9}],"seed_played":"5409704238692101587","potions_obtained":[{"floor":2,"key":"Fire Potion"},{"floor":7,"key":"SpeedPotion"},{"floor":13,"key":"Regen Potion"}],"is_trial":false,"path_per_floor":["M","M","M","?","?","R","M","R","T","R","M","?","M","?","R","B"],"character_chosen":"IRONCLAD","items_purchased":[],"campfire_rested":1,"item_purchase_floors":[],"current_hp_per_floor":[75,69,75,75,59,59,44,68,68,68,60,60,43,40,40,0],"gold":337,"neow_bonus":"REMOVE_CARD","is_prod":false,"is_daily":false,"chose_seed":false,"campfire_upgraded":3,"win_rate":0,"timestamp":1568308916,"path_taken":["M","M","M","?","?","R","?","R","T","R","?","?","M","?","R","BOSS"],"build_version":"2019-07-17","purchased_purges":0,"victory":false,"max_hp_per_floor":[80,80,80,80,80,80,80,80,80,80,80,80,80,80,80,80],"card_choices":[{"not_picked":["Thunderclap","Flex","Havoc"],"picked":"SKIP","floor":1},{"not_picked":["Hemokinesis","Shrug It Off","Bloodletting"],"picked":"SKIP","floor":2},{"not_picked":["Clash","Blood for Blood"],"picked":"Searing Blow","floor":3},{"not_picked":["Cleave","True Grit","Havoc"],"picked":"SKIP","floor":7},{"not_picked":["Carnage","Body Slam","Shockwave","Iron Wave"],"picked":"SKIP","floor":11},{"not_picked":["Carnage","Bloodletting","Blood for Blood","Twin Strike"],"picked":"SKIP","floor":13}],"player_experience":386511,"relics_obtained":[{"floor":9,"key":"Question Card"}],"event_choices":[{"damage_healed":0,"gold_gain":62,"player_choice":"Gained Gold","damage_taken":0,"max_hp_gain":0,"max_hp_loss":0,"event_name":"Golden Wing","floor":4,"gold_loss":0},{"damage_healed":0,"gold_gain":0,"player_choice":"Entered Light","damage_taken":16,"max_hp_gain":0,"max_hp_loss":0,"event_name":"Shining Light","floor":5,"gold_loss":0,"cards_upgraded":["Strike_R","Defend_R"]},{"damage_healed":0,"gold_gain":0,"player_choice":"Take Wound","damage_taken":0,"relics_obtained":["Golden Idol"],"max_hp_gain":0,"max_hp_loss":0,"event_name":"Golden Idol","floor":12,"gold_loss":0,"cards_obtained":["Injury"]},{"damage_healed":0,"gold_gain":0,"player_choice":"Success","damage_taken":3,"relics_obtained":["Anchor"],"max_hp_gain":0,"max_hp_loss":0,"event_name":"Scrap Ooze","floor":14,"gold_loss":0}],"is_beta":false,"boss_relics":[],"items_purged_floors":[],"is_endless":false,"potions_floor_spawned":[2,7,13],"killed_by":"The Guardian","ascension_level":0}