{"path_per_floor":["M","?","M","?","M","E","R","M","T","?","R","E","M","M","R","B",null,"M","M","$","?","M","E","R","M","T","R","M","E","R","$","R"],"character_chosen":"IRONCLAD","items_purchased":["Enlightenment"],"gold_per_floor":[118,118,131,306,321,350,350,360,428,428,428,461,476,490,490,595,595,595,520,445,445,445,445,445,445,445,445,445,445,445,132,132,132],"floor_reached":33,"campfire_rested":1,"playtime":849,"current_hp_per_floor":[80,80,80,80,80,55,55,54,54,74,74,67,73,73,73,58,83,79,65,65,65,62,59,59,61,61,61,55,31,58,58,58,0],"items_purged":["Doubt","Parasite"],"gold":132,"score":297,"play_id":"47a61eb8-129f-49d5-8043-5389732c6e56","local_time":"20180405234601","is_prod":false,"is_daily":false,"is_ascension_mode":false,"campfire_upgraded":6,"timestamp":1522986361,"path_taken":["M","?","?","?","M","E","R","M","T","?","R","E","M","M","R","BOSS","M","M","$","?","?","E","R","M","T","R","M","E","R","?","R","BOSS"],"build_version":"2018-04-05","purchased_purges":2,"victory":false,"master_deck":["Strike_R","Strike_R","Strike_R","Strike_R","Strike_R","Defend_R","Defend_R","Defend_R","Bash+1","Seeing Red+1","Shrug It Off","Feed","Flex+1","Perfected Strike+1","Rampage+1","Headbutt","Armaments+1","Double Tap","Perfected Strike","Metallicize+1","Dual Wield+1","Havoc","Enlightenment+1"],"max_hp_per_floor":[80,80,80,80,80,80,80,80,80,80,80,83,83,83,83,83,83,83,86,86,86,86,86,86,89,89,89,92,92,92,89,89,89],"relics":["Burning Blood","NeowsBlessing","Kunai","Mercury Hourglass","Meat on the Bone","Ectoplasm","Matryoshka","Oddly Smooth Stone","Dead Branch","Dodecahedron"],"card_choices":[{"not_picked":["Iron Wave","Havoc"],"picked":"Seeing Red","floor":1},{"not_picked":["True Grit","Thunderclap"],"picked":"Shrug It Off","floor":3},{"not_picked":["True Grit","Bloodletting"],"picked":"Feed","floor":5},{"not_picked":["Dual Wield","Havoc"],"picked":"Flex","floor":6},{"not_picked":["Warcry","Sword Boomerang"],"picked":"Perfected Strike","floor":8},{"not_picked":["Carnage","Warcry"],"picked":"Rampage","floor":12},{"not_picked":["Cleave","Shrug It Off"],"picked":"Headbutt","floor":13},{"not_picked":["Heavy Blade","Cleave"],"picked":"Armaments","floor":14},{"not_picked":["Juggernaut","Impervious"],"picked":"Double Tap","floor":16},{"not_picked":["Warcry","Evolve"],"picked":"Perfected Strike","floor":18},{"not_picked":["Searing Blow","Disarm"],"picked":"Metallicize","floor":23},{"not_picked":["Twin Strike","True Grit"],"picked":"Dual Wield","floor":25},{"not_picked":["Flex","Clash"],"picked":"Havoc","floor":29}],"player_experience":310870,"potions_floor_usage":[22,33,33,33],"damage_taken":[{"damage":0,"enemies":"2 Louse","floor":1,"turns":1},{"damage":0,"enemies":"Cultist","floor":3,"turns":1},{"damage":0,"enemies":"Small Slimes","floor":5,"turns":1},{"damage":31,"enemies":"Gremlin Nob","floor":6,"turns":5},{"damage":7,"enemies":"Red Slaver","floor":8,"turns":2},{"damage":16,"enemies":"3 Sentries","floor":12,"turns":6},{"damage":0,"enemies":"Looter","floor":13,"turns":2},{"damage":6,"enemies":"2 Fungi Beasts","floor":14,"turns":2},{"damage":21,"enemies":"Slime Boss","floor":16,"turns":7},{"damage":10,"enemies":"Chosen","floor":18,"turns":5},{"damage":23,"enemies":"2 Thieves","floor":19,"turns":4},{"damage":9,"enemies":"Snake Plant","floor":22,"turns":3},{"damage":21,"enemies":"Gremlin Leader","floor":23,"turns":5},{"damage":7,"enemies":"3 Cultists","floor":25,"turns":5},{"damage":15,"enemies":"Snecko","floor":28,"turns":3},{"damage":42,"enemies":"Book of Stabbing","floor":29,"turns":5},{"damage":80,"enemies":"Collector","floor":33,"turns":10}],"event_choices":[{"event_name":"Upgrade Shrine","player_choice":"Upgraded","floor":2,"damage_taken":0},{"event_name":"Liars Game","player_choice":"agreed","floor":4,"damage_taken":0},{"event_name":"Mushrooms","player_choice":"Healed and dodged fight","floor":10,"damage_taken":0},{"event_name":"Back to Basics","player_choice":"Elegance","floor":21,"damage_taken":0}],"boss_relics":[{"not_picked":["White Beast Statue","Black Blood"],"picked":"Ectoplasm"}],"potions_floor_spawned":[3,12,14,18,22,28],"seed_played":"-649511098577725098","killed_by":"Collector","ascension_level":0,"is_trial":false}