{"gold_per_floor":[111,66,84,84,95,95,127,127,209,209,134,34,46,77,77,77],"floor_reached":16,"playtime":649,"items_purged":["Ghostly Armor+1","Regret"],"score":113,"play_id":"ec605cc7-ea3b-4181-adf0-9dc5ca7b97e7","local_time":"20190916015645","is_ascension_mode":true,"campfire_choices":[{"data":"Shrug It Off","floor":6,"key":"SMITH"},{"data":"Ghostly Armor","floor":8,"key":"SMITH"},{"floor":15,"key":"REST"}],"neow_cost":"NONE","seed_source_timestamp":2583507767745200,"circlet_count":0,"master_deck":["Strike_R","Strike_R","Strike_R","Strike_R","Strike_R","Defend_R","Defend_R","Defend_R","Defend_R","Bash","Shrug It Off+1"],"relics":["Burning Blood","NeowsBlessing","Vajra","Boot","Pantograph","WingedGreaves","Bottled Lightning"],"potions_floor_usage":[7,16],"damage_taken":[{"damage":0,"enemies":"Small Slimes","floor":1,"turns":1},{"damage":0,"enemies":"Jaw Worm","floor":3,"turns":1},{"damage":0,"enemies":"Cultist","floor":5,"turns":1},{"damage":35,"enemies":"Gremlin Nob","floor":7,"turns":5},{"damage":0,"enemies":"2 Fungi Beasts","floor":13,"turns":5},{"damage":24,"enemies":"3 Sentries","floor":14,"turns":12},{"damage":82,"enemies":"Hexaghost","floor":16,"turns":12}],"seed_played":"-200853903600100342","potions_obtained":[{"floor":3,"key":"Fire Potion"},{"floor":13,"key":"Energy Potion"}],"is_trial":false,"path_per_floor":["M","$","M","?","M","R","E","R","T","T","$","$","M","E","R","B"],"character_chosen":"IRONCLAD","items_purchased":["Shrug It Off"],"campfire_rested":1,"item_purchase_floors":[2],"current_hp_per_floor":[80,80,80,80,80,80,51,51,51,51,51,51,57,39,63,0],"gold":77,"neow_bonus":"THREE_ENEMY_KILL","is_prod":false,"is_daily":false,"chose_seed":false,"campfire_upgraded":2,"win_rate":0,"timestamp":1568613405,"path_taken":["M","$","M","?","M","R","E","R","T","?","$","$","M","E","R","BOSS"],"build_version":"2019-07-17","purchased_purges":2,"victory":false,"max_hp_per_floor":[80,80,80,80,80,80,80,80,80,80,80,80,80,80,80,80],"card_choices":[{"not_picked":["Perfected Strike","Pummel","Warcry"],"picked":"SKIP","floor":1},{"not_picked":["Iron Wave","Wild Strike","Feel No Pain"],"picked":"SKIP","floor":3},{"not_picked":["Perfected Strike","True Grit"],"picked":"Ghostly Armor","floor":5},{"not_picked":["Offering","Dropkick","Uppercut"],"picked":"SKIP","floor":7},{"not_picked":["Perfected Strike","True Grit","Evolve"],"picked":"SKIP","floor":13},{"not_picked":["Heavy Blade","Dropkick","Armaments"],"picked":"SKIP","floor":14}],"player_experience":514593,"relics_obtained":[{"floor":7,"key":"Boot"},{"floor":9,"key":"Pantograph"},{"floor":10,"key":"WingedGreaves"},{"floor":14,"key":"Bottled Lightning"}],"event_choices":[{"damage_healed":0,"gold_gain":0,"player_choice":"Box","damage_taken":0,"relics_obtained":["Vajra"],"max_hp_gain":0,"max_hp_loss":0,"event_name":"Big Fish","floor":4,"gold_loss":0,"cards_obtained":["Regret"]}],"is_beta":false,"boss_relics":[],"items_purged_floors":[11,12],"is_endless":false,"potions_floor_spawned":[3,13],"killed_by":"Hexaghost","ascension_level":1}