{"path_per_floor":["M","M","M","M","M","$","?","R","T","M","R","?","?","$","R","B",null,"M","M","$","?"],"character_chosen":"THE_SILENT","items_purchased":["Well Laid Plans","Night Terror","Accuracy","Trip"],"gold_per_floor":[118,135,155,171,184,33,133,133,133,153,153,153,153,72,72,172,172,191,209,103,103,103],"floor_reached":22,"campfire_rested":0,"playtime":803,"current_hp_per_floor":[70,64,62,61,47,47,47,47,47,42,42,42,65,65,65,38,70,55,4,4,4,0],"items_purged":[],"gold":103,"score":176,"play_id":"b2356d60-b063-4350-9024-d8368bfe0cc0","local_time":"20180420173714","is_prod":false,"is_daily":false,"chose_seed":false,"is_ascension_mode":false,"campfire_upgraded":3,"timestamp":1524260234,"path_taken":["M","M","M","M","M","$","?","R","T","M","R","?","?","$","R","BOSS","M","M","$","?","?"],"build_version":"2018-04-19","seed_source_timestamp":1705599320094176,"purchased_purges":0,"victory":false,"master_deck":["Defend_G","Defend_G","Defend_G","Defend_G","Defend_G","Strike_G","Strike_G","Survivor","Neutralize","Storm of Steel","Cloak And Dagger+1","PiercingWail","Cloak And Dagger","Flying Knee","A Thousand Cuts+1","Well Laid Plans","Night Terror+1","Infinite Blades+1","Accuracy+1","A Thousand Cuts+1","Well Laid Plans+1","Infinite Blades+1","All Out Attack","Trip"],"max_hp_per_floor":[70,70,70,70,70,70,70,70,70,70,70,70,70,70,70,70,70,70,70,70,70,70],"relics":["Ring of the Snake","Frozen Egg 2","Astrolabe"],"card_choices":[{"not_picked":["Sucker Punch","Dagger Throw"],"picked":"Cloak And Dagger","floor":1},{"not_picked":["Poisoned Stab","Dagger Throw"],"picked":"PiercingWail","floor":2},{"not_picked":["Flechettes","Underhanded Strike"],"picked":"Cloak And Dagger","floor":3},{"not_picked":["Bouncing Flask","Poisoned Stab"],"picked":"Flying Knee","floor":4},{"not_picked":["Underhanded Strike","Dagger Spray"],"picked":"A Thousand Cuts","floor":5},{"not_picked":["Quick Slash","PiercingWail"],"picked":"Infinite Blades","floor":10},{"not_picked":["Night Terror","Corpse Explosion"],"picked":"A Thousand Cuts","floor":16},{"not_picked":["Acrobatics","Deadly Poison"],"picked":"All Out Attack","floor":19}],"player_experience":385184,"potions_floor_usage":[],"damage_taken":[{"damage":0,"enemies":"2 Louse","floor":1,"turns":3},{"damage":6,"enemies":"Cultist","floor":2,"turns":3},{"damage":2,"enemies":"Jaw Worm","floor":3,"turns":4},{"damage":1,"enemies":"2 Fungi Beasts","floor":4,"turns":4},{"damage":14,"enemies":"Large Slime","floor":5,"turns":9},{"damage":5,"enemies":"Red Slaver","floor":10,"turns":8},{"damage":27,"enemies":"The Guardian","floor":16,"turns":12},{"damage":15,"enemies":"Spheric Guardian","floor":18,"turns":4},{"damage":51,"enemies":"2 Thieves","floor":19,"turns":4},{"damage":8,"enemies":"Snecko","floor":22,"turns":3}],"event_choices":[{"event_name":"Golden Shrine","player_choice":"Pray","floor":7,"damage_taken":0},{"event_name":"Scrap Ooze","player_choice":"unsuccessful","floor":12,"damage_taken":0},{"event_name":"Big Fish","player_choice":"Banana","floor":13,"damage_taken":0},{"event_name":"Back to Basics","player_choice":"Elegance","floor":21,"damage_taken":0}],"boss_relics":[{"not_picked":["Eternal Feather","White Beast Statue"],"picked":"Astrolabe"}],"potions_floor_spawned":[2,4,10,19],"seed_played":"-7094908800599503245","killed_by":"Snecko","ascension_level":0,"is_trial":false}