{"gold_per_floor":[110,110,38,53,73,73,99,99,154,188,199,214,228,241,241,342,342,354,365,365,25,35,64,64,79,79,79,106,140,156,188,188,285,285,295,313,413,427,337,370,370,402,482,482,502,256,287,297,297,297],"floor_reached":51,"playtime":7604,"items_purged":["Masterful Stab"],"score":926,"play_id":"07a35e6d-7dd7-4c20-90cf-82f7a367265d","local_time":"20190913055208","is_ascension_mode":true,"campfire_choices":[{"floor":6,"key":"REST"},{"floor":15,"key":"REST"},{"floor":24,"key":"REST"},{"data":"Apotheosis","floor":27,"key":"SMITH"},{"floor":32,"key":"REST"},{"floor":41,"key":"REST"},{"floor":44,"key":"REST"},{"data":"Footwork","floor":49,"key":"SMITH"}],"neow_cost":"PERCENT_DAMAGE","seed_source_timestamp":58186657239000,"circlet_count":0,"master_deck":["Strike_G","Strike_G","Defend_G+1","Defend_G","Defend_G","Defend_G","Defend_G","Survivor","Neutralize","Skewer+1","Footwork+1","Terror","Outmaneuver+1","Flying Knee","Deflect+1","Acrobatics","Night Terror","Distraction","Well Laid Plans","Doppelganger","Backflip","Dash","Blur","Apotheosis+1","Quick Slash","Blur","Dagger Spray+1","Flying Knee","Expertise+1","Terror+1","Phantasmal Killer","Dagger Spray","Well Laid Plans","Choke+1","PiercingWail","Slice+1","Masterful Stab","Dagger Spray+1","Masterful Stab+1","Backflip","Doppelganger","Outmaneuver+1","Caltrops+1"],"relics":["Ring of the Serpent","Thread and Needle","War Paint","Tiny Chest","Anchor","Vajra","Smiling Mask","Pocketwatch","Oddly Smooth Stone","Mummified Hand","Happy Flower","Empty Cage","Prayer Wheel","Incense Burner","Regal Pillow","Paper Crane","Bag of Preparation","Bag of Marbles"],"potions_floor_usage":[31,31,31,40,48,50,50],"damage_taken":[{"damage":3,"enemies":"Jaw Worm","floor":1,"turns":8},{"damage":2,"enemies":"2 Louse","floor":4,"turns":3},{"damage":0,"enemies":"Cultist","floor":5,"turns":3},{"damage":5,"enemies":"3 Sentries","floor":7,"turns":8},{"damage":14,"enemies":"Gremlin Nob","floor":10,"turns":5},{"damage":0,"enemies":"Exordium Wildlife","floor":11,"turns":4},{"damage":0,"enemies":"Looter","floor":12,"turns":3},{"damage":0,"enemies":"Large Slime","floor":13,"turns":3},{"damage":6,"enemies":"Lots of Slimes","floor":14,"turns":5},{"damage":5,"enemies":"Hexaghost","floor":16,"turns":12},{"damage":4,"enemies":"2 Thieves","floor":18,"turns":4},{"damage":0,"enemies":"Chosen","floor":19,"turns":5},{"damage":0,"enemies":"Snecko","floor":22,"turns":4},{"damage":30,"enemies":"Slavers","floor":23,"turns":12},{"damage":0,"enemies":"Centurion and Healer","floor":25,"turns":10},{"damage":2,"enemies":"Book of Stabbing","floor":29,"turns":9},{"damage":10,"enemies":"Sentry and Sphere","floor":30,"turns":8},{"damage":18,"enemies":"Slavers","floor":31,"turns":5},{"damage":0,"enemies":"Champ","floor":33,"turns":21},{"damage":4,"enemies":"3 Shapes","floor":35,"turns":5},{"damage":10,"enemies":"3 Darklings","floor":36,"turns":6},{"damage":0,"enemies":"Mind Bloom Boss Battle","floor":37,"turns":6},{"damage":0,"enemies":"Jaw Worm Horde","floor":38,"turns":4},{"damage":30,"enemies":"Reptomancer","floor":40,"turns":7},{"damage":0,"enemies":"Giant Head","floor":42,"turns":9},{"damage":0,"enemies":"4 Shapes","floor":45,"turns":3},{"damage":4,"enemies":"Reptomancer","floor":47,"turns":6},{"damage":0,"enemies":"Transient","floor":48,"turns":5},{"damage":14,"enemies":"Time Eater","floor":50,"turns":13}],"seed_played":"-1319442763607555144","potions_obtained":[{"floor":1,"key":"GhostInAJar"},{"floor":5,"key":"Weak Potion"},{"floor":7,"key":"Explosive Potion"},{"floor":11,"key":"Strength Potion"},{"floor":19,"key":"SteroidPotion"},{"floor":23,"key":"LiquidBronze"},{"floor":35,"key":"Poison Potion"},{"floor":40,"key":"LiquidBronze"},{"floor":45,"key":"Poison Potion"},{"floor":47,"key":"Energy Potion"},{"floor":48,"key":"SteroidPotion"}],"is_trial":false,"path_per_floor":["M","?","$","M","M","R","E","?","T","E","M","M","M","M","R","B",null,"M","M","?","$","M","E","R","M","T","R","T","E","M","E","R","B",null,"M","M","?","M","?","E","R","E","T","R","M","$","E","M","R","B",null],"character_chosen":"THE_SILENT","items_purchased":["Footwork","Vajra","Apotheosis","Bag of Preparation","Backflip"],"campfire_rested":6,"item_purchase_floors":[3,21,21,46,46],"current_hp_per_floor":[46,46,46,44,44,65,60,60,60,46,46,46,46,40,61,56,70,66,66,66,66,66,36,57,57,57,57,57,55,45,27,48,48,70,66,56,56,56,56,26,47,47,47,70,70,70,66,66,66,52],"gold":297,"neow_bonus":"ONE_RARE_RELIC","is_prod":false,"is_daily":false,"chose_seed":false,"campfire_upgraded":2,"win_rate":0,"timestamp":1568346728,"path_taken":["M","?","?","M","M","R","E","?","T","E","?","M","M","M","R","BOSS","M","M","?","$","M","E","R","M","T","R","?","E","M","E","R","BOSS","M","M","?","M","?","E","R","E","T","R","?","$","E","M","R","BOSS"],"build_version":"2019-07-17","purchased_purges":1,"victory":true,"max_hp_per_floor":[70,70,70,70,70,70,70,70,70,70,70,70,70,70,70,70,70,70,70,70,70,70,70,70,70,70,70,70,70,70,70,70,70,70,70,70,70,70,70,70,70,70,70,70,70,70,70,70,70,70],"card_choices":[{"not_picked":["Infinite Blades","Eviscerate"],"picked":"Skewer","floor":1},{"not_picked":["Endless Agony","Acrobatics"],"picked":"Terror","floor":4},{"not_picked":["Predator","Escape Plan"],"picked":"Outmaneuver","floor":5},{"not_picked":["Outmaneuver","Sucker Punch"],"picked":"Flying Knee","floor":7},{"not_picked":["Riddle With Holes","PiercingWail"],"picked":"Deflect","floor":10},{"not_picked":["Poisoned Stab","Sucker Punch"],"picked":"Acrobatics","floor":11},{"not_picked":["Sucker Punch","Poisoned Stab"],"picked":"Night Terror","floor":12},{"not_picked":["Blade Dance","Sucker Punch"],"picked":"Distraction","floor":13},{"not_picked":["Finisher","Poisoned Stab"],"picked":"Well Laid Plans","floor":14},{"not_picked":["Unload","Malaise"],"picked":"Doppelganger","floor":16},{"not_picked":["Blade Dance","Riddle With Holes+1"],"picked":"Backflip","floor":18},{"not_picked":["Deflect","Riddle With Holes"],"picked":"Dash","floor":19},{"not_picked":["Slice","Bane+1"],"picked":"Quick Slash","floor":22},{"not_picked":["Calculated Gamble","Tools of the Trade"],"picked":"Blur","floor":23},{"not_picked":["Skewer+1","Dodge and Roll"],"picked":"Dagger Spray+1","floor":25},{"not_picked":["Bane+1","Underhanded Strike"],"picked":"Flying Knee","floor":29},{"not_picked":["Deadly Poison","Slice"],"picked":"Expertise+1","floor":30},{"not_picked":["Tactician","Blade Dance"],"picked":"Terror+1","floor":31},{"not_picked":["After Image","Doppelganger"],"picked":"Phantasmal Killer","floor":33},{"not_picked":["Dagger Throw","Terror+1"],"picked":"Masterful Stab","floor":35},{"not_picked":["Endless Agony","Bane+1"],"picked":"Dagger Spray","floor":36},{"not_picked":["Bane","Underhanded Strike+1"],"picked":"Well Laid Plans","floor":37},{"not_picked":["Dodge and Roll+1","Expertise+1"],"picked":"Choke+1","floor":38},{"not_picked":["Cloak And Dagger","Prepared+1"],"picked":"PiercingWail","floor":38},{"not_picked":["Dodge and Roll+1","Deadly Poison+1"],"picked":"Slice+1","floor":40},{"not_picked":["Escape Plan+1","Heel Hook"],"picked":"Masterful Stab","floor":42},{"not_picked":["Dodge and Roll","Prepared"],"picked":"Dagger Spray+1","floor":45},{"not_picked":["PiercingWail","Accuracy+1"],"picked":"Masterful Stab+1","floor":45},{"not_picked":["Sucker Punch+1","Finisher"],"picked":"Doppelganger","floor":47},{"not_picked":["Quick Slash+1","Riddle With Holes"],"picked":"Outmaneuver+1","floor":48},{"not_picked":["Calculated Gamble","Well Laid Plans"],"picked":"Caltrops+1","floor":48}],"player_experience":80612,"relics_obtained":[{"floor":7,"key":"War Paint"},{"floor":9,"key":"Tiny Chest"},{"floor":10,"key":"Anchor"},{"floor":23,"key":"Smiling Mask"},{"floor":26,"key":"Pocketwatch"},{"floor":28,"key":"Oddly Smooth Stone"},{"floor":29,"key":"Mummified Hand"},{"floor":31,"key":"Happy Flower"},{"floor":37,"key":"Prayer Wheel"},{"floor":40,"key":"Incense Burner"},{"floor":42,"key":"Regal Pillow"},{"floor":43,"key":"Paper Crane"},{"floor":47,"key":"Bag of Marbles"}],"event_choices":[{"damage_healed":0,"gold_gain":0,"player_choice":"Grow","damage_taken":0,"max_hp_gain":0,"max_hp_loss":0,"event_name":"Living Wall","floor":2,"gold_loss":0,"cards_upgraded":["Skewer"]},{"damage_healed":0,"gold_gain":0,"player_choice":"Got Potions","damage_taken":0,"max_hp_gain":0,"max_hp_loss":0,"event_name":"Lab","floor":8,"gold_loss":0},{"damage_healed":0,"gold_gain":0,"player_choice":"Read","damage_taken":0,"max_hp_gain":0,"max_hp_loss":0,"event_name":"The Library","floor":20,"gold_loss":0,"cards_obtained":["Blur"]},{"damage_healed":0,"gold_gain":0,"player_choice":"Fight","damage_taken":0,"max_hp_gain":0,"max_hp_loss":0,"event_name":"MindBloom","floor":37,"gold_loss":0},{"cards_removed":["Strike_G"],"damage_healed":0,"gold_gain":0,"player_choice":"Upgrade and Remove","damage_taken":0,"max_hp_gain":0,"max_hp_loss":0,"event_name":"Designer","floor":39,"gold_loss":90,"cards_upgraded":["Deflect"]}],"is_beta":false,"boss_relics":[{"not_picked":["Runic Dome","White Beast Statue"],"picked":"Ring of the Serpent"},{"not_picked":["Fusion Hammer","Lizard Tail"],"picked":"Empty Cage"}],"items_purged_floors":[46],"is_endless":false,"potions_floor_spawned":[1,5,7,11,12,19,23,35,40,45,47,48],"ascension_level":1}