{"path_per_floor":["M","M","?","$","?","E","R","?","T","?","M","M","R","M","R","B",null,"M","?","M","M","$","R","E","$","T","R","?","M","M","?","R","B",null,"M","$","M","$","M","R"],"character_chosen":"IRONCLAD","items_purchased":["Barricade","Impervious","Corruption"],"gold_per_floor":[109,125,75,0,0,27,27,27,27,53,66,81,81,99,99,220,220,235,235,250,263,37,37,70,70,70,70,70,86,98,98,98,203,233,249,149,163,84,96,96,96],"floor_reached":41,"campfire_rested":1,"playtime":1264,"current_hp_per_floor":[78,80,80,80,80,80,80,60,60,57,62,56,56,62,62,50,73,75,75,79,71,71,71,32,32,32,32,32,43,15,15,39,14,70,72,72,43,43,33,33,0],"items_purged":["Defend_R","Defend_R"],"gold":96,"score":589,"play_id":"da13c128-26fc-40af-a333-b143d53e1b45","local_time":"20180424231607","is_prod":false,"is_daily":false,"chose_seed":false,"is_ascension_mode":true,"campfire_upgraded":6,"timestamp":1524626167,"path_taken":["M","M","?","$","?","E","R","?","T","?","M","M","R","?","R","BOSS","M","?","M","M","$","R","E","$","T","R","?","?","M","?","R","BOSS","M","$","M","$","M","R","E"],"build_version":"2018-04-19","seed_source_timestamp":2071067280283065,"purchased_purges":2,"victory":false,"master_deck":["Strike_R","Strike_R","Defend_R","Defend_R","Bash","Cleave+1","Shrug It Off","Clash+1","Flex+1","Double Tap+1","Burning Pact","Twin Strike+1","Metallicize+1","Barricade+1","Impervious+1","Sever Soul","Ghostly Armor","Offering","Hemokinesis+1","Corruption+1","Rage"],"max_hp_per_floor":[80,80,80,80,80,80,80,80,80,80,80,80,80,80,80,80,80,80,80,80,80,80,80,80,80,80,80,80,80,80,80,80,80,85,85,85,85,85,85,85,85],"relics":["Burning Blood","NeowsBlessing","Ancient Tea Set","Bloody Idol","Bottled Flame","Odd Mushroom","Sozu","Champion Belt","Mummified Hand","Tiny House"],"card_choices":[{"not_picked":["Blood for Blood","Body Slam"],"picked":"Cleave","floor":1},{"not_picked":["Power Through","Bloodletting"],"picked":"Shrug It Off","floor":2},{"not_picked":["Burning Pact","Heavy Blade"],"picked":"Clash","floor":6},{"not_picked":["Thunderclap","Body Slam"],"picked":"Flex","floor":10},{"not_picked":["Exhume","Brutality"],"picked":"Double Tap","floor":16},{"not_picked":["Heavy Blade","Havoc"],"picked":"Burning Pact","floor":18},{"not_picked":["Heavy Blade","Wild Strike"],"picked":"Twin Strike","floor":20},{"not_picked":["Headbutt","Fire Breathing"],"picked":"Metallicize","floor":21},{"not_picked":["Clothesline","Sword Boomerang"],"picked":"Sever Soul","floor":24},{"not_picked":["Disarm","Pommel Strike"],"picked":"Ghostly Armor","floor":30},{"not_picked":["Exhume","Double Tap"],"picked":"Offering","floor":33},{"not_picked":["Combust","Sever Soul"],"picked":"Hemokinesis","floor":37},{"not_picked":["Clothesline","Sentinel"],"picked":"Rage","floor":39}],"player_experience":389810,"potions_floor_usage":[16],"damage_taken":[{"damage":0,"enemies":"2 Louse","floor":1,"turns":2},{"damage":0,"enemies":"Small Slimes","floor":2,"turns":1},{"damage":0,"enemies":"Gremlin Nob","floor":6,"turns":1},{"damage":9,"enemies":"The Mushroom Lair","floor":10,"turns":3},{"damage":1,"enemies":"Cultist","floor":11,"turns":3},{"damage":12,"enemies":"Large Slime","floor":12,"turns":5},{"damage":0,"enemies":"Blue Slaver","floor":14,"turns":2},{"damage":18,"enemies":"Hexaghost","floor":16,"turns":9},{"damage":4,"enemies":"2 Thieves","floor":18,"turns":3},{"damage":7,"enemies":"Chosen","floor":20,"turns":4},{"damage":19,"enemies":"Snake Plant","floor":21,"turns":3},{"damage":50,"enemies":"Slavers","floor":24,"turns":6},{"damage":0,"enemies":"Sentry and Sphere","floor":29,"turns":5},{"damage":39,"enemies":"Cultist and Chosen","floor":30,"turns":8},{"damage":36,"enemies":"Automaton","floor":33,"turns":14},{"damage":9,"enemies":"3 Shapes","floor":35,"turns":5},{"damage":40,"enemies":"3 Darklings","floor":37,"turns":5},{"damage":21,"enemies":"4 Shapes","floor":39,"turns":8},{"damage":33,"enemies":"2 Orb Walkers","floor":41,"turns":2}],"event_choices":[{"event_name":"The Cleric","player_choice":"Card Removal","floor":3,"damage_taken":0},{"event_name":"Living Wall","player_choice":"Forget","floor":5,"damage_taken":0},{"event_name":"Golden Idol","player_choice":"Take Damage","floor":8,"damage_taken":0},{"event_name":"Mushrooms","player_choice":"Fought Mushrooms","floor":10,"damage_taken":0},{"event_name":"Forgotten Altar","player_choice":"Gave Idol","floor":19,"damage_taken":0},{"event_name":"Back to Basics","player_choice":"Elegance","floor":28,"damage_taken":0},{"event_name":"Vampires","player_choice":"Ignored","floor":31,"damage_taken":0}],"boss_relics":[{"not_picked":["Eternal Feather","Ectoplasm"],"picked":"Sozu"},{"not_picked":["Runic Pyramid","White Beast Statue"],"picked":"Tiny House"}],"potions_floor_spawned":[1,12,14,24,29,30,33],"seed_played":"-4699617500763131912","killed_by":"2 Orb Walkers","ascension_level":7,"is_trial":false}