{"gold_per_floor":[115,130,85,85,14,14,32,32,32,43,60,60,60,72,72,175,225,242,242,242,259,122,122,133,133],"floor_reached":25,"playtime":842,"items_purged":[],"score":309,"play_id":"331c3f79-51cc-406d-917b-186573129551","local_time":"20190102090637","is_ascension_mode":true,"campfire_choices":[{"data":"Gash","floor":6.0,"key":"SMITH"},{"data":"Gash","floor":8.0,"key":"SMITH"},{"floor":13.0,"key":"REST"},{"data":"Genetic Algorithm","floor":15.0,"key":"SMITH"},{"data":"Hologram","floor":23,"key":"SMITH"}],"neow_cost":"PERCENT_DAMAGE","seed_source_timestamp":1091628094863765,"circlet_count":0,"master_deck":["AscendersBane","Strike_B","Strike_B","Strike_B","Strike_B","Defend_B","Defend_B","Defend_B","Defend_B","Zap","Dualcast","Echo Form","Gash+1","Leap","Beam Cell+1","Gash+1","Hologram+1","BootSequence","Genetic Algorithm+1","Seek","Leap","Go for the Eyes+1","Echo Form","Leap+1"],"special_seed":0,"relics":["Cracked Core","Potion Belt","Letter Opener","Tiny House"],"potions_floor_usage":[21],"damage_taken":[{"damage":1.0,"enemies":"Cultist","floor":1.0,"turns":3.0},{"damage":14.0,"enemies":"Small Slimes","floor":2.0,"turns":3.0},{"damage":3.0,"enemies":"Jaw Worm","floor":7.0,"turns":5.0},{"damage":7.0,"enemies":"3 Louse","floor":10.0,"turns":2.0},{"damage":9.0,"enemies":"Large Slime","floor":11.0,"turns":5.0},{"damage":0.0,"enemies":"2 Fungi Beasts","floor":14.0,"turns":3.0},{"damage":36.0,"enemies":"The Guardian","floor":16.0,"turns":11.0},{"damage":3.0,"enemies":"Spheric Guardian","floor":18.0,"turns":5.0},{"damage":0.0,"enemies":"Masked Bandits","floor":19.0,"turns":2.0},{"damage":0,"enemies":"3 Byrds","floor":21,"turns":3},{"damage":27,"enemies":"Snecko","floor":24,"turns":7},{"damage":35,"enemies":"3 Cultists","floor":25,"turns":4}],"seed_played":"-7032537068734124170","potions_obtained":[{"floor":7.0,"key":"AttackPotion"},{"floor":14.0,"key":"FocusPotion"},{"floor":16.0,"key":"LiquidBronze"},{"floor":17.0,"key":"SmokeBomb"},{"floor":18.0,"key":"FearPotion"}],"is_trial":false,"path_per_floor":["M","M","$","?","$","R","M","R","T","M","M","T","R","M","R","B",null,"M","?","?","M","$","R","M","M"],"character_chosen":"DEFECT","items_purchased":["Beam Cell","Gash","FearPotion","Echo Form"],"campfire_rested":1,"item_purchase_floors":[3,5,5,22],"current_hp_per_floor":[49,35,35,35,35,35,32,32,32,25,16,16,38,38,38,2,62,59,59,59,59,59,59,32,0],"gold":133,"neow_bonus":"THREE_RARE_CARDS","is_prod":false,"is_daily":false,"chose_seed":false,"campfire_upgraded":4,"win_rate":0,"timestamp":1546416397,"path_taken":["M","?","$","?","$","R","M","R","T","M","M","?","R","M","R","BOSS","M","?","?","M","$","R","M","M"],"build_version":"2018-12-20","purchased_purges":0,"victory":false,"max_hp_per_floor":[75,75,75,75,75,75,75,75,75,75,75,75,75,75,75,75,80,80,80,80,80,80,80,80,80],"card_choices":[{"not_picked":["Fission","Creative AI"],"picked":"Echo Form","floor":0.0},{"not_picked":["Conserve Battery","Cold Snap"],"picked":"Gash","floor":1.0},{"not_picked":["Coolheaded","Beam Cell"],"picked":"Leap","floor":2.0},{"not_picked":["Sweeping Beam","Beam Cell","Redo"],"picked":"SKIP","floor":7.0},{"not_picked":["Thunder Strike","Cold Snap"],"picked":"Hologram","floor":10.0},{"not_picked":["Hologram","Conserve Battery"],"picked":"BootSequence","floor":11.0},{"not_picked":["Compile Driver","Force Field"],"picked":"Genetic Algorithm","floor":14.0},{"not_picked":["Rainbow","Biased Cognition"],"picked":"Seek","floor":16.0},{"not_picked":["Stack","Force Field+1"],"picked":"Leap","floor":18.0},{"not_picked":["Steam","FTL"],"picked":"Go for the Eyes+1","floor":21},{"not_picked":["Doom and Gloom","Beam Cell"],"picked":"Leap+1","floor":24}],"player_experience":385581,"relics_obtained":[{"floor":9.0,"key":"Potion Belt"},{"floor":12.0,"key":"Letter Opener"}],"event_choices":[{"damage_healed":0.0,"max_hp_gain":0.0,"max_hp_loss":0.0,"gold_gain":0.0,"event_name":"Shining Light","player_choice":"Ignored","floor":4.0,"gold_loss":0.0,"damage_taken":0.0},{"damage_healed":0.0,"max_hp_gain":0.0,"max_hp_loss":0.0,"gold_gain":0.0,"event_name":"Masked Bandits","player_choice":"Fought Bandits","floor":19.0,"gold_loss":0.0,"damage_taken":0.0},{"damage_healed":0.0,"max_hp_gain":0.0,"max_hp_loss":0.0,"gold_gain":0.0,"event_name":"Beggar","player_choice":"Ignored","floor":20.0,"gold_loss":0.0,"damage_taken":0.0}],"is_beta":false,"boss_relics":[{"not_picked":["Pandora\u0027s Box","Lizard Tail"],"picked":"Tiny House"}],"items_purged_floors":[],"is_endless":false,"potions_floor_spawned":[7,14,16,18],"killed_by":"3 Cultists","ascension_level":12}