{"path_per_floor":["M","M","?","$","?","R","M","$","T","E","R","E","M","?","R"],"character_chosen":"DEFECT","items_purchased":["Deep Breath","Turbo","Capacitor","Streamline"],"gold_per_floor":[110,126,201,3,178,178,189,14,14,44,44,78,88,116,116,116],"floor_reached":16,"campfire_rested":1,"playtime":1163,"current_hp_per_floor":[68,66,55,55,55,55,49,49,49,45,45,12,8,10,33,0],"items_purged":["Strike_B","Doubt"],"gold":116,"score":124,"play_id":"5d0e2b34-3454-4fbf-8a71-6d58c9897ffd","local_time":"20180428215443","is_prod":false,"is_daily":false,"chose_seed":false,"is_ascension_mode":true,"campfire_upgraded":2,"timestamp":1524977683,"path_taken":["M","M","?","$","?","R","M","?","T","E","R","E","?","?","R","BOSS"],"build_version":"2018-04-27v3","seed_source_timestamp":20309587947060,"purchased_purges":2,"victory":false,"master_deck":["Strike_B","Strike_B","Strike_B","Defend_B","Defend_B","Defend_B","Defend_B","Zap+1","Dualcast","Leap","Deep Breath+1","Turbo","Chill","Capacitor","Streamline","Heatsinks","Thunder Strike","Skim"],"max_hp_per_floor":[75,75,75,75,75,75,75,75,75,75,75,75,75,77,77,77],"relics":["Cracked Core","Bronze Scales","Art of War","Singing Bowl","Odd Mushroom"],"card_choices":[{"not_picked":["Go for the Eyes","Hologram"],"picked":"Leap","floor":2},{"not_picked":["Stack","Impulse"],"picked":"Chill","floor":7},{"not_picked":["Go for the Eyes","FTL"],"picked":"Heatsinks","floor":10},{"not_picked":["Force Field","Stack"],"picked":"Thunder Strike","floor":12},{"not_picked":["Leap","Capacitor"],"picked":"Skim","floor":13}],"player_experience":462005,"potions_floor_usage":[10,10,12,14,14],"damage_taken":[{"damage":7,"enemies":"Jaw Worm","floor":1,"turns":3},{"damage":2,"enemies":"2 Louse","floor":2,"turns":3},{"damage":6,"enemies":"Cultist","floor":7,"turns":4},{"damage":4,"enemies":"3 Sentries","floor":10,"turns":6},{"damage":33,"enemies":"Lagavulin","floor":12,"turns":6},{"damage":4,"enemies":"2 Fungi Beasts","floor":13,"turns":3},{"damage":0,"enemies":"The Mushroom Lair","floor":14,"turns":3},{"damage":33,"enemies":"Slime Boss","floor":16,"turns":6}],"event_choices":[{"event_name":"World of Goop","player_choice":"Gather Gold","floor":3,"damage_taken":0},{"event_name":"Liars Game","player_choice":"agreed","floor":5,"damage_taken":0},{"event_name":"Mushrooms","player_choice":"Fought Mushrooms","floor":14,"damage_taken":0}],"boss_relics":[],"potions_floor_spawned":[1,7,12,13],"seed_played":"-7460094412870349997","killed_by":"Slime Boss","ascension_level":3,"is_trial":false}