{"gold_per_floor":[116,33,33,108,108,108,125,125,179,179,213,239,261,273,285,370,382,412,424,436,464,496,535,547,181,181,181,194,194,194,194,194,270,270,287,48,0,12,25,25,38,38,62,62,62,62,92,92,92,92,92,92,17,17],"floor_reached":54,"playtime":1560,"items_purged":["Normality"],"score":1315,"play_id":"a94f8e6e-57b9-4a76-a07b-51bfaa4d1c70","local_time":"20190917005827","is_ascension_mode":true,"campfire_choices":[{"data":"Neutralize","floor":6.0,"key":"SMITH"},{"data":"Bouncing Flask","floor":10.0,"key":"SMITH"},{"floor":15.0,"key":"REST"},{"floor":24.0,"key":"REST"},{"floor":27.0,"key":"REST"},{"floor":32.0,"key":"REST"},{"floor":40.0,"key":"REST"},{"floor":42.0,"key":"REST"},{"floor":44.0,"key":"RECALL"},{"floor":46.0,"key":"REST"},{"floor":49.0,"key":"REST"},{"floor":52,"key":"REST"}],"neow_cost":"NONE","seed_source_timestamp":212155999135900,"circlet_count":0,"master_deck":["AscendersBane","Strike_G","Strike_G","Strike_G","Strike_G","Defend_G","Defend_G","Defend_G","Defend_G","Defend_G","Survivor","Neutralize+1","Die Die Die","Noxious Fumes+1","Bouncing Flask+1","Deadly Poison","Heel Hook","Escape Plan","Burst","Leg Sweep+1","Footwork+1","Dash","Catalyst+1","Cloak And Dagger","Catalyst","Cloak And Dagger","RitualDagger","Envenom","CurseOfTheBell","Backflip","Footwork","Escape Plan","Leg Sweep+1","Blur","Parasite","Bullet Time","Clumsy","Escape Plan"],"special_seed":0,"relics":["Ring of the Snake","Snake Skull","MawBank","Cursed Key","Gremlin Horn","Juzu Bracelet","Ice Cream","Calling Bell","Lantern","Ninja Scroll","Prayer Wheel","TwistedFunnel","Red Mask","Vajra"],"potions_floor_usage":[50,50],"damage_taken":[{"damage":1.0,"enemies":"Cultist","floor":1.0,"turns":3.0},{"damage":0.0,"enemies":"Small Slimes","floor":7.0,"turns":3.0},{"damage":11.0,"enemies":"Gremlin Nob","floor":11.0,"turns":3.0},{"damage":4.0,"enemies":"Jaw Worm","floor":12.0,"turns":3.0},{"damage":0.0,"enemies":"Looter","floor":13.0,"turns":4.0},{"damage":16.0,"enemies":"Hexaghost","floor":16.0,"turns":7.0},{"damage":22.0,"enemies":"2 Thieves","floor":18.0,"turns":2.0},{"damage":11.0,"enemies":"Chosen","floor":21.0,"turns":4.0},{"damage":11.0,"enemies":"Snake Plant","floor":22.0,"turns":4.0},{"damage":7.0,"enemies":"Gremlin Leader","floor":23.0,"turns":6.0},{"damage":22.0,"enemies":"Centurion and Healer","floor":28.0,"turns":6.0},{"damage":10.0,"enemies":"Champ","floor":33.0,"turns":7.0},{"damage":10.0,"enemies":"3 Shapes","floor":35.0,"turns":5.0},{"damage":29.0,"enemies":"3 Darklings","floor":38.0,"turns":5.0},{"damage":17.0,"enemies":"Spire Growth","floor":39.0,"turns":3.0},{"damage":2.0,"enemies":"Writhing Mass","floor":41.0,"turns":6.0},{"damage":49.0,"enemies":"Giant Head","floor":47.0,"turns":7.0},{"damage":37,"enemies":"Donu and Deca","floor":50,"turns":11},{"damage":75,"enemies":"Shield and Spear","floor":54,"turns":3}],"seed_played":"-7036754259887751579","potions_obtained":[{"floor":1.0,"key":"Poison Potion"},{"floor":11.0,"key":"Weak Potion"},{"floor":13.0,"key":"EntropicBrew"},{"floor":21.0,"key":"Explosive Potion"},{"floor":35.0,"key":"SteroidPotion"},{"floor":39.0,"key":"Dexterity Potion"},{"floor":41.0,"key":"DuplicationPotion"}],"is_trial":false,"path_per_floor":["M","$","?","?","$","R","M","?","T","R","E","M","M","?","R","B",null,"M","$","?","M","M","E","R","$","T","R","M","?","?","?","R","B",null,"M","$","?","M","M","R","M","R","T","R","$","R","E","?","R","B",null,"R","$","E"],"character_chosen":"THE_SILENT","items_purchased":["Bouncing Flask","Cloak And Dagger","Catalyst","Juzu Bracelet","Dexterity Potion","SkillPotion","TwistedFunnel","Escape Plan"],"campfire_rested":9,"item_purchase_floors":[2,25,25,25,25,25,36,53],"current_hp_per_floor":[58,58,63,52,52,52,52,52,52,52,41,37,37,37,58,42,64,42,42,42,31,20,13,34,34,34,55,33,27,27,27,48,38,63,53,53,53,24,7,28,26,47,47,47,47,68,19,19,39,2,51,67,67,0],"gold":17,"neow_bonus":"ONE_RANDOM_RARE_CARD","is_prod":false,"is_daily":false,"chose_seed":false,"campfire_upgraded":2,"win_rate":0,"timestamp":1568699907,"path_taken":["M","$","?","?","$","R","?","?","T","R","E","M","M","?","R","BOSS","M","$","?","M","M","E","R","$","T","R","M","?","?","?","R","BOSS","M","$","?","M","M","R","M","R","T","R","$","R","E","?","R","BOSS","R","$","E"],"build_version":"2019-09-12","purchased_purges":1,"victory":false,"max_hp_per_floor":[66,66,71,71,71,71,71,71,71,71,71,71,71,71,71,71,71,71,71,71,71,71,71,71,71,71,71,71,71,71,71,71,71,71,71,71,71,71,71,71,71,71,71,71,71,71,71,67,67,67,67,67,67,67],"card_choices":[{"not_picked":["Deflect","Prepared"],"picked":"Noxious Fumes","floor":1.0},{"not_picked":["Blade Dance","Underhanded Strike"],"picked":"Deadly Poison","floor":7.0},{"not_picked":["Flechettes","Setup","Underhanded Strike"],"picked":"SKIP","floor":11.0},{"not_picked":["Underhanded Strike","Masterful Stab","Dagger Spray"],"picked":"SKIP","floor":12.0},{"not_picked":["Underhanded Strike","PiercingWail"],"picked":"Escape Plan","floor":13.0},{"not_picked":["After Image","Wraith Form v2"],"picked":"Burst","floor":16.0},{"not_picked":["Setup","Prepared"],"picked":"Leg Sweep","floor":18.0},{"not_picked":["Prepared","Poisoned Stab"],"picked":"Footwork+1","floor":21.0},{"not_picked":["Acrobatics","Bane"],"picked":"Dash","floor":22.0},{"not_picked":["Setup","Flechettes"],"picked":"Catalyst+1","floor":23.0},{"not_picked":["Infinite Blades","Bane+1"],"picked":"Cloak And Dagger","floor":28.0},{"not_picked":["Night Terror","A Thousand Cuts"],"picked":"Envenom","floor":33.0},{"not_picked":["Cloak And Dagger","Caltrops"],"picked":"Backflip","floor":35.0},{"not_picked":["Cloak And Dagger","Dagger Spray"],"picked":"Footwork","floor":35.0},{"not_picked":["Deflect","Terror"],"picked":"Escape Plan","floor":38.0},{"not_picked":["Deadly Poison","Flying Knee","Acrobatics+1"],"picked":"SKIP","floor":38.0},{"not_picked":["Concentrate","Setup+1"],"picked":"Leg Sweep+1","floor":39.0},{"not_picked":["Accuracy","Outmaneuver"],"picked":"Blur","floor":39.0},{"not_picked":["Backflip+1","Dagger Throw+1"],"picked":"Bullet Time","floor":41.0},{"not_picked":["PiercingWail","Predator+1","Endless Agony"],"picked":"SKIP","floor":41.0},{"not_picked":["All Out Attack","Choke+1","Well Laid Plans"],"picked":"SKIP","floor":47.0}],"player_experience":1360193,"relics_obtained":[{"floor":9.0,"key":"Snake Skull"},{"floor":11.0,"key":"MawBank"},{"floor":23.0,"key":"Gremlin Horn"},{"floor":26.0,"key":"Ice Cream"},{"floor":34.0,"key":"Lantern"},{"floor":34.0,"key":"Ninja Scroll"},{"floor":34.0,"key":"Prayer Wheel"},{"floor":47.0,"key":"Vajra"}],"event_choices":[{"damage_healed":0.0,"max_hp_gain":5.0,"max_hp_loss":0.0,"gold_gain":0.0,"event_name":"Big Fish","player_choice":"Donut","floor":3.0,"gold_loss":0.0,"damage_taken":0.0},{"damage_healed":0.0,"max_hp_gain":0.0,"max_hp_loss":0.0,"gold_gain":75.0,"event_name":"World of Goop","player_choice":"Gather Gold","floor":4.0,"gold_loss":0.0,"damage_taken":11.0},{"damage_healed":0.0,"max_hp_gain":0.0,"max_hp_loss":0.0,"gold_gain":0.0,"cards_transformed":["Strike_G"],"event_name":"Living Wall","player_choice":"Change","floor":8.0,"gold_loss":0.0,"damage_taken":0.0,"cards_obtained":["Heel Hook"]},{"damage_healed":0.0,"max_hp_gain":0.0,"max_hp_loss":0.0,"gold_gain":0.0,"event_name":"Accursed Blacksmith","player_choice":"Forge","floor":14.0,"gold_loss":0.0,"damage_taken":0.0,"cards_upgraded":["Noxious Fumes"]},{"damage_healed":0.0,"max_hp_gain":0.0,"max_hp_loss":0.0,"gold_gain":0.0,"event_name":"Upgrade Shrine","player_choice":"Upgraded","floor":20.0,"gold_loss":0.0,"damage_taken":0.0,"cards_upgraded":["Leg Sweep"]},{"damage_healed":0.0,"max_hp_gain":0.0,"max_hp_loss":0.0,"gold_gain":0.0,"event_name":"Nest","player_choice":"Joined the Cult","floor":29.0,"gold_loss":0.0,"damage_taken":6.0,"cards_obtained":["RitualDagger"]},{"damage_healed":0.0,"max_hp_gain":0.0,"max_hp_loss":0.0,"gold_gain":0.0,"event_name":"Vampires","player_choice":"Ignored","floor":30.0,"gold_loss":0.0,"damage_taken":0.0},{"damage_healed":0.0,"max_hp_gain":0.0,"max_hp_loss":0.0,"gold_gain":0.0,"event_name":"The Mausoleum","player_choice":"Ignored","floor":31.0,"gold_loss":0.0,"damage_taken":0.0},{"damage_healed":0.0,"max_hp_gain":0.0,"max_hp_loss":0.0,"gold_gain":0.0,"event_name":"Tomb of Lord Red Mask","player_choice":"Paid","floor":37.0,"gold_loss":48.0,"damage_taken":0.0,"relics_obtained":["Red Mask"]},{"damage_healed":0.0,"max_hp_gain":0.0,"max_hp_loss":4.0,"gold_gain":0.0,"event_name":"Winding Halls","player_choice":"Max HP","floor":48.0,"gold_loss":0.0,"damage_taken":0.0}],"is_beta":true,"boss_relics":[{"not_picked":["Black Star","Pandora\u0027s Box"],"picked":"Cursed Key"},{"not_picked":["Coffee Dripper","Snecko Eye"],"picked":"Calling Bell"}],"items_purged_floors":[36],"is_endless":false,"potions_floor_spawned":[1,11,13,21,35,39,41],"killed_by":"Shield and Spear","ascension_level":18}