{"gold_per_floor":[112,125,144,144,159,159,186,186,186,186,31,31,46,64,64,64],"floor_reached":16,"playtime":523,"items_purged":[],"score":102,"play_id":"b74b8c12-9bc6-4f34-a646-737b21d5855c","local_time":"20190210223639","is_ascension_mode":false,"campfire_choices":[{"data":"infinitespire:OneForAll","floor":6,"key":"SMITH"},{"data":"Inflame","floor":8,"key":"SMITH"},{"data":"ReplayTheSpireMod:Strike From Hell","floor":10,"key":"SMITH"},{"data":"WeaponsOverheat","floor":15,"key":"SMITH"}],"neow_cost":"NONE","seed_source_timestamp":355848947361189,"circlet_count":0,"master_deck":["Strike_R","Strike_R","Strike_R","Strike_R","Defend_R","Defend_R","Defend_R","Defend_R","Bash","Juggernaut","ReplayTheSpireMod:Strike From Hell+1","Inflame+1","infinitespire:OneForAll+1","Self Repair+1","Cleave","WeaponsOverheat+1"],"relics":["Iron Core","Blue Doll","PreservedInsect"],"potions_floor_usage":[16,16],"damage_taken":[{"damage":1,"enemies":"Cultist","floor":1,"turns":4},{"damage":12,"enemies":"2 Louse","floor":2,"turns":3},{"damage":10,"enemies":"Jaw Worm","floor":3,"turns":4},{"damage":16,"enemies":"Blue Slaver","floor":5,"turns":4},{"damage":38,"enemies":"3 Sentries","floor":7,"turns":7},{"damage":4,"enemies":"2 Fungi Beasts","floor":13,"turns":5},{"damage":10,"enemies":"Looter","floor":14,"turns":4},{"damage":71,"enemies":"Fading Forest","floor":16,"turns":10}],"seed_played":"1999075293712652777","potions_obtained":[{"floor":2,"key":"PowerPotion"},{"floor":5,"key":"Adrenaline Potion"}],"is_trial":false,"path_per_floor":["M","M","M","?","M","R","E","R","T","R","$","?","M","M","R","B"],"character_chosen":"IRONCLAD","items_purchased":["PreservedInsect"],"campfire_rested":0,"item_purchase_floors":[11],"current_hp_per_floor":[80,74,70,70,64,64,36,36,36,36,36,36,42,42,42,0],"gold":64,"neow_bonus":"ONE_RANDOM_RARE_CARD","is_prod":false,"is_daily":false,"chose_seed":false,"campfire_upgraded":4,"win_rate":0,"timestamp":1549856199,"path_taken":["M","M","M","?","M","R","E","R","T","R","$","?","?","M","R","BOSS"],"build_version":"2019-01-23","purchased_purges":0,"victory":false,"max_hp_per_floor":[80,80,80,80,80,80,80,80,80,80,80,80,80,80,80,80],"card_choices":[{"not_picked":["Entrench","Thunderclap"],"picked":"ReplayTheSpireMod:Strike From Hell","floor":1},{"not_picked":["Sentinel","Entrench"],"picked":"Inflame","floor":2},{"not_picked":["Pommel Strike","Armaments"],"picked":"infinitespire:OneForAll","floor":3},{"not_picked":["Shockwave","Headbutt"],"picked":"Cleave","floor":5},{"not_picked":["Flex","Clash","Clothesline"],"picked":"SKIP","floor":7},{"not_picked":["Defy Death","Dual Wield","Havoc"],"picked":"SKIP","floor":13},{"not_picked":["Demonic Infusion","Rampage"],"picked":"WeaponsOverheat","floor":14}],"player_experience":686309,"relics_obtained":[{"floor":7,"key":"Blue Doll"}],"event_choices":[{"cards_removed":["Strike_R"],"damage_healed":0,"gold_gain":0,"player_choice":"Purged","damage_taken":0,"max_hp_gain":0,"max_hp_loss":0,"event_name":"Purifier","floor":12,"gold_loss":0}],"is_beta":false,"boss_relics":[],"items_purged_floors":[],"is_endless":false,"potions_floor_spawned":[2,5],"killed_by":"Fading Forest","ascension_level":0}