{"gold_per_floor":[113,113,125,139,155,155,166,177,177,177,193,204,204,129,129,205,205,216,45,65,65,81,81,97,97,124,124,124,137,151,183,183,255,255,266,1265,1265,1310,1326,1326,1344,1357,1357,634,647,647,664,664,664,664],"floor_reached":50,"playtime":1486,"items_purged":["Defend_R"],"score":949,"play_id":"f08c12eb-6e42-4199-8c87-479e9c092893","local_time":"20180627130042","daily_mods":["Heirloom","Allstar","Time Dilation","Vintage"],"is_ascension_mode":true,"campfire_choices":[{"data":"Bandage Up","floor":6,"key":"SMITH"},{"data":"Panache","floor":10,"key":"SMITH"},{"data":"Bash","floor":13,"key":"SMITH"},{"floor":15,"key":"DIG"},{"data":"RitualDagger","floor":23,"key":"SMITH"},{"data":"1","floor":25,"key":"LIFT"},{"data":"2","floor":27,"key":"LIFT"},{"data":"3","floor":32,"key":"LIFT"},{"floor":40,"key":"DIG"},{"floor":46,"key":"DIG"},{"floor":49,"key":"DIG"}],"neow_cost":"","seed_source_timestamp":0,"circlet_count":0,"master_deck":["Strike_R+1","Strike_R+1","Defend_R","Defend_R","Bash+1","AscendersBane","Madness","Panacea","Panache+1","Bandage Up+1","Dramatic Entrance+1","Offering+1","Evolve+1","Shockwave+1","Burning Pact+1","Inflame","Dramatic Entrance","RitualDagger+1","Double Tap+1","Apotheosis+1","Trip+1"],"relics":["Burning Blood","Mango","Lantern","Sundial","Charon\u0027s Ashes","Oddly Smooth Stone","Toolbox","Bronze Scales","Shovel","Art of War","Toxic Egg 2","Pear","Blood Vial","Astrolabe","Whetstone","Regal Pillow","Strawberry","Girya","Pen Nib","Omamori","Calipers","Ornamental Fan","Vajra","Velvet Choker","Bag of Marbles","Gambling Chip","Letter Opener","Paper Frog","Frozen Egg 2","Meat on the Bone","Molten Egg 2","Anchor","Juzu Bracelet","Bottled Flame","Boot","Happy Flower","Blue Candle","Question Card"],"potions_floor_usage":[50,50],"damage_taken":[{"damage":0,"enemies":"Small Slimes","floor":1,"turns":3},{"damage":6,"enemies":"Cultist","floor":3,"turns":3},{"damage":14,"enemies":"Jaw Worm","floor":4,"turns":4},{"damage":16,"enemies":"Looter","floor":5,"turns":4},{"damage":9,"enemies":"2 Fungi Beasts","floor":7,"turns":2},{"damage":0,"enemies":"Gremlin Gang","floor":8,"turns":1},{"damage":2,"enemies":"Large Slime","floor":11,"turns":3},{"damage":0,"enemies":"Exordium Thugs","floor":12,"turns":2},{"damage":66,"enemies":"Slime Boss","floor":16,"turns":8},{"damage":0,"enemies":"3 Byrds","floor":18,"turns":2},{"damage":4,"enemies":"Spheric Guardian","floor":20,"turns":2},{"damage":16,"enemies":"Snake Plant","floor":22,"turns":3},{"damage":4,"enemies":"3 Cultists","floor":24,"turns":2},{"damage":12,"enemies":"Centurion and Healer","floor":29,"turns":3},{"damage":8,"enemies":"Snecko","floor":30,"turns":4},{"damage":13,"enemies":"Gremlin Leader","floor":31,"turns":4},{"damage":29,"enemies":"Champ","floor":33,"turns":5},{"damage":3,"enemies":"3 Darklings","floor":35,"turns":2},{"damage":23,"floor":38,"turns":2},{"damage":0,"enemies":"Orb Walker","floor":39,"turns":1},{"damage":16,"enemies":"Transient","floor":41,"turns":5},{"damage":0,"enemies":"3 Darklings","floor":42,"turns":1},{"damage":9,"enemies":"Maw","floor":45,"turns":3},{"damage":31,"enemies":"Transient","floor":47,"turns":5},{"damage":105,"enemies":"Awakened One","floor":50,"turns":6}],"seed_played":"5197739284401274964","potions_obtained":[{"floor":1,"key":"BloodPotion"},{"floor":4,"key":"SneckoOil"},{"floor":11,"key":"EssenceOfSteel"},{"floor":47,"key":"AttackPotion"}],"is_trial":true,"path_per_floor":["M","?","M","M","M","R","M","M","T","R","M","M","R","?","R","B",null,"M","$","M","?","M","R","M","R","T","R","?","M","M","E","R","B",null,"M","?","?","?","M","R","M","M","T","$","M","R","M","?","R"],"character_chosen":"IRONCLAD","items_purchased":["Inflame","Dramatic Entrance","Anchor","Juzu Bracelet","Bottled Flame","Trip+1"],"campfire_rested":0,"item_purchase_floors":[19,19,44,44,44,44],"current_hp_per_floor":[89,89,89,85,79,79,82,89,89,89,89,89,89,89,99,39,84,98,98,99,93,98,98,106,106,106,106,106,106,106,103,103,88,102,106,106,106,95,103,103,106,106,106,106,103,103,85,85,85,0],"gold":664,"neow_bonus":"","is_prod":false,"is_daily":false,"chose_seed":false,"campfire_upgraded":4,"win_rate":0,"timestamp":1530118842,"path_taken":["M","?","M","M","?","R","M","M","T","R","M","M","R","?","R","BOSS","M","$","?","?","?","R","M","R","T","R","?","?","M","E","R","BOSS","M","?","?","?","M","R","M","M","T","$","M","R","M","?","R","BOSS"],"build_version":"2018-06-26","purchased_purges":1,"victory":false,"max_hp_per_floor":[89,89,89,89,89,89,89,89,89,89,89,89,89,89,99,99,99,99,99,99,99,106,106,106,106,106,106,106,106,106,106,106,106,106,106,106,106,106,106,106,106,106,106,106,106,106,106,106,106,106],"card_choices":[{"not_picked":["Reaper","Barricade"],"picked":"Offering+1","floor":16},{"not_picked":["Searing Blow","True Grit+1","Flex+1"],"picked":"SKIP","floor":31},{"not_picked":["Exhume+1","Fiend Fire"],"picked":"Double Tap+1","floor":33},{"not_picked":["Finesse+1","Master of Strategy+1"],"picked":"Apotheosis+1","floor":37}],"player_experience":576306,"relics_obtained":[{"floor":1,"key":"Lantern"},{"floor":3,"key":"Sundial"},{"floor":4,"key":"Charon\u0027s Ashes"},{"floor":5,"key":"Oddly Smooth Stone"},{"floor":7,"key":"Toolbox"},{"floor":8,"key":"Bronze Scales"},{"floor":9,"key":"Shovel"},{"floor":11,"key":"Art of War"},{"floor":12,"key":"Toxic Egg 2"},{"floor":15,"key":"Pear"},{"floor":16,"key":"Blood Vial"},{"floor":18,"key":"Whetstone"},{"floor":20,"key":"Regal Pillow"},{"floor":22,"key":"Strawberry"},{"floor":24,"key":"Girya"},{"floor":26,"key":"Pen Nib"},{"floor":29,"key":"Omamori"},{"floor":30,"key":"Calipers"},{"floor":31,"key":"Ornamental Fan"},{"floor":33,"key":"Vajra"},{"floor":35,"key":"Bag of Marbles"},{"floor":38,"key":"Gambling Chip"},{"floor":39,"key":"Letter Opener"},{"floor":40,"key":"Paper Frog"},{"floor":41,"key":"Frozen Egg 2"},{"floor":42,"key":"Meat on the Bone"},{"floor":43,"key":"Molten Egg 2"},{"floor":45,"key":"Boot"},{"floor":46,"key":"Happy Flower"},{"floor":47,"key":"Blue Candle"},{"floor":49,"key":"Question Card"}],"event_choices":[{"event_name":"Upgrade Shrine","player_choice":"Upgraded","floor":2,"damage_taken":0},{"event_name":"The Cleric","player_choice":"Card Removal","floor":14,"damage_taken":0},{"event_name":"Nest","player_choice":"Joined the Cult","floor":21,"damage_taken":0},{"event_name":"Ghosts","player_choice":"Ignored","floor":28,"damage_taken":0},{"event_name":"MindBloom","player_choice":"Gold","floor":36,"damage_taken":0},{"event_name":"SensoryStone","player_choice":"Memory 1","floor":37,"damage_taken":0},{"event_name":"Mysterious Sphere","player_choice":"Fight","floor":38,"damage_taken":0},{"event_name":"The Lab","player_choice":"Got Potions","floor":48,"damage_taken":0}],"boss_relics":[{"not_picked":["Lizard Tail","Pandora\u0027s Box"],"picked":"Astrolabe"},{"not_picked":["Fusion Hammer","Runic Cube"],"picked":"Velvet Choker"}],"items_purged_floors":[44],"is_endless":false,"potions_floor_spawned":[1,4,5,11,16,24,30,31,41,42,47],"killed_by":"Awakened One","ascension_level":15}