{"path_per_floor":["M","?","T","$","M","R","M","M","T","E","R","?","R","E","R","B",null,"M","$","M","M","?","R","M","M","T","R","T","M","T","M","R","B",null,"M","?","?","M","M","M","$","R","T","R","$","M","?","M","R"],"character_chosen":"DEFECT","items_purchased":["Coolheaded","Axe Kick","Darkness","Magnetism","Coolheaded"],"gold_per_floor":[143,143,215,167,183,183,202,218,218,251,251,251,251,278,278,378,378,390,261,275,288,213,213,233,251,323,323,347,357,384,398,398,503,503,520,520,520,536,548,559,422,422,495,495,117,133,133,153,153,153],"floor_reached":50,"campfire_rested":3,"playtime":1935,"current_hp_per_floor":[75,75,75,75,74,74,73,72,72,70,70,70,70,60,60,40,75,70,70,55,37,37,37,37,19,19,41,41,46,46,47,47,18,75,63,63,63,70,44,36,36,58,58,58,58,61,61,40,62,0],"items_purged":["Strike_B","Strike_B","Clumsy"],"gold":153,"score":454,"play_id":"796bddd3-66c9-4f73-a237-43caf836b39d","local_time":"20180428200809","is_prod":false,"is_daily":false,"chose_seed":false,"is_ascension_mode":false,"campfire_upgraded":7,"timestamp":1524960489,"path_taken":["M","?","?","$","M","R","?","M","T","E","R","?","R","E","R","BOSS","M","$","M","M","?","R","M","M","T","R","?","M","?","M","R","BOSS","M","?","?","M","M","M","$","R","T","R","$","M","?","M","R","BOSS"],"build_version":"2018-04-27v3","seed_source_timestamp":2404722129303409,"purchased_purges":3,"victory":false,"master_deck":["Strike_B","Defend_B+1","Defend_B","Defend_B","Defend_B","Zap+1","Dualcast+1","Defragment+1","Coolheaded+1","Genetic Algorithm+1","Leap+1","Self Repair+1","Blizzard","Zap+1","All For One+1","Redo+1","Axe Kick+1","Axe Kick+1","Storm+1","Ball Lightning+1","Capacitor+1","Auto Shields+1","Amplify+1","Hologram+1","Darkness+1","Magnetism+1","Coolheaded+1","Jack Of All Trades+1","Force Field+1"],"max_hp_per_floor":[75,75,75,75,75,75,75,75,75,75,75,75,75,75,75,75,75,75,75,75,75,75,75,75,75,75,75,75,75,75,75,75,75,75,75,75,75,75,75,75,75,75,75,75,75,75,75,75,75,75],"relics":["Cracked Core","Tiny Chest","Toxic Egg 2","Frozen Egg 2","Gremlin Horn","Mummified Hand","Philosopher\u0027s Stone","Pantograph","Juzu Bracelet","Orichalcum","Cursed Key","Letter Opener"],"card_choices":[{"not_picked":["Axe Kick","Reprogram"],"picked":"Defragment","floor":1},{"not_picked":["Reinforced Body","Turbo"],"picked":"Genetic Algorithm","floor":5},{"not_picked":["Rebound","Force Field"],"picked":"Leap","floor":7},{"not_picked":["Barrage","Glacier"],"picked":"Self Repair","floor":8},{"not_picked":["Sweeping Beam","Multi-Cast"],"picked":"Blizzard","floor":10},{"not_picked":["Skim","Axe Kick"],"picked":"All For One","floor":14},{"not_picked":["Fission","All For One"],"picked":"Redo","floor":16},{"not_picked":["Streamline","Doom and Gloom"],"picked":"Axe Kick","floor":18},{"not_picked":["Gash","Genetic Algorithm"],"picked":"Storm","floor":21},{"not_picked":["Stack","Leap"],"picked":"Ball Lightning","floor":25},{"not_picked":["Skim","Genetic Algorithm"],"picked":"Capacitor","floor":29},{"not_picked":["Skim","Beam Cell"],"picked":"Auto Shields","floor":31},{"not_picked":["Fission","Seek"],"picked":"Amplify","floor":33},{"not_picked":["Coolheaded","Stack"],"picked":"Hologram","floor":35},{"not_picked":["Dramatic Entrance","Dark Shackles"],"picked":"Jack Of All Trades","floor":47},{"not_picked":["Capacitor","Genetic Algorithm"],"picked":"Force Field","floor":48}],"player_experience":408667,"potions_floor_usage":[25,50,50,50],"damage_taken":[{"damage":0,"enemies":"Small Slimes","floor":1,"turns":3},{"damage":1,"enemies":"Cultist","floor":5,"turns":3},{"damage":1,"enemies":"Jaw Worm","floor":7,"turns":3},{"damage":1,"enemies":"Exordium Wildlife","floor":8,"turns":5},{"damage":9,"enemies":"Lagavulin","floor":10,"turns":7},{"damage":20,"enemies":"Gremlin Nob","floor":14,"turns":5},{"damage":30,"enemies":"The Guardian","floor":16,"turns":11},{"damage":5,"enemies":"Chosen","floor":18,"turns":3},{"damage":25,"enemies":"3 Byrds","floor":20,"turns":4},{"damage":28,"enemies":"Snecko","floor":21,"turns":5},{"damage":10,"enemies":"Sentry and Sphere","floor":24,"turns":5},{"damage":28,"enemies":"Slaver and Parasite","floor":25,"turns":5},{"damage":5,"enemies":"Snecko","floor":29,"turns":4},{"damage":9,"enemies":"Centurion and Healer","floor":31,"turns":4},{"damage":64,"enemies":"Automaton","floor":33,"turns":9},{"damage":32,"enemies":"3 Darklings","floor":35,"turns":4},{"damage":13,"enemies":"Orb Walker","floor":38,"turns":3},{"damage":36,"enemies":"Flame Bruiser 2 Orb","floor":39,"turns":5},{"damage":18,"enemies":"4 Shapes","floor":40,"turns":4},{"damage":17,"enemies":"Maw","floor":46,"turns":6},{"damage":21,"enemies":"Spire Growth","floor":48,"turns":4},{"damage":75,"enemies":"Time Eater","floor":50,"turns":8}],"event_choices":[{"event_name":"Accursed Blacksmith","player_choice":"Forge","floor":2,"damage_taken":0},{"event_name":"Match and Keep!","player_choice":"1 cards matched","floor":12,"damage_taken":0},{"event_name":"Beggar","player_choice":"Gave Gold","floor":22,"damage_taken":0},{"event_name":"The Lab","player_choice":"Got Potions","floor":36,"damage_taken":0},{"event_name":"Mysterious Sphere","player_choice":"Ignore","floor":37,"damage_taken":0},{"event_name":"SensoryStone","player_choice":"Memory 1","floor":47,"damage_taken":0}],"boss_relics":[{"not_picked":["White Beast Statue","Inserter"],"picked":"Philosopher\u0027s Stone"},{"not_picked":["Runic Pyramid","Velvet Choker"],"picked":"Cursed Key"}],"potions_floor_spawned":[5,14,21,24,25,29,35,38,40,46],"seed_played":"-4745484118149808384","killed_by":"Time Eater","ascension_level":0,"is_trial":false}