{"gold_per_floor":[113,131,141,141,101,435,435],"floor_reached":7,"playtime":448,"items_purged":[],"score":97,"play_id":"aacf59f7-aa92-4389-8fc4-800a20ac3b36","local_time":"20190406172042","is_ascension_mode":true,"campfire_choices":[],"neow_cost":"NONE","seed_source_timestamp":7131463687645,"circlet_count":0,"master_deck":["AscendersBane","Strike_R","Strike_R","Strike_R","Strike_R","Strike_R","Defend_R","Defend_R","Defend_R","Defend_R","Bash+1","True Grit","Headbutt","Sentinel","Ghostly Armor"],"relics":["Burning Blood","Old Coin"],"potions_floor_usage":[1,3,6,6,6,7],"damage_taken":[{"damage":12,"enemies":"Jaw Worm","floor":1,"turns":2},{"damage":5,"enemies":"Small Slimes","floor":2,"turns":3},{"damage":0,"enemies":"2 Louse","floor":3,"turns":3},{"damage":5,"enemies":"Looter","floor":5,"turns":4},{"damage":31,"enemies":"Gremlin Nob","floor":6,"turns":4},{"damage":1,"enemies":"Large Slime","floor":7,"turns":5}],"seed_played":"9013625605583313482","potions_obtained":[{"floor":0,"key":"EntropicBrew"},{"floor":0,"key":"Explosive Potion"},{"floor":1,"key":"SpeedPotion"},{"floor":2,"key":"Block Potion"},{"floor":6,"key":"Block Potion"}],"is_trial":false,"path_per_floor":["M","M","M","?","M","E","M"],"character_chosen":"IRONCLAD","items_purchased":[],"campfire_rested":0,"item_purchase_floors":[],"current_hp_per_floor":[62,63,69,69,70,45,44],"gold":435,"neow_bonus":"THREE_SMALL_POTIONS","is_prod":false,"is_daily":false,"chose_seed":false,"campfire_upgraded":0,"win_rate":0,"timestamp":1554564042,"path_taken":["M","M","M","?","M","E","M"],"build_version":"2019-01-23","purchased_purges":0,"victory":false,"max_hp_per_floor":[75,75,75,75,75,75,75],"card_choices":[{"not_picked":["Blood for Blood","Burning Pact"],"picked":"True Grit","floor":1},{"not_picked":["True Grit","Power Through"],"picked":"Headbutt","floor":2},{"not_picked":["Perfected Strike","Body Slam","Hemokinesis"],"picked":"SKIP","floor":3},{"not_picked":["Clash","Clothesline"],"picked":"Sentinel","floor":5},{"not_picked":["Power Through","Havoc"],"picked":"Ghostly Armor","floor":6}],"player_experience":560918,"relics_obtained":[{"floor":6,"key":"Old Coin"}],"event_choices":[{"damage_healed":0,"gold_gain":0,"player_choice":"Grow","damage_taken":0,"max_hp_gain":0,"max_hp_loss":0,"event_name":"Living Wall","floor":4,"gold_loss":0,"cards_upgraded":["Bash"]}],"is_beta":false,"boss_relics":[],"items_purged_floors":[],"is_endless":false,"potions_floor_spawned":[1,2,6],"killed_by":"Large Slime","ascension_level":18}