{"gold_per_floor":[118,118,132,132,157,184,184,213,213,227,240,240,257,274,274,375,375,392,405,405,405,423,423,423,440,440,459,492,492,510,530,530,625,625,641,654,671,64,79,79,105,105,105,5,18,18,34,45,45,45],"floor_reached":51,"playtime":4590,"items_purged":["Strike_G","Strike_G"],"score":742,"play_id":"627e4ba4-1425-471a-bc4d-1f02e454bec7","local_time":"20190915005045","is_ascension_mode":false,"campfire_choices":[{"data":"Dodge and Roll","floor":7,"key":"SMITH"},{"floor":15,"key":"REST"},{"data":"Catalyst","floor":23,"key":"SMITH"},{"data":"Bouncing Flask","floor":29,"key":"SMITH"},{"data":"Catalyst","floor":32,"key":"SMITH"},{"data":"Venomology","floor":40,"key":"SMITH"},{"data":"Night Terror","floor":42,"key":"SMITH"},{"floor":46,"key":"REST"},{"data":"Calculated Gamble","floor":49,"key":"SMITH"}],"neow_cost":"TEN_PERCENT_HP_LOSS","seed_source_timestamp":2489178613034100,"circlet_count":0,"master_deck":["Defend_G","Defend_G","Defend_G","Defend_G","Survivor","Neutralize","Footwork","Dodge and Roll+1","Bouncing Flask+1","Catalyst+1","Defend_R","Venomology+1","Deadly Poison+1","Deadly Poison","Writhe","Choke","Deflect+1","Dodge and Roll+1","Escape Plan+1","Noxious Fumes","Catalyst+1","Night Terror+1","Poisoned Stab+1","Calculated Gamble+1","Crippling Poison+1","Blur","Backstab","Dodge and Roll+1","Dodge and Roll+1"],"relics":["Ring of the Serpent","Ancient Tea Set","Bronze Scales","Question Card","Mercury Hourglass","Eternal Feather","Dream Catcher","Gremlin Horn","Thread and Needle","PreservedInsect","WingedGreaves","Snake Skull","Pear"],"potions_floor_usage":[6,8,19,22,22,24,27,27,30,30,31,33,33,33,36,37,37,39,45,45,45,47,48,48,50,50],"damage_taken":[{"damage":0,"enemies":"Jaw Worm","floor":1,"turns":9},{"damage":0,"enemies":"Cultist","floor":3,"turns":6},{"damage":29,"enemies":"3 Sentries","floor":6,"turns":23},{"damage":12,"enemies":"Gremlin Nob","floor":8,"turns":6},{"damage":0,"enemies":"2 Louse","floor":10,"turns":2},{"damage":0,"enemies":"Red Slaver","floor":11,"turns":6},{"damage":0,"enemies":"Blue Slaver","floor":13,"turns":3},{"damage":0,"enemies":"Gremlin Gang","floor":14,"turns":5},{"damage":37,"enemies":"Slime Boss","floor":16,"turns":11},{"damage":0,"enemies":"Shell Parasite","floor":18,"turns":9},{"damage":0,"enemies":"Chosen","floor":19,"turns":5},{"damage":0,"enemies":"Snake Plant","floor":22,"turns":3},{"damage":2,"enemies":"3 Cultists","floor":24,"turns":3},{"damage":3,"enemies":"Centurion and Healer","floor":25,"turns":7},{"damage":8,"enemies":"Shelled Parasite and Fungi","floor":27,"turns":5},{"damage":12,"enemies":"Slavers","floor":28,"turns":8},{"damage":0,"enemies":"Chosen and Byrds","floor":30,"turns":6},{"damage":0,"enemies":"Snecko","floor":31,"turns":6},{"damage":5,"enemies":"Champ","floor":33,"turns":5},{"damage":33,"enemies":"3 Darklings","floor":35,"turns":7},{"damage":0,"enemies":"3 Shapes","floor":36,"turns":6},{"damage":0,"enemies":"Jaw Worm Horde","floor":37,"turns":7},{"damage":0,"enemies":"Spire Growth","floor":39,"turns":6},{"damage":0,"enemies":"Giant Head","floor":41,"turns":3},{"damage":39,"enemies":"Writhing Mass","floor":45,"turns":4},{"damage":0,"enemies":"4 Shapes","floor":47,"turns":4},{"damage":15,"enemies":"Jaw Worm Horde","floor":48,"turns":5},{"damage":1,"enemies":"Time Eater","floor":50,"turns":4}],"seed_played":"9118159993400716386","potions_obtained":[{"floor":1,"key":"SpeedPotion"},{"floor":6,"key":"PowerPotion"},{"floor":8,"key":"Ancient Potion"},{"floor":14,"key":"FearPotion"},{"floor":19,"key":"Energy Potion"},{"floor":28,"key":"Strength Potion"},{"floor":31,"key":"Regen Potion"},{"floor":35,"key":"EssenceOfSteel"},{"floor":37,"key":"Swift Potion"},{"floor":47,"key":"Dexterity Potion"}],"is_trial":false,"path_per_floor":["M","?","M","$","T","E","R","E","T","M","M","?","M","M","R","B",null,"M","M","?","?","M","R","M","M","T","M","E","R","M","M","R","B",null,"M","M","M","$","M","R","E","R","T","$","M","R","M","M","R","B",null],"character_chosen":"THE_SILENT","items_purchased":["PreservedInsect","WingedGreaves","Blur"],"campfire_rested":2,"item_purchase_floors":[38,38,38],"current_hp_per_floor":[63,63,63,63,63,34,34,22,22,22,22,22,22,22,40,3,63,63,63,63,63,63,63,61,58,58,50,38,50,50,50,62,63,63,30,30,30,30,30,45,45,60,70,70,31,67,67,52,67,66],"gold":45,"neow_bonus":"TRANSFORM_TWO_CARDS","is_prod":false,"is_daily":false,"chose_seed":false,"campfire_upgraded":7,"win_rate":0,"timestamp":1568523045,"path_taken":["M","?","M","$","?","E","R","E","T","M","M","?","M","M","R","BOSS","M","M","?","?","M","R","?","M","T","M","E","R","M","M","R","BOSS","M","M","M","?","?","R","E","R","T","$","M","R","M","M","R","BOSS"],"build_version":"2019-07-17","purchased_purges":2,"victory":true,"max_hp_per_floor":[63,63,63,63,63,63,63,63,63,63,63,63,63,63,63,63,63,63,63,63,63,63,63,63,63,63,63,63,63,63,63,63,63,63,63,63,63,63,63,63,63,63,73,73,73,73,73,73,73,73],"card_choices":[{"not_picked":["Well Laid Plans","Heel Hook"],"picked":"Dodge and Roll","floor":1},{"not_picked":["Finisher","Bane","Prepared"],"picked":"SKIP","floor":3},{"not_picked":["Acrobatics","Calculated Gamble","Predator"],"picked":"SKIP","floor":6},{"not_picked":["Prepared","Poisoned Stab","Sucker Punch"],"picked":"SKIP","floor":8},{"not_picked":["Caltrops","Dodge and Roll","Underhanded Strike"],"picked":"Bouncing Flask","floor":10},{"not_picked":["Outmaneuver","Noxious Fumes","Endless Agony"],"picked":"Catalyst","floor":11},{"not_picked":["Heel Hook","Poisoned Stab","Setup","Skewer"],"picked":"SKIP","floor":13},{"not_picked":["Dagger Spray","Flying Knee","Expertise","All Out Attack"],"picked":"SKIP","floor":14},{"not_picked":["Bullet Time","Wraith Form v2","Glass Knife"],"picked":"Venomology","floor":16},{"not_picked":["Cloak And Dagger","Flying Knee","Bane"],"picked":"Deadly Poison+1","floor":18},{"not_picked":["PiercingWail","Backflip","Finisher"],"picked":"Deadly Poison","floor":19},{"not_picked":["Backstab","Prepared+1","PiercingWail+1","Acrobatics"],"picked":"SKIP","floor":22},{"not_picked":["Blade Dance","Venomology","Quick Slash+1"],"picked":"Deflect+1","floor":25},{"not_picked":["Deflect","Underhanded Strike","Dagger Throw"],"picked":"Dodge and Roll+1","floor":27},{"not_picked":["Quick Slash","Die Die Die","Outmaneuver"],"picked":"Escape Plan+1","floor":28},{"not_picked":["Backflip","Slice+1","Quick Slash"],"picked":"Noxious Fumes","floor":30},{"not_picked":["Backflip+1","Wraith Form v2","Slice"],"picked":"Catalyst","floor":31},{"not_picked":["Doppelganger","Die Die Die","Grand Finale"],"picked":"Night Terror","floor":33},{"not_picked":["All Out Attack+1","Flying Knee+1","PiercingWail"],"picked":"Poisoned Stab+1","floor":35},{"not_picked":["Skewer+1","Bane+1","Acrobatics+1"],"picked":"Calculated Gamble","floor":36},{"not_picked":["Slice+1","Concentrate","Blade Dance"],"picked":"Crippling Poison+1","floor":37},{"not_picked":["Prepared","Quick Slash","Deadly Poison","Dodge and Roll"],"picked":"SKIP","floor":39},{"not_picked":["Cloak And Dagger","Dagger Spray+1","Flying Knee+1"],"picked":"Backstab","floor":41},{"not_picked":["Acrobatics","Quick Slash+1","Infinite Blades","Prepared"],"picked":"SKIP","floor":45},{"not_picked":["Cloak And Dagger+1","Slice","Leg Sweep"],"picked":"Dodge and Roll+1","floor":47},{"not_picked":["Acrobatics+1","Quick Slash","Caltrops"],"picked":"Dodge and Roll+1","floor":48}],"player_experience":476091,"relics_obtained":[{"floor":5,"key":"Ancient Tea Set"},{"floor":6,"key":"Bronze Scales"},{"floor":8,"key":"Question Card"},{"floor":9,"key":"Mercury Hourglass"},{"floor":26,"key":"Gremlin Horn"},{"floor":28,"key":"Thread and Needle"},{"floor":41,"key":"Snake Skull"},{"floor":43,"key":"Pear"}],"event_choices":[{"cards_removed":["Calculated Gamble"],"damage_healed":0,"gold_gain":0,"player_choice":"Offered Uncommon","damage_taken":0,"max_hp_gain":0,"max_hp_loss":0,"event_name":"Bonfire Elementals","floor":2,"gold_loss":0},{"cards_removed":["Defend_G"],"damage_healed":0,"gold_gain":0,"player_choice":"Took Card","damage_taken":0,"max_hp_gain":0,"max_hp_loss":0,"event_name":"NoteForYourself","floor":12,"gold_loss":0,"cards_obtained":["Defend_R"]},{"damage_healed":0,"gold_gain":0,"player_choice":"Opened","damage_taken":0,"relics_obtained":["Dream Catcher"],"max_hp_gain":0,"max_hp_loss":0,"event_name":"The Mausoleum","floor":20,"gold_loss":0,"cards_obtained":["Writhe"]},{"damage_healed":0,"gold_gain":0,"cards_transformed":["Strike_G"],"player_choice":"Transformed","damage_taken":0,"max_hp_gain":0,"max_hp_loss":0,"event_name":"Transmorgrifier","floor":21,"gold_loss":0,"cards_obtained":["Choke"]}],"is_beta":false,"boss_relics":[{"not_picked":["Empty Cage","Orrery"],"picked":"Eternal Feather"},{"not_picked":["Sozu","Runic Dome"],"picked":"Ring of the Serpent"}],"items_purged_floors":[38,44],"is_endless":false,"potions_floor_spawned":[1,6,8,14,18,19,28,31,35,37,47],"ascension_level":0}