{"gold_per_floor":[111,111,132,148,73,111,11,26,51,51,91,116,1,15,15,113,113,131,151,51,51,63,63,121,121,144,144,171,8,34,62,62,138,138,156,156,166,166,181,207,207,241,241,241,241,274,290,68,68,68],"floor_reached":50,"playtime":4207,"items_purged":["Strike_B","Defend_B","Regret"],"score":1342,"play_id":"2292943d-f493-448c-b8ed-7443ccc2e9c4","local_time":"20190820184959","is_ascension_mode":true,"campfire_choices":[{"data":"Go for the Eyes","floor":10.0,"key":"SMITH"},{"data":"Dualcast","floor":15.0,"key":"SMITH"},{"floor":23.0,"key":"REST"},{"data":"White Noise","floor":25,"key":"SMITH"},{"data":"Sunder","floor":32,"key":"SMITH"},{"data":"Rainbow","floor":41,"key":"SMITH"},{"floor":44,"key":"REST"},{"floor":49,"key":"RECALL"}],"neow_cost":"NONE","seed_source_timestamp":544362006176631,"circlet_count":0,"master_deck":["AscendersBane","Strike_B","Strike_B","Defend_B","Defend_B","Defend_B","Zap+1","Dualcast+1","Go for the Eyes+1","White Noise+1","Electrodynamics","FTL+1","Go for the Eyes+1","Beam Cell","FTL","Machine Learning+1","Lockon","Rainbow+1","Compile Driver","FTL","Auto Shields","Ball Lightning","Sunder+1","Stack","Tempest","Machine Learning+1","Force Field","Cold Snap+1","Coolheaded+1","Hologram","BootSequence"],"special_seed":0,"relics":["Cracked Core","Bloody Idol","DataDisk","Regal Pillow","Orichalcum","Busted Crown","Tiny Chest","Strawberry","Lantern","Ancient Tea Set","Whetstone","Gremlin Horn","Cursed Key","Matryoshka","PreservedInsect","Anchor","Vajra"],"potions_floor_usage":[24,24,39,40,42,42,50],"damage_taken":[{"damage":0.0,"enemies":"Cultist","floor":1.0,"turns":4.0},{"damage":4.0,"enemies":"2 Louse","floor":3.0,"turns":3.0},{"damage":2.0,"enemies":"Jaw Worm","floor":4.0,"turns":4.0},{"damage":10.0,"enemies":"Lagavulin","floor":6.0,"turns":5.0},{"damage":14.0,"enemies":"Exordium Wildlife","floor":8.0,"turns":3.0},{"damage":20.0,"enemies":"3 Sentries","floor":11.0,"turns":3.0},{"damage":0.0,"enemies":"Looter","floor":12.0,"turns":3.0},{"damage":3.0,"enemies":"Blue Slaver","floor":14.0,"turns":2.0},{"damage":0.0,"enemies":"Slime Boss","floor":16.0,"turns":6.0},{"damage":2.0,"enemies":"Spheric Guardian","floor":18.0,"turns":3.0},{"damage":18.0,"enemies":"2 Thieves","floor":19.0,"turns":3.0},{"damage":20.0,"enemies":"Snake Plant","floor":22.0,"turns":3.0},{"damage":6,"enemies":"Gremlin Leader","floor":24,"turns":4},{"damage":23,"enemies":"Slavers","floor":28,"turns":2},{"damage":0,"enemies":"Gremlin Leader","floor":31,"turns":3},{"damage":21,"enemies":"Automaton","floor":33,"turns":6},{"damage":6,"enemies":"Orb Walker","floor":35,"turns":3},{"damage":0,"enemies":"3 Shapes","floor":37,"turns":3},{"damage":18,"enemies":"Jaw Worm Horde","floor":39,"turns":3},{"damage":3,"enemies":"Reptomancer","floor":40,"turns":3},{"damage":49,"enemies":"Giant Head","floor":42,"turns":7},{"damage":35,"enemies":"Nemesis","floor":46,"turns":7},{"damage":8,"enemies":"4 Shapes","floor":47,"turns":3},{"damage":21,"enemies":"Awakened One","floor":50,"turns":6}],"seed_played":"6416155419512778592","potions_obtained":[{"floor":1.0,"key":"Poison Potion"},{"floor":3.0,"key":"GamblersBrew"},{"floor":4.0,"key":"PowerPotion"},{"floor":11.0,"key":"FearPotion"},{"floor":16.0,"key":"FearPotion"},{"floor":18.0,"key":"FearPotion"},{"floor":19.0,"key":"AttackPotion"},{"floor":31,"key":"FearPotion"},{"floor":33,"key":"Weak Potion"},{"floor":39,"key":"Strength Potion"},{"floor":40,"key":"Energy Potion"},{"floor":46,"key":"Swift Potion"}],"is_trial":false,"path_per_floor":["M","?","M","M","?","E","$","M","T","R","E","M","$","M","R","B",null,"M","M","$","?","M","R","E","R","T","?","E","$","T","E","R","B",null,"M","?","M","?","M","E","R","E","T","R","?","E","M","$","R","B"],"character_chosen":"DEFECT","items_purchased":["Go for the Eyes","Regen Potion","Lockon","Ancient Tea Set","Energy Potion","BootSequence"],"campfire_rested":2,"item_purchase_floors":[7,13,13,29,48,48],"current_hp_per_floor":[64,64,60,58,58,48,48,34,34,34,14,14,14,11,11,26,55,53,35,35,35,20,54,58,58,70,70,52,52,57,62,62,46,65,64,64,69,69,56,58,58,14,14,50,50,20,17,17,17,0],"gold":68,"neow_bonus":"UPGRADE_CARD","is_prod":false,"is_daily":false,"chose_seed":false,"campfire_upgraded":5,"win_rate":0,"timestamp":1566352199,"path_taken":["M","?","M","M","?","E","?","M","T","R","E","?","$","M","R","BOSS","M","M","$","?","M","R","E","R","T","?","E","$","?","E","R","BOSS","M","?","?","?","?","E","R","E","T","R","?","E","M","$","R","BOSS"],"build_version":"2019-07-17","purchased_purges":3,"victory":false,"max_hp_per_floor":[71,64,64,64,64,64,64,64,64,64,64,64,64,64,64,64,64,64,64,64,64,64,64,64,64,71,71,71,71,71,71,71,71,71,71,71,71,71,71,71,71,71,71,71,71,71,71,71,71,71],"card_choices":[{"not_picked":["Steam","Barrage"],"picked":"Go for the Eyes","floor":1.0},{"not_picked":["Coolheaded","Steam Power"],"picked":"White Noise","floor":3.0},{"not_picked":["White Noise","Go for the Eyes"],"picked":"Electrodynamics","floor":4.0},{"not_picked":["Amplify","Sweeping Beam"],"picked":"FTL","floor":6.0},{"not_picked":["Reinforced Body","Barrage"],"picked":"Beam Cell","floor":8.0},{"not_picked":["Sweeping Beam","Gash"],"picked":"FTL","floor":11.0},{"not_picked":["Barrage","Stack"],"picked":"Machine Learning","floor":12.0},{"not_picked":["Heatsinks","Storm","Rip and Tear"],"picked":"SKIP","floor":14.0},{"not_picked":["Reboot","Machine Learning"],"picked":"Rainbow","floor":16.0},{"not_picked":[],"picked":"Compile Driver","floor":18.0},{"not_picked":[],"picked":"FTL","floor":19.0},{"not_picked":[],"picked":"Auto Shields","floor":22.0},{"not_picked":[],"picked":"Ball Lightning","floor":24},{"not_picked":[],"picked":"Ball Lightning","floor":28},{"not_picked":[],"picked":"Stack","floor":31},{"not_picked":["Aggregate"],"picked":"SKIP","floor":35},{"not_picked":[],"picked":"Tempest","floor":37},{"not_picked":["Cold Snap"],"picked":"SKIP","floor":39},{"not_picked":[],"picked":"Force Field","floor":40},{"not_picked":[],"picked":"Cold Snap+1","floor":42},{"not_picked":[],"picked":"Coolheaded+1","floor":46},{"not_picked":[],"picked":"Hologram","floor":47}],"player_experience":714165,"relics_obtained":[{"floor":6.0,"key":"DataDisk"},{"floor":9.0,"key":"Regal Pillow"},{"floor":11.0,"key":"Orichalcum"},{"floor":24,"key":"Tiny Chest"},{"floor":26,"key":"Strawberry"},{"floor":28,"key":"Lantern"},{"floor":30,"key":"Whetstone"},{"floor":31,"key":"Gremlin Horn"},{"floor":40,"key":"Matryoshka"},{"floor":42,"key":"PreservedInsect"},{"floor":43,"key":"Anchor"},{"floor":46,"key":"Vajra"}],"event_choices":[{"damage_healed":0.0,"max_hp_gain":0.0,"max_hp_loss":7.0,"gold_gain":0.0,"event_name":"Golden Idol","player_choice":"Lose Max HP","floor":2.0,"gold_loss":0.0,"damage_taken":0.0,"relics_obtained":["Golden Idol"]},{"cards_removed":["Strike_B"],"damage_healed":0.0,"max_hp_gain":0.0,"max_hp_loss":0.0,"gold_gain":0.0,"event_name":"The Cleric","player_choice":"Card Removal","floor":5.0,"gold_loss":75.0,"damage_taken":0.0},{"damage_healed":0.0,"max_hp_gain":0.0,"max_hp_loss":0.0,"gold_gain":0.0,"event_name":"Forgotten Altar","player_choice":"Gave Idol","floor":21.0,"relics_lost":["Golden Idol"],"gold_loss":0.0,"damage_taken":0.0,"relics_obtained":["Bloody Idol"]},{"damage_healed":0,"gold_gain":0,"player_choice":"Read","damage_taken":0,"max_hp_gain":0,"max_hp_loss":0,"event_name":"The Library","floor":27,"gold_loss":0,"cards_obtained":["Sunder"]},{"damage_healed":0,"gold_gain":0,"player_choice":"Upgraded","damage_taken":0,"max_hp_gain":0,"max_hp_loss":0,"event_name":"Upgrade Shrine","floor":36,"gold_loss":0,"cards_upgraded":["Machine Learning"]},{"damage_healed":0,"gold_gain":0,"player_choice":"Copied","damage_taken":0,"max_hp_gain":0,"max_hp_loss":0,"event_name":"Duplicator","floor":38,"gold_loss":0,"cards_obtained":["Machine Learning"]},{"cards_removed":["Ball Lightning"],"damage_healed":0,"gold_gain":0,"player_choice":"Removed Attack","damage_taken":0,"max_hp_gain":0,"max_hp_loss":0,"event_name":"Falling","floor":45,"gold_loss":0}],"is_beta":false,"boss_relics":[{"not_picked":["Lizard Tail","Coffee Dripper"],"picked":"Busted Crown"},{"not_picked":["Empty Cage","White Beast Statue"],"picked":"Cursed Key"}],"items_purged_floors":[7,20,48],"is_endless":false,"potions_floor_spawned":[1,3,4,11,16,18,19,31,33,39,40,46],"killed_by":"Awakened One","ascension_level":20}