{"gold_per_floor":[112,187,187,68,78,78,103,116,116,150,150,150,150,167,167,242,242,252,263,274,288,288,288,322,339,339,254,254,282,293,26,26,100,100,113,38,54,0,0,33,33,58,58,113,165,40,40,40,40,40,40,40,40,40,66,66],"floor_reached":57,"playtime":16150,"items_purged":["Defend_P","Strike_P","Strike_P"],"score":3333,"play_id":"ce8f230d-bf39-4266-bee1-e97b3343b93a","local_time":"20190913165020","is_ascension_mode":true,"campfire_choices":[{"data":"Conclude","floor":6.0,"key":"SMITH"},{"data":"DeceiveReality","floor":11.0,"key":"SMITH"},{"data":"1","floor":15.0,"key":"LIFT"},{"data":"2","floor":23.0,"key":"LIFT"},{"data":"3","floor":28.0,"key":"LIFT"},{"data":"Protect","floor":32.0,"key":"SMITH"},{"floor":47.0,"key":"RECALL"},{"floor":49.0,"key":"REST"},{"floor":53.0,"key":"REST"}],"neow_cost":"NONE","seed_source_timestamp":0,"circlet_count":0,"master_deck":["AscendersBane","Strike_P+1","Strike_P+1","Defend_P+1","Eruption+1","Vigilance+1","DeceiveReality+1","Establishment+1","Conclude+1","CutThroughFate+1","EmptyBody+1","Meditate+1","Wallop+1","Protect+1","Sanctity+1","TalkToTheHand+1","Sanctity+1","FlurryOfBlows+1","EmptyMind+1","BattleHymn+1","Adaptation+1","Adaptation+1","Meditate+1","Crescendo+1"],"special_seed":0,"relics":["PureWater","NeowsBlessing","Kunai","Pen Nib","Girya","CaptainsWheel","Sozu","Calipers","Mercury Hourglass","FossilizedHelix","Omamori","Bag of Preparation","Black Star","Red Mask","Juzu Bracelet","MealTicket","War Paint","Toxic Egg 2","Vajra","Ginger","Centennial Puzzle","Mark of the Bloom","Strawberry","Mummified Hand"],"potions_floor_usage":[],"damage_taken":[{"damage":0.0,"enemies":"Small Slimes","floor":1.0,"turns":1.0},{"damage":0.0,"enemies":"Jaw Worm","floor":5.0,"turns":1.0},{"damage":0.0,"enemies":"3 Sentries","floor":7.0,"turns":1.0},{"damage":0.0,"enemies":"2 Louse","floor":8.0,"turns":2.0},{"damage":5.0,"enemies":"Lagavulin","floor":10.0,"turns":7.0},{"damage":0.0,"enemies":"2 Fungi Beasts","floor":14.0,"turns":2.0},{"damage":2.0,"enemies":"The Guardian","floor":16.0,"turns":9.0},{"damage":0.0,"enemies":"Chosen","floor":18.0,"turns":5.0},{"damage":8.0,"enemies":"2 Thieves","floor":19.0,"turns":3.0},{"damage":0.0,"enemies":"Cultist and Chosen","floor":20.0,"turns":8.0},{"damage":0.0,"enemies":"Centurion and Healer","floor":21.0,"turns":4.0},{"damage":3.0,"enemies":"Gremlin Leader","floor":24.0,"turns":6.0},{"damage":0.0,"enemies":"Sentry and Sphere","floor":25.0,"turns":6.0},{"damage":0.0,"enemies":"Book of Stabbing","floor":29.0,"turns":5.0},{"damage":0.0,"enemies":"3 Cultists","floor":30.0,"turns":3.0},{"damage":0.0,"enemies":"Champ","floor":33.0,"turns":13.0},{"damage":0.0,"enemies":"3 Shapes","floor":35.0,"turns":6.0},{"damage":0.0,"enemies":"3 Darklings","floor":37.0,"turns":3.0},{"damage":0.0,"enemies":"Reptomancer","floor":40.0,"turns":7.0},{"damage":0.0,"enemies":"Giant Head","floor":42.0,"turns":3.0},{"damage":17.0,"enemies":"2 Orb Walkers","floor":44.0,"turns":7.0},{"damage":0.0,"enemies":"Awakened One","floor":50.0,"turns":6.0},{"damage":0.0,"enemies":"Time Eater","floor":51.0,"turns":14.0},{"damage":0,"enemies":"Shield and Spear","floor":55,"turns":2},{"damage":20,"enemies":"The Heart","floor":56,"turns":7}],"seed_played":"-6198067808507182923","potions_obtained":[{"floor":1.0,"key":"PowerPotion"},{"floor":8.0,"key":"SkillPotion"},{"floor":14.0,"key":"Regen Potion"}],"is_trial":false,"path_per_floor":["M","?","T","$","M","R","E","M","T","E","R","?","?","M","R","B",null,"M","M","M","M","?","R","E","M","T","?","R","E","M","$","R","B",null,"M","$","M","?","?","E","?","E","T","?","T","$","R","?","R","B","B",null,"R","$","E","B",null],"character_chosen":"WATCHER","items_purchased":["Establishment","Bag of Preparation","Adaptation"],"campfire_rested":2,"item_purchase_floors":[4,31,36],"current_hp_per_floor":[55,44,44,44,44,44,44,44,44,39,39,21,21,21,21,19,51,51,43,43,43,43,43,40,40,40,40,40,40,40,40,40,40,56,56,56,56,56,56,56,56,56,56,39,39,54,54,54,54,54,54,54,54,54,54,34],"gold":66,"neow_bonus":"THREE_ENEMY_KILL","is_prod":false,"is_daily":false,"chose_seed":false,"campfire_upgraded":3,"win_rate":0,"timestamp":1568418620,"path_taken":["M","?","?","$","M","R","E","M","T","E","R","?","?","M","R","BOSS","M","M","M","M","?","R","E","?","T","?","R","E","M","?","R","BOSS","M","$","M","?","?","E","?","E","T","?","?","?","R","?","R","BOSS","BOSS","R","$","E","BOSS"],"build_version":"2019-09-12","purchased_purges":3,"victory":true,"max_hp_per_floor":[61,61,61,61,61,61,61,61,61,61,61,61,61,61,61,61,61,61,61,61,61,61,61,61,61,61,61,61,61,61,61,61,61,61,61,61,61,61,58,58,58,58,58,58,58,58,58,58,58,58,58,58,58,58,65,65],"card_choices":[{"not_picked":["FollowUp","CutThroughFate"],"picked":"DeceiveReality","floor":1.0},{"not_picked":["PathToVictory","Crescendo"],"picked":"Conclude","floor":5.0},{"not_picked":["Consecrate","Halt"],"picked":"Metaphysics","floor":7.0},{"not_picked":["EmptyMind","EmptyBody"],"picked":"CutThroughFate","floor":8.0},{"not_picked":["WreathOfFlame","Consecrate"],"picked":"EmptyBody","floor":10.0},{"not_picked":["InnerPeace","CrushJoints"],"picked":"Meditate","floor":14.0},{"not_picked":["Pray","Metaphysics"],"picked":"Wallop","floor":16.0},{"not_picked":["Consecrate","Worship+1"],"picked":"Protect","floor":18.0},{"not_picked":["Weave","Tantrum"],"picked":"Sanctity","floor":19.0},{"not_picked":["BowlingBash","Halt+1"],"picked":"TalkToTheHand+1","floor":20.0},{"not_picked":["ThirdEye","BowlingBash","EmptyBody"],"picked":"SKIP","floor":21.0},{"not_picked":["PathToVictory","Evaluate","EmptyMind"],"picked":"SKIP","floor":24.0},{"not_picked":["ThirdEye","ForeignInfluence"],"picked":"FlurryOfBlows","floor":25.0},{"not_picked":["CarveReality","Perseverance"],"picked":"EmptyMind","floor":29.0},{"not_picked":["Sanctity","EmptyBody","Metaphysics"],"picked":"SKIP","floor":30.0},{"not_picked":["ReachHeaven","Metaphysics"],"picked":"BattleHymn","floor":33.0},{"not_picked":["Weave","TalkToTheHand+1"],"picked":"Adaptation+1","floor":35.0},{"not_picked":["Halt","FearNoEvil"],"picked":"Meditate","floor":37.0},{"not_picked":["Conclude","WaveOfTheHand","JustLucky"],"picked":"SKIP","floor":40.0},{"not_picked":["BattleHymn","EmptyFist","Establishment"],"picked":"SKIP","floor":42.0},{"not_picked":["FearNoEvil","Fasting"],"picked":"Crescendo+1","floor":44.0},{"not_picked":["Worship+1","TalkToTheHand","Weave"],"picked":"SKIP","floor":55}],"player_experience":1026773,"relics_obtained":[{"floor":3.0,"key":"Kunai"},{"floor":7.0,"key":"Pen Nib"},{"floor":9.0,"key":"Girya"},{"floor":10.0,"key":"CaptainsWheel"},{"floor":24.0,"key":"Calipers"},{"floor":26.0,"key":"Mercury Hourglass"},{"floor":29.0,"key":"Omamori"},{"floor":40.0,"key":"Juzu Bracelet"},{"floor":40.0,"key":"MealTicket"},{"floor":42.0,"key":"Toxic Egg 2"},{"floor":42.0,"key":"Vajra"},{"floor":44.0,"key":"Ginger"},{"floor":45.0,"key":"Centennial Puzzle"},{"floor":55,"key":"Strawberry"},{"floor":55,"key":"Mummified Hand"}],"event_choices":[{"damage_healed":0.0,"max_hp_gain":0.0,"max_hp_loss":0.0,"gold_gain":75.0,"event_name":"World of Goop","player_choice":"Gather Gold","floor":2.0,"gold_loss":0.0,"damage_taken":11.0},{"damage_healed":0.0,"max_hp_gain":0.0,"max_hp_loss":0.0,"gold_gain":0.0,"event_name":"Shining Light","player_choice":"Entered Light","floor":12.0,"gold_loss":0.0,"damage_taken":18.0,"cards_upgraded":["Strike_P","Defend_P"]},{"cards_removed":["Defend_P"],"damage_healed":0.0,"max_hp_gain":0.0,"max_hp_loss":0.0,"gold_gain":0.0,"event_name":"Living Wall","player_choice":"Forget","floor":13.0,"gold_loss":0.0,"damage_taken":0.0},{"damage_healed":0.0,"max_hp_gain":0.0,"max_hp_loss":0.0,"gold_gain":0.0,"cards_transformed":["Defend_P"],"event_name":"Transmorgrifier","player_choice":"Transformed","floor":22.0,"gold_loss":0.0,"damage_taken":0.0,"cards_obtained":["Sanctity"]},{"damage_healed":0.0,"max_hp_gain":0.0,"max_hp_loss":0.0,"gold_gain":0.0,"event_name":"Addict","player_choice":"Obtained Relic","floor":27.0,"gold_loss":85.0,"damage_taken":0.0,"relics_obtained":["FossilizedHelix"]},{"damage_healed":0.0,"max_hp_gain":0.0,"max_hp_loss":0.0,"gold_gain":0.0,"event_name":"Tomb of Lord Red Mask","player_choice":"Paid","floor":38.0,"gold_loss":54.0,"damage_taken":0.0,"relics_obtained":["Red Mask"]},{"damage_healed":0.0,"max_hp_gain":0.0,"max_hp_loss":3.0,"gold_gain":0.0,"event_name":"Winding Halls","player_choice":"Max HP","floor":39.0,"gold_loss":0.0,"damage_taken":0.0},{"cards_removed":["Metaphysics"],"damage_healed":0.0,"max_hp_gain":0.0,"max_hp_loss":0.0,"gold_gain":0.0,"event_name":"WeMeetAgain","player_choice":"Gave Card","floor":41.0,"gold_loss":0.0,"damage_taken":0.0,"relics_obtained":["War Paint"]},{"damage_healed":0.0,"max_hp_gain":0.0,"max_hp_loss":0.0,"gold_gain":0.0,"event_name":"Mysterious Sphere","player_choice":"Fight","floor":44.0,"gold_loss":0.0,"damage_taken":0.0},{"damage_healed":0.0,"max_hp_gain":0.0,"max_hp_loss":0.0,"gold_gain":0.0,"event_name":"MindBloom","player_choice":"Upgrade","floor":48.0,"gold_loss":0.0,"damage_taken":0.0,"cards_upgraded":["Strike_P","Eruption","Vigilance","Establishment","CutThroughFate","Meditate","Wallop","Sanctity","Sanctity","FlurryOfBlows","BattleHymn","Adaptation","Meditate"],"relics_obtained":["Mark of the Bloom"]}],"is_beta":true,"boss_relics":[{"not_picked":["Astrolabe","Runic Pyramid"],"picked":"Sozu"},{"not_picked":["Pandora\u0027s Box","Tiny House"],"picked":"Black Star"}],"items_purged_floors":[4,31,46],"is_endless":false,"potions_floor_spawned":[1,8,10,14,20,21,30,33,40,44,55],"ascension_level":20}