{"gold_per_floor":[115,290,290,304,139,139,172,172,247,266,266,276,180,207,207,306,306,321,321,340,356,276,276],"floor_reached":23,"playtime":532,"items_purged":["Doubt","Strike_R"],"score":224,"play_id":"69f0787a-5f66-4f67-855c-2780d2754559","local_time":"20190720233037","is_ascension_mode":false,"campfire_choices":[{"data":"Perfected Strike","floor":6,"key":"SMITH"},{"data":"Swift Strike","floor":8,"key":"SMITH"},{"data":"Enlightenment","floor":15,"key":"SMITH"}],"neow_cost":"NONE","seed_source_timestamp":1240392724773230,"circlet_count":0,"master_deck":["Strike_R","Strike_R","Strike_R","Strike_R","Defend_R","Defend_R","Defend_R","Defend_R","Bash","Exhume","Perfected Strike+1","Wild Strike","Swift Strike+1","Perfected Strike","Enlightenment+1","Wild Strike+1","True Grit+1","Wild Strike"],"relics":["Burning Blood","Pear","Gambling Chip","The Courier","Singing Bowl","Ancient Tea Set","Black Star"],"potions_floor_usage":[16,23],"damage_taken":[{"damage":2,"enemies":"2 Louse","floor":1,"turns":3},{"damage":11,"enemies":"Jaw Worm","floor":4,"turns":3},{"damage":40,"enemies":"3 Sentries","floor":7,"turns":6},{"damage":0,"enemies":"Cultist","floor":10,"turns":2},{"damage":0,"enemies":"Looter","floor":12,"turns":1},{"damage":31,"enemies":"Lagavulin","floor":14,"turns":4},{"damage":35,"enemies":"The Guardian","floor":16,"turns":7},{"damage":10,"enemies":"Chosen","floor":18,"turns":3},{"damage":0,"enemies":"Spheric Guardian","floor":20,"turns":3},{"damage":36,"enemies":"Snake Plant","floor":21,"turns":4},{"damage":66,"enemies":"Book of Stabbing","floor":23,"turns":5}],"seed_played":"1572768137465265888","potions_obtained":[{"floor":7,"key":"Weak Potion"},{"floor":10,"key":"Block Potion"},{"floor":14,"key":"SteroidPotion"},{"floor":21,"key":"Ancient Potion"}],"is_trial":false,"path_per_floor":["M","?","?","M","$","R","E","R","T","M","?","M","$","E","R","B",null,"M","?","M","M","$","E"],"character_chosen":"IRONCLAD","items_purchased":["Swift Strike","Perfected Strike","Enlightenment"],"campfire_rested":0,"item_purchase_floors":[5,13,13],"current_hp_per_floor":[80,80,87,82,82,82,48,48,48,54,54,62,62,39,39,12,96,92,92,96,66,66,0],"gold":276,"neow_bonus":"ONE_RANDOM_RARE_CARD","is_prod":false,"is_daily":false,"chose_seed":false,"campfire_upgraded":3,"win_rate":0,"timestamp":1563679837,"path_taken":["M","?","?","M","?","R","E","R","T","M","?","?","$","E","R","BOSS","M","?","M","M","$","E"],"build_version":"2019-07-17","purchased_purges":2,"victory":false,"max_hp_per_floor":[80,80,90,90,90,90,90,90,90,90,90,92,92,94,94,96,96,96,96,96,96,96,96],"card_choices":[{"not_picked":["Headbutt","Searing Blow"],"picked":"Perfected Strike","floor":1},{"not_picked":["Blood for Blood","Iron Wave"],"picked":"Wild Strike","floor":4},{"not_picked":["Feel No Pain","Sentinel","Whirlwind"],"picked":"SKIP","floor":7},{"not_picked":["Headbutt","Havoc","Fire Breathing"],"picked":"SKIP","floor":10},{"not_picked":["Headbutt","Havoc","Fire Breathing"],"picked":"SKIP","floor":10},{"not_picked":["Havoc","Heavy Blade","Warcry"],"picked":"Singing Bowl","floor":12},{"not_picked":["Infernal Blade","Berserk","Clothesline"],"picked":"Singing Bowl","floor":14},{"not_picked":["Fiend Fire","Berserk","Dark Embrace"],"picked":"Singing Bowl","floor":16},{"not_picked":["Heavy Blade","Body Slam"],"picked":"Wild Strike+1","floor":18},{"not_picked":["Anger","Second Wind+1"],"picked":"True Grit+1","floor":20},{"not_picked":["Clothesline","Anger"],"picked":"Wild Strike","floor":21}],"player_experience":749352,"relics_obtained":[{"floor":7,"key":"Gambling Chip"},{"floor":9,"key":"The Courier"},{"floor":14,"key":"Ancient Tea Set"}],"event_choices":[{"damage_healed":0,"gold_gain":175,"player_choice":"AGREE","damage_taken":0,"max_hp_gain":0,"max_hp_loss":0,"event_name":"Liars Game","floor":2,"gold_loss":0,"cards_obtained":["Doubt"]},{"damage_healed":0,"gold_gain":0,"player_choice":"Success","damage_taken":3,"relics_obtained":["Pear"],"max_hp_gain":0,"max_hp_loss":0,"event_name":"Scrap Ooze","floor":3,"gold_loss":0},{"damage_healed":0,"gold_gain":0,"player_choice":"Gave Potion","damage_taken":0,"relics_obtained":["Singing Bowl"],"max_hp_gain":0,"max_hp_loss":0,"event_name":"WeMeetAgain","floor":11,"gold_loss":0},{"damage_healed":0,"gold_gain":0,"player_choice":"Ignored","damage_taken":0,"max_hp_gain":0,"max_hp_loss":0,"event_name":"N\u0027loth","floor":19,"gold_loss":0}],"is_beta":false,"boss_relics":[{"not_picked":["White Beast Statue","Calling Bell"],"picked":"Black Star"}],"items_purged_floors":[5,22],"is_endless":false,"potions_floor_spawned":[7,10,14,21],"killed_by":"Book of Stabbing","ascension_level":0}