{"gold_per_floor":[115,134,134,153,153,182,192,226,226,226,255,274,284,297,297,398,398,408,408,434,451,451,478,493,493,568,587,587,605,605,623,623,726,726,745,214,214,254,268,302,302,319,319,319,100,13,49,49,49,49],"floor_reached":51,"playtime":3320,"items_purged":["Strike_R"],"score":721,"play_id":"518b2770-1e60-450c-939c-a662eb20a181","local_time":"20190912042426","is_ascension_mode":false,"campfire_choices":[{"floor":10,"key":"REST"},{"data":"Infernal Blade","floor":15,"key":"SMITH"},{"floor":25,"key":"REST"},{"data":"Double Tap","floor":30,"key":"SMITH"},{"data":"Metallicize","floor":32,"key":"SMITH"},{"floor":41,"key":"REST"},{"data":"Transmutation","floor":44,"key":"SMITH"},{"floor":49,"key":"REST"}],"neow_cost":"NONE","seed_source_timestamp":2244085633303400,"circlet_count":0,"master_deck":["Strike_R","Strike_R","Strike_R","Defend_R","Defend_R","Defend_R","Defend_R","Bash","Infernal Blade+1","Flex","Spot Weakness","Metallicize","Metallicize+1","Double Tap+1","Iron Wave+1","Uppercut+1","Flex+1","Spot Weakness","Whirlwind","Body Slam","Reaper","Transmutation","Transmutation+1","Pain","Dual Wield+1","Rage+1","Anger+1","Feel No Pain"],"relics":["Sozu","FaceOfCleric","Happy Flower","Bag of Marbles","Meat on the Bone","Paper Frog","Lizard Tail","Nilry\u0027s Codex","Red Mask","Bronze Scales","Gremlin Horn","Black Star","Lantern","DollysMirror","WarpedTongs","Peace Pipe","Omamori","Red Skull","Blood Vial","Pantograph"],"potions_floor_usage":[],"damage_taken":[{"damage":0,"enemies":"2 Louse","floor":1,"turns":2},{"damage":0,"enemies":"Cultist","floor":2,"turns":2},{"damage":1,"enemies":"Jaw Worm","floor":4,"turns":2},{"damage":38,"enemies":"Lagavulin","floor":6,"turns":8},{"damage":6,"enemies":"Exordium Wildlife","floor":7,"turns":2},{"damage":24,"enemies":"Gremlin Nob","floor":8,"turns":4},{"damage":18,"enemies":"3 Sentries","floor":11,"turns":7},{"damage":4,"enemies":"3 Louse","floor":12,"turns":2},{"damage":2,"enemies":"Lots of Slimes","floor":13,"turns":4},{"damage":5,"enemies":"Blue Slaver","floor":14,"turns":3},{"damage":32,"enemies":"Hexaghost","floor":16,"turns":9},{"damage":10,"enemies":"Shell Parasite","floor":18,"turns":5},{"damage":27,"enemies":"Masked Bandits","floor":20,"turns":6},{"damage":3,"enemies":"3 Byrds","floor":21,"turns":25},{"damage":13,"enemies":"Book of Stabbing","floor":23,"turns":6},{"damage":9,"enemies":"Centurion and Healer","floor":24,"turns":4},{"damage":7,"enemies":"Snake Plant","floor":27,"turns":4},{"damage":0,"enemies":"3 Cultists","floor":29,"turns":2},{"damage":0,"enemies":"Chosen and Byrds","floor":31,"turns":1},{"damage":41,"enemies":"Collector","floor":33,"turns":8},{"damage":4,"enemies":"Orb Walker","floor":35,"turns":3},{"damage":10,"enemies":"3 Shapes","floor":38,"turns":6},{"damage":76,"enemies":"Transient","floor":39,"turns":5},{"damage":47,"enemies":"Reptomancer","floor":40,"turns":6},{"damage":10,"enemies":"Maw","floor":42,"turns":6},{"damage":4,"enemies":"Jaw Worm Horde","floor":47,"turns":3},{"damage":58,"enemies":"Awakened One","floor":50,"turns":9}],"seed_played":"1487216492107789211","potions_obtained":[],"is_trial":false,"path_per_floor":["M","M","?","M","?","E","M","E","T","R","E","M","M","M","R","B",null,"M","?","?","M","?","E","M","R","T","M","?","M","R","M","R","B",null,"M","$","?","M","M","E","R","M","T","R","$","?","M","$","R","B",null],"character_chosen":"IRONCLAD","items_purchased":["Lantern","Transmutation","DollysMirror","Blood Vial"],"campfire_rested":4,"item_purchase_floors":[36,36,36,45],"current_hp_per_floor":[80,80,80,80,80,43,38,15,15,40,35,44,55,51,51,32,89,80,64,50,48,48,48,52,80,80,74,74,75,75,76,76,48,98,95,95,95,86,37,63,93,89,89,89,89,89,88,88,104,59],"gold":49,"neow_bonus":"BOSS_RELIC","is_prod":false,"is_daily":false,"chose_seed":false,"campfire_upgraded":4,"win_rate":0,"timestamp":1568276666,"path_taken":["M","M","?","?","?","E","M","E","T","R","E","M","?","M","R","BOSS","M","?","?","M","?","E","M","R","T","?","?","M","R","M","R","BOSS","M","$","?","?","M","E","R","M","T","R","$","?","M","?","R","BOSS"],"build_version":"2019-07-17","purchased_purges":1,"victory":true,"max_hp_per_floor":[80,80,80,81,81,82,83,84,84,84,85,86,87,88,88,89,89,90,90,91,92,92,93,94,94,94,95,95,96,96,97,97,98,98,99,99,99,100,101,102,102,103,103,103,103,103,104,104,104,105],"card_choices":[{"not_picked":["Hemokinesis","Twin Strike"],"picked":"Infernal Blade","floor":1},{"not_picked":["Anger","Shrug It Off"],"picked":"Flex","floor":2},{"not_picked":["Rampage","Wild Strike"],"picked":"Spot Weakness","floor":4},{"not_picked":["Blood for Blood","Pommel Strike","Searing Blow"],"picked":"SKIP","floor":6},{"not_picked":["Headbutt","True Grit"],"picked":"Metallicize","floor":7},{"not_picked":["Havoc","Cleave"],"picked":"Metallicize","floor":8},{"not_picked":["Rampage","Berserk","Pommel Strike"],"picked":"SKIP","floor":11},{"not_picked":["Second Wind","Flame Barrier","Disarm"],"picked":"SKIP","floor":12},{"not_picked":["Seeing Red","Headbutt","Anger"],"picked":"SKIP","floor":13},{"not_picked":["Perfected Strike","Sword Boomerang","Pommel Strike"],"picked":"SKIP","floor":14},{"not_picked":["Feed","Immolate"],"picked":"Double Tap","floor":16},{"not_picked":["True Grit","Warcry"],"picked":"Iron Wave+1","floor":18},{"not_picked":["Heavy Blade","Clothesline"],"picked":"Uppercut+1","floor":20},{"not_picked":["Entrench","Perfected Strike"],"picked":"Flex+1","floor":21},{"not_picked":["Combust+1","Evolve+1"],"picked":"Spot Weakness","floor":23},{"not_picked":["Rupture","Fire Breathing","Sever Soul"],"picked":"SKIP","floor":24},{"not_picked":["Headbutt","Twin Strike","Seeing Red"],"picked":"SKIP","floor":27},{"not_picked":["Havoc","Sentinel"],"picked":"Body Slam","floor":29},{"not_picked":["Body Slam","Perfected Strike+1","Battle Trance"],"picked":"SKIP","floor":31},{"not_picked":["Dark Embrace","Offering"],"picked":"Reaper","floor":33},{"not_picked":["Sentinel","Shrug It Off","Twin Strike+1"],"picked":"SKIP","floor":35},{"not_picked":["Body Slam+1","True Grit","Second Wind"],"picked":"SKIP","floor":38},{"not_picked":["Wild Strike+1","Headbutt+1"],"picked":"Dual Wield+1","floor":39},{"not_picked":["Fire Breathing","Seeing Red"],"picked":"Rage+1","floor":40},{"not_picked":["Body Slam+1","Twin Strike+1"],"picked":"Anger+1","floor":42},{"not_picked":["Power Through+1","Blood for Blood+1"],"picked":"Feel No Pain","floor":47}],"player_experience":381840,"relics_obtained":[{"floor":6,"key":"Happy Flower"},{"floor":8,"key":"Bag of Marbles"},{"floor":9,"key":"Meat on the Bone"},{"floor":11,"key":"Paper Frog"},{"floor":19,"key":"Nilry\u0027s Codex"},{"floor":20,"key":"Red Mask"},{"floor":23,"key":"Bronze Scales"},{"floor":26,"key":"Gremlin Horn"},{"floor":40,"key":"Peace Pipe"},{"floor":40,"key":"Omamori"},{"floor":43,"key":"Red Skull"}],"event_choices":[{"damage_healed":0,"gold_gain":0,"player_choice":"Trade","damage_taken":0,"relics_obtained":["FaceOfCleric"],"max_hp_gain":0,"max_hp_loss":0,"event_name":"FaceTrader","floor":3,"gold_loss":0},{"damage_healed":0,"gold_gain":0,"player_choice":"Bought 0 Potions","damage_taken":0,"max_hp_gain":0,"max_hp_loss":0,"event_name":"The Woman in Blue","floor":5,"gold_loss":0},{"damage_healed":0,"gold_gain":0,"player_choice":"Obtained Book","damage_taken":16,"max_hp_gain":0,"max_hp_loss":0,"event_name":"Cursed Tome","floor":19,"gold_loss":0},{"damage_healed":0,"gold_gain":0,"player_choice":"Fought Bandits","damage_taken":0,"max_hp_gain":0,"max_hp_loss":0,"event_name":"Masked Bandits","floor":20,"gold_loss":0},{"damage_healed":0,"gold_gain":0,"player_choice":"Got Potions","damage_taken":0,"max_hp_gain":0,"max_hp_loss":0,"event_name":"Lab","floor":22,"gold_loss":0},{"damage_healed":0,"gold_gain":0,"cards_transformed":["Strike_R"],"player_choice":"Transformed","damage_taken":0,"max_hp_gain":0,"max_hp_loss":0,"event_name":"Transmorgrifier","floor":28,"gold_loss":0,"cards_obtained":["Whirlwind"]},{"damage_healed":0,"gold_gain":0,"player_choice":"Rummage","damage_taken":0,"relics_obtained":["WarpedTongs"],"max_hp_gain":0,"max_hp_loss":0,"event_name":"Accursed Blacksmith","floor":37,"gold_loss":0,"cards_obtained":["Pain"]},{"damage_healed":0,"gold_gain":0,"player_choice":"Paid Gold","damage_taken":0,"relics_obtained":["Pantograph"],"max_hp_gain":0,"max_hp_loss":0,"event_name":"WeMeetAgain","floor":46,"gold_loss":87}],"is_beta":false,"boss_relics":[{"not_picked":["Calling Bell","Tiny House"],"picked":"Lizard Tail"},{"not_picked":["Empty Cage","Philosopher\u0027s Stone"],"picked":"Black Star"}],"items_purged_floors":[45],"is_endless":false,"potions_floor_spawned":[1,4,6,7,12,18,21,23,24,33,35,40,42],"ascension_level":0}