{"gold_per_floor":[119,119,131,151,40,66,66,66,66,79,92,122,122,151,151,248,248,268,284,298,313,325,325,335,335,335,335,335,165,90,101,101,101],"floor_reached":33,"playtime":2995,"items_purged":["Defend_R","Regret"],"score":429,"play_id":"86053a77-04c7-4bf9-ae91-7d33de1b97e7","local_time":"20190314114346","is_ascension_mode":true,"campfire_choices":[{"data":"True Grit","floor":7,"key":"SMITH"},{"data":"Offering","floor":13,"key":"SMITH"},{"data":"Madness","floor":15,"key":"SMITH"},{"data":"Double Tap","floor":23,"key":"SMITH"},{"data":"Warcry","floor":25,"key":"SMITH"},{"data":"Feel No Pain","floor":27,"key":"SMITH"},{"data":"Inflame","floor":32,"key":"SMITH"}],"neow_cost":"NONE","seed_source_timestamp":10909241707607,"circlet_count":0,"master_deck":["AscendersBane","Strike_R","Strike_R","Strike_R","Strike_R","Strike_R","Defend_R","Defend_R","Bash+1","Perfected Strike+1","True Grit+1","Perfected Strike","Feel No Pain+1","Pommel Strike","Madness+1","Ghostly Armor","Flame Barrier","Offering+1","Perfected Strike","Headbutt","Double Tap+1","Havoc","Warcry+1","True Grit+1","Metallicize","Anger+1","Ghostly","Ghostly","Ghostly","Ghostly","Ghostly","Inflame+1"],"relics":["Burning Blood","Matryoshka","Dream Catcher","Dodecahedron","Mango","Pear","Cursed Key","Blood Vial","Mummified Hand"],"potions_floor_usage":[12,33,33],"damage_taken":[{"damage":12,"enemies":"Small Slimes","floor":1,"turns":4},{"damage":4,"enemies":"2 Louse","floor":3,"turns":3},{"damage":1,"enemies":"Cultist","floor":4,"turns":3},{"damage":12,"enemies":"3 Sentries","floor":6,"turns":12},{"damage":23,"enemies":"Gremlin Gang","floor":10,"turns":6},{"damage":3,"enemies":"Blue Slaver","floor":11,"turns":3},{"damage":13,"enemies":"Lagavulin","floor":12,"turns":6},{"damage":22,"enemies":"Gremlin Nob","floor":14,"turns":3},{"damage":17,"enemies":"Slime Boss","floor":16,"turns":8},{"damage":6,"enemies":"Chosen","floor":18,"turns":3},{"damage":12,"enemies":"3 Byrds","floor":19,"turns":4},{"damage":17,"enemies":"Cultist and Chosen","floor":20,"turns":5},{"damage":14,"enemies":"Centurion and Healer","floor":21,"turns":5},{"damage":13,"enemies":"Sentry and Sphere","floor":22,"turns":4},{"damage":6,"enemies":"Snecko","floor":24,"turns":2},{"damage":6,"enemies":"Shelled Parasite and Fungi","floor":31,"turns":3},{"damage":67,"enemies":"Champ","floor":33,"turns":10}],"seed_played":"-7378426094839665283","potions_obtained":[{"floor":10,"key":"Weak Potion"},{"floor":12,"key":"Ancient Potion"},{"floor":14,"key":"Regen Potion"},{"floor":16,"key":"FairyPotion"},{"floor":18,"key":"SpeedPotion"},{"floor":22,"key":"EssenceOfSteel"},{"floor":31,"key":"SkillPotion"}],"is_trial":false,"path_per_floor":["M","?","M","M","$","E","R","?","T","M","M","E","R","E","R","B",null,"M","M","M","M","M","R","M","R","T","R","?","$","?","M","R","B"],"character_chosen":"IRONCLAD","items_purchased":["Feel No Pain","Inflame"],"campfire_rested":0,"item_purchase_floors":[5,29],"current_hp_per_floor":[66,66,68,73,73,67,67,67,67,50,53,60,60,54,54,43,89,89,83,72,64,57,57,57,57,57,57,52,52,52,52,52,0],"gold":101,"neow_bonus":"UPGRADE_CARD","is_prod":false,"is_daily":false,"chose_seed":false,"campfire_upgraded":7,"win_rate":0,"timestamp":1552560226,"path_taken":["M","?","M","M","$","E","R","?","T","?","M","E","R","E","R","BOSS","M","?","M","M","M","R","M","R","T","R","?","$","?","M","R","BOSS"],"build_version":"2019-01-23","purchased_purges":2,"victory":false,"max_hp_per_floor":[80,80,80,80,80,80,80,80,80,80,80,94,94,104,104,104,104,104,104,104,104,104,104,104,104,104,104,52,52,52,52,52,52],"card_choices":[{"not_picked":["Clothesline","Heavy Blade"],"picked":"Perfected Strike","floor":1},{"not_picked":["Burning Pact","Armaments"],"picked":"True Grit","floor":3},{"not_picked":["Anger","Twin Strike"],"picked":"Perfected Strike","floor":4},{"not_picked":["Entrench","Bloodletting"],"picked":"Pommel Strike","floor":6},{"not_picked":["Clothesline","Flex"],"picked":"Flame Barrier","floor":10},{"not_picked":["Armaments","Perfected Strike"],"picked":"Offering","floor":11},{"not_picked":["Headbutt","Body Slam"],"picked":"Perfected Strike","floor":12},{"not_picked":["Limit Break","Clothesline"],"picked":"Headbutt","floor":14},{"not_picked":["Bludgeon","Impervious"],"picked":"Double Tap","floor":16},{"not_picked":["Thunderclap","Shrug It Off+1"],"picked":"Havoc","floor":18},{"not_picked":["Sword Boomerang","Infernal Blade","Hemokinesis"],"picked":"SKIP","floor":19},{"not_picked":["Body Slam","Demon Form"],"picked":"Warcry","floor":20},{"not_picked":["Burning Pact","Perfected Strike"],"picked":"True Grit+1","floor":21},{"not_picked":["Rampage+1","Second Wind"],"picked":"Metallicize","floor":22},{"not_picked":["Body Slam+1","Entrench"],"picked":"Anger+1","floor":24},{"not_picked":["Clothesline","Heavy Blade","Wild Strike+1"],"picked":"SKIP","floor":31}],"player_experience":379802,"relics_obtained":[{"floor":6,"key":"Matryoshka"},{"floor":9,"key":"Dream Catcher"},{"floor":9,"key":"Dodecahedron"},{"floor":12,"key":"Mango"},{"floor":14,"key":"Pear"},{"floor":26,"key":"Blood Vial"},{"floor":26,"key":"Mummified Hand"}],"event_choices":[{"damage_healed":0,"gold_gain":0,"player_choice":"Grow","damage_taken":0,"max_hp_gain":0,"max_hp_loss":0,"event_name":"Living Wall","floor":2,"gold_loss":0,"cards_upgraded":["Perfected Strike"]},{"damage_healed":0,"gold_gain":0,"player_choice":"2 cards matched","damage_taken":0,"max_hp_gain":0,"max_hp_loss":0,"event_name":"Match and Keep!","floor":8,"gold_loss":0,"cards_obtained":["Madness","Ghostly Armor"]},{"damage_healed":0,"gold_gain":0,"player_choice":"2 cards matched","damage_taken":0,"max_hp_gain":0,"max_hp_loss":0,"event_name":"Match and Keep!","floor":8,"gold_loss":0,"cards_obtained":["Madness","Ghostly Armor"]},{"damage_healed":0,"gold_gain":0,"player_choice":"Became a Ghost","damage_taken":0,"max_hp_gain":0,"max_hp_loss":52,"event_name":"Ghosts","floor":28,"gold_loss":0,"cards_obtained":["Ghostly","Ghostly","Ghostly","Ghostly","Ghostly"]},{"cards_removed":["Defend_R"],"damage_healed":0,"gold_gain":0,"player_choice":"Gave Gold","damage_taken":0,"max_hp_gain":0,"max_hp_loss":0,"event_name":"Beggar","floor":30,"gold_loss":75}],"is_beta":false,"boss_relics":[{"not_picked":["Runic Dome","Black Star"],"picked":"Cursed Key"}],"items_purged_floors":[5,29],"is_endless":false,"potions_floor_spawned":[10,12,14,16,18,22,31],"killed_by":"Champ","ascension_level":10}