{"gold_per_floor":[110,110,110,73,89,121,121,140,140,140],"floor_reached":10,"playtime":312,"items_purged":[],"score":66,"play_id":"ae587898-b47f-46ce-9175-b3c79bec48b1","local_time":"20190822004049","is_ascension_mode":false,"campfire_choices":[{"floor":7,"key":"DIG"}],"neow_cost":"PERCENT_DAMAGE","seed_source_timestamp":31585278683300,"circlet_count":0,"master_deck":["Strike_G","Strike_G","Strike_G","Strike_G","Strike_G","Defend_G","Defend_G","Defend_G","Defend_G","Defend_G","Survivor","Neutralize","Adrenaline","Blade Dance"],"relics":["Ring of the Snake","Shovel","Centennial Puzzle","Mummified Hand"],"potions_floor_usage":[6,10],"damage_taken":[{"damage":0,"enemies":"Small Slimes","floor":1,"turns":4},{"damage":0,"enemies":"2 Louse","floor":5,"turns":4},{"damage":26,"enemies":"Gremlin Nob","floor":6,"turns":6},{"damage":0,"enemies":"Jaw Worm","floor":8,"turns":4},{"damage":28,"enemies":"Lagavulin","floor":10,"turns":8}],"seed_played":"-8337455587362784801","potions_obtained":[{"floor":5,"key":"GhostInAJar"},{"floor":8,"key":"EssenceOfSteel"}],"is_trial":false,"path_per_floor":["M","?","?","?","M","E","R","M","T","E"],"character_chosen":"THE_SILENT","items_purchased":[],"campfire_rested":0,"item_purchase_floors":[],"current_hp_per_floor":[49,49,54,54,54,28,28,28,28,0],"gold":140,"neow_bonus":"THREE_RARE_CARDS","is_prod":false,"is_daily":false,"chose_seed":false,"campfire_upgraded":0,"win_rate":0,"timestamp":1566448849,"path_taken":["M","?","?","?","?","E","R","M","T","E"],"build_version":"2019-08-15","purchased_purges":0,"victory":false,"max_hp_per_floor":[70,70,75,75,75,75,75,75,75,75],"card_choices":[{"not_picked":["Unload","After Image"],"picked":"Adrenaline","floor":0},{"not_picked":["Dodge and Roll","Bane","Outmaneuver"],"picked":"SKIP","floor":1},{"not_picked":["Dodge and Roll","Bane","Outmaneuver"],"picked":"SKIP","floor":1},{"not_picked":["Dodge and Roll","Bane","Outmaneuver"],"picked":"SKIP","floor":1},{"not_picked":["Prepared","Backflip","Flechettes"],"picked":"SKIP","floor":5},{"not_picked":["Eviscerate","Skewer","Reflex"],"picked":"SKIP","floor":6},{"not_picked":["Concentrate","Backflip"],"picked":"Blade Dance","floor":8}],"player_experience":976725,"relics_obtained":[{"floor":6,"key":"Shovel"},{"floor":7,"key":"Centennial Puzzle"},{"floor":9,"key":"Mummified Hand"}],"event_choices":[{"damage_healed":0,"gold_gain":0,"player_choice":"Ignored","damage_taken":0,"max_hp_gain":0,"max_hp_loss":0,"event_name":"Golden Wing","floor":2,"gold_loss":0},{"damage_healed":0,"gold_gain":0,"player_choice":"Donut","damage_taken":0,"max_hp_gain":5,"max_hp_loss":0,"event_name":"Big Fish","floor":3,"gold_loss":0},{"damage_healed":0,"gold_gain":0,"player_choice":"Left Gold","damage_taken":0,"max_hp_gain":0,"max_hp_loss":0,"event_name":"World of Goop","floor":4,"gold_loss":37}],"is_beta":true,"boss_relics":[],"items_purged_floors":[],"is_endless":false,"potions_floor_spawned":[5,8],"killed_by":"Lagavulin","ascension_level":0}