{"gold_per_floor":[119,132,151,226,242,273,273,273,299,147,147,164,64,77,77,174,174,192,204,3,3,17,47,47,64,64,94,41,41,75,75,75,174,174,192,207,207,207,217,217,217,217,217,67,81,113,131,131,131,131],"floor_reached":50,"playtime":3498,"items_purged":["Defend_R","Defend_R","Defend_R","Strike_R"],"score":560,"play_id":"ecc82b6e-7c50-4ec0-9aaf-66204e833411","local_time":"20190129163358","is_ascension_mode":false,"campfire_choices":[{"floor":7.0,"key":"REST"},{"floor":11.0,"key":"REST"},{"data":"Rage","floor":15.0,"key":"SMITH"},{"data":"Spot Weakness","floor":24.0,"key":"SMITH"},{"data":"Demon Form","floor":29.0,"key":"SMITH"},{"floor":32.0,"key":"REST"},{"data":"Whirlwind","floor":40.0,"key":"SMITH"},{"data":"Clash","floor":42.0,"key":"SMITH"},{"floor":49,"key":"REST"}],"neow_cost":"NONE","seed_source_timestamp":31122247696161,"circlet_count":0,"master_deck":["Strike_R","Strike_R","Strike_R","Clash+1","Clash","Rage+1","Whirlwind+1","Spot Weakness+1","Bludgeon","Flex+1","Battle Trance+1","Clash","Flex+1","Warcry","Warcry","Cleave","Heavy Blade+1","Master of Strategy"],"special_seed":0,"relics":["Burning Blood","Bag of Marbles","Orichalcum","Eternal Feather","War Paint","Champion Belt","Tiny Chest","Omamori","Empty Cage","Anchor","Lantern"],"potions_floor_usage":[],"damage_taken":[{"damage":20.0,"enemies":"2 Louse","floor":1.0,"turns":3.0},{"damage":0.0,"enemies":"Small Slimes","floor":2.0,"turns":2.0},{"damage":11.0,"enemies":"Jaw Worm","floor":3.0,"turns":2.0},{"damage":10.0,"enemies":"Exordium Thugs","floor":5.0,"turns":3.0},{"damage":33.0,"enemies":"3 Sentries","floor":6.0,"turns":9.0},{"damage":0.0,"enemies":"3 Louse","floor":12.0,"turns":3.0},{"damage":6.0,"enemies":"Large Slime","floor":14.0,"turns":5.0},{"damage":55.0,"enemies":"Slime Boss","floor":16.0,"turns":8.0},{"damage":4.0,"enemies":"2 Thieves","floor":18.0,"turns":3.0},{"damage":0.0,"enemies":"3 Byrds","floor":19.0,"turns":3.0},{"damage":0.0,"enemies":"Cultist and Chosen","floor":22.0,"turns":4.0},{"damage":0.0,"enemies":"Gremlin Leader","floor":23.0,"turns":3.0},{"damage":0.0,"enemies":"Snecko","floor":25.0,"turns":2.0},{"damage":29.0,"enemies":"Book of Stabbing","floor":30.0,"turns":4.0},{"damage":43.0,"enemies":"Collector","floor":33.0,"turns":5.0},{"damage":6.0,"enemies":"3 Shapes","floor":35.0,"turns":2.0},{"damage":1.0,"enemies":"Orb Walker","floor":36.0,"turns":2.0},{"damage":2.0,"enemies":"Transient","floor":39.0,"turns":5.0},{"damage":6.0,"enemies":"3 Darklings","floor":45.0,"turns":3.0},{"damage":69.0,"enemies":"Giant Head","floor":46.0,"turns":7.0},{"damage":5.0,"enemies":"Sphere and 2 Shapes","floor":47.0,"turns":3.0},{"damage":66,"enemies":"Donu and Deca","floor":50,"turns":4}],"seed_played":"177108151428169316","potions_obtained":[{"floor":1.0,"key":"Strength Potion"},{"floor":5.0,"key":"Dexterity Potion"},{"floor":6.0,"key":"FearPotion"},{"floor":14.0,"key":"BloodPotion"},{"floor":22.0,"key":"LiquidBronze"},{"floor":23.0,"key":"Regen Potion"},{"floor":30.0,"key":"AttackPotion"},{"floor":33.0,"key":"SteroidPotion"},{"floor":35.0,"key":"LiquidBronze"},{"floor":45.0,"key":"Swift Potion"},{"floor":46.0,"key":"FearPotion"}],"is_trial":false,"path_per_floor":["M","M","M","?","M","E","R","?","T","$","R","M","$","M","R","B",null,"M","M","$","?","M","E","R","M","T","T","$","R","E","?","R","B",null,"M","M","$","?","M","R","?","R","T","$","M","E","M","?","R","B"],"character_chosen":"IRONCLAD","items_purchased":["Whirlwind","Clash","Flex","Warcry"],"campfire_rested":4,"item_purchase_floors":[10,20,20,28],"current_hp_per_floor":[66,72,67,56,52,25,49,49,49,49,73,79,79,79,79,38,80,80,80,80,80,80,80,80,80,80,80,80,80,57,57,80,48,80,80,80,80,80,80,80,80,80,80,80,80,17,18,18,51,0],"gold":131,"neow_bonus":"REMOVE_CARD","is_prod":false,"is_daily":false,"chose_seed":false,"campfire_upgraded":5,"win_rate":0,"timestamp":1548776038,"path_taken":["M","M","M","?","M","E","R","?","T","$","R","M","$","M","R","BOSS","M","M","$","?","M","E","R","M","T","?","$","R","E","?","R","BOSS","M","M","$","?","M","R","?","R","T","$","M","E","M","?","R","BOSS"],"build_version":"2019-01-23","purchased_purges":4,"victory":false,"max_hp_per_floor":[80,80,80,80,80,80,80,80,80,80,80,80,80,80,80,80,80,80,80,80,80,80,80,80,80,80,80,80,80,80,80,80,80,80,80,80,80,80,80,80,80,80,80,80,80,80,80,80,80,80],"card_choices":[{"not_picked":["Pummel","Pommel Strike"],"picked":"Clash","floor":1.0},{"not_picked":["Ghostly Armor","Infernal Blade"],"picked":"Clash","floor":2.0},{"not_picked":["Shrug It Off","Thunderclap","Perfected Strike"],"picked":"SKIP","floor":3.0},{"not_picked":["Body Slam","Thunderclap","Clothesline"],"picked":"SKIP","floor":5.0},{"not_picked":["Perfected Strike","Disarm"],"picked":"Rage","floor":6.0},{"not_picked":["Body Slam","Twin Strike","Clothesline"],"picked":"SKIP","floor":12.0},{"not_picked":["Twin Strike","Armaments"],"picked":"Spot Weakness","floor":14.0},{"not_picked":["Immolate","Brutality"],"picked":"Bludgeon","floor":16.0},{"not_picked":["Corruption","Disarm"],"picked":"Flex","floor":18.0},{"not_picked":["Sword Boomerang","Searing Blow+1"],"picked":"Battle Trance+1","floor":19.0},{"not_picked":["Sword Boomerang","Thunderclap","Heavy Blade"],"picked":"SKIP","floor":22.0},{"not_picked":["Searing Blow","Clothesline"],"picked":"Warcry","floor":23.0},{"not_picked":["Thunderclap","Sword Boomerang"],"picked":"Demon Form","floor":25.0},{"not_picked":["Warcry","Juggernaut","Searing Blow+1"],"picked":"SKIP","floor":30.0},{"not_picked":["Clothesline","Twin Strike","Anger+1"],"picked":"SKIP","floor":35.0},{"not_picked":["Warcry+1","Pommel Strike"],"picked":"Heavy Blade+1","floor":36.0},{"not_picked":["Sword Boomerang","Carnage+1","Intimidate"],"picked":"SKIP","floor":39.0},{"not_picked":["Sword Boomerang+1","Wild Strike+1","Thunderclap"],"picked":"SKIP","floor":45.0},{"not_picked":["Shrug It Off+1","Sever Soul+1","Perfected Strike"],"picked":"SKIP","floor":46.0},{"not_picked":["Dual Wield+1","Immolate","Headbutt+1"],"picked":"SKIP","floor":47.0},{"not_picked":["Flash of Steel","Forethought"],"picked":"Master of Strategy","floor":48.0}],"player_experience":41528,"relics_obtained":[{"floor":6.0,"key":"Bag of Marbles"},{"floor":9.0,"key":"Orichalcum"},{"floor":23.0,"key":"War Paint"},{"floor":26.0,"key":"Champion Belt"},{"floor":27.0,"key":"Tiny Chest"},{"floor":30.0,"key":"Omamori"},{"floor":43.0,"key":"Anchor"},{"floor":46.0,"key":"Lantern"}],"event_choices":[{"damage_healed":0.0,"max_hp_gain":0.0,"max_hp_loss":0.0,"gold_gain":75.0,"event_name":"World of Goop","player_choice":"Gather Gold","floor":4.0,"gold_loss":0.0,"damage_taken":11.0},{"damage_healed":0.0,"max_hp_gain":0.0,"max_hp_loss":0.0,"gold_gain":0.0,"event_name":"Golden Idol","player_choice":"Ignored","floor":8.0,"gold_loss":0.0,"damage_taken":0.0},{"damage_healed":0.0,"max_hp_gain":0.0,"max_hp_loss":0.0,"gold_gain":0.0,"event_name":"The Library","player_choice":"Read","floor":21.0,"gold_loss":0.0,"damage_taken":0.0,"cards_obtained":["Warcry"]},{"damage_healed":0.0,"max_hp_gain":0.0,"max_hp_loss":0.0,"gold_gain":0.0,"cards_transformed":["Demon Form","Warcry"],"event_name":"Drug Dealer","player_choice":"Became Test Subject","floor":31.0,"gold_loss":0.0,"damage_taken":0.0,"cards_obtained":["Dark Embrace","Cleave"]},{"cards_removed":["Strike_R"],"damage_healed":0.0,"max_hp_gain":0.0,"max_hp_loss":0.0,"gold_gain":0.0,"event_name":"Falling","player_choice":"Removed Attack","floor":38.0,"gold_loss":0.0,"damage_taken":0.0},{"damage_healed":20.0,"max_hp_gain":0.0,"max_hp_loss":0.0,"gold_gain":0.0,"event_name":"Winding Halls","player_choice":"Writhe","floor":41.0,"gold_loss":0.0,"damage_taken":0.0,"cards_obtained":["Writhe"]},{"damage_healed":0.0,"max_hp_gain":0.0,"max_hp_loss":0.0,"gold_gain":0.0,"event_name":"SensoryStone","player_choice":"Memory 1","floor":48.0,"gold_loss":0.0,"damage_taken":0.0}],"is_beta":false,"boss_relics":[{"not_picked":["Runic Cube","Cursed Key"],"picked":"Eternal Feather"},{"not_picked":["Coffee Dripper","Busted Crown"],"picked":"Empty Cage"}],"items_purged_floors":[10,13,20,44],"is_endless":false,"potions_floor_spawned":[1,5,6,14,22,23,30,33,35,45,46],"killed_by":"Donu and Deca","ascension_level":0}