{"gold_per_floor":[110,110,127,15,26,54,54,83,108,108,127,147,163,191,191,292,292,302,320,76,94,94,126,126,137,191,191,226,242,87,103,103,202,202,216,216,18,18,32,32,52,81,93,130,155,179,191,203,215,227,239,251,14,48,48],"floor_reached":55,"playtime":4645,"items_purged":["Strike_R"],"score":1043,"play_id":"39aa0e3d-4ce5-40e7-8eb5-df760cff952c","local_time":"20190224085642","is_ascension_mode":true,"campfire_choices":[{"data":"Double Tap","floor":7,"key":"SMITH"},{"data":"Battle Trance","floor":15,"key":"SMITH"},{"floor":27,"key":"REST"},{"data":"Shockwave","floor":32,"key":"SMITH"},{"data":"Offering","floor":40,"key":"SMITH"},{"data":"Demon Form","floor":47,"key":"SMITH"},{"floor":49,"key":"RECALL"},{"data":"Warcry","floor":52,"key":"SMITH"}],"neow_cost":"NONE","seed_source_timestamp":11104090819974,"circlet_count":0,"master_deck":["Bash+1","Evolve","Feed","Blind","Reaper","Inflame","Feel No Pain","Double Tap+1","Warcry+1","Pommel Strike","Battle Trance+1","Whirlwind","Disarm","Immolate","Dark Embrace","Inflame","Anger","Cleave","Rage","Battle Trance","Metallicize","Feed","Headbutt+1","Shockwave+1","Flame Barrier","Pommel Strike+1","Immolate+1","Flame Barrier","Offering+1","Demon Form+1","Violence","Writhe"],"relics":["Burning Blood","Whetstone","Regal Pillow","Dream Catcher","Question Card","Pandora\u0027s Box","Ancient Tea Set","Molten Egg 2","Pen Nib","Bag of Preparation","Lantern","Busted Crown","MawBank","Art of War","Chemical X","Pocketwatch"],"potions_floor_usage":[6,8,12,12,13,14,14,16,16,23,23,23,33,33,44,44,50,50,54,55],"damage_taken":[{"damage":9,"enemies":"2 Louse","floor":1,"turns":3},{"damage":1,"enemies":"Cultist","floor":3,"turns":3},{"damage":4,"enemies":"Small Slimes","floor":5,"turns":4},{"damage":32,"enemies":"3 Sentries","floor":6,"turns":8},{"damage":18,"enemies":"Lagavulin","floor":8,"turns":6},{"damage":27,"enemies":"Exordium Wildlife","floor":11,"turns":5},{"damage":12,"enemies":"Blue Slaver","floor":12,"turns":5},{"damage":20,"enemies":"Exordium Thugs","floor":13,"turns":5},{"damage":8,"enemies":"Gremlin Nob","floor":14,"turns":3},{"damage":38,"enemies":"Hexaghost","floor":16,"turns":11},{"damage":10,"enemies":"Chosen","floor":18,"turns":4},{"damage":11,"enemies":"Spheric Guardian","floor":19,"turns":3},{"damage":33,"enemies":"3 Cultists","floor":21,"turns":4},{"damage":27,"enemies":"Book of Stabbing","floor":23,"turns":6},{"damage":36,"enemies":"Snake Plant","floor":25,"turns":5},{"damage":29,"enemies":"Slavers","floor":28,"turns":3},{"damage":16,"enemies":"Snecko","floor":29,"turns":4},{"damage":9,"enemies":"Centurion and Healer","floor":31,"turns":3},{"damage":40,"enemies":"Champ","floor":33,"turns":9},{"damage":10,"enemies":"Orb Walker","floor":35,"turns":4},{"damage":0,"enemies":"3 Shapes","floor":39,"turns":1},{"damage":22,"enemies":"Jaw Worm Horde","floor":41,"turns":3},{"damage":38,"enemies":"Nemesis","floor":42,"turns":5},{"damage":12,"enemies":"Giant Head","floor":44,"turns":5},{"damage":6,"enemies":"Maw","floor":45,"turns":6},{"damage":14,"enemies":"4 Shapes","floor":46,"turns":1},{"damage":63,"enemies":"Time Eater","floor":50,"turns":7},{"damage":79,"enemies":"Shield and Spear","floor":54,"turns":4},{"damage":65,"enemies":"The Heart","floor":55,"turns":3}],"seed_played":"6264516821194599126","potions_obtained":[{"floor":0,"key":"EntropicBrew"},{"floor":0,"key":"AttackPotion"},{"floor":0,"key":"Dexterity Potion"},{"floor":6,"key":"Block Potion"},{"floor":11,"key":"Fruit Juice"},{"floor":12,"key":"Poison Potion"},{"floor":16,"key":"Fire Potion"},{"floor":23,"key":"SkillPotion"},{"floor":25,"key":"Ancient Potion"},{"floor":29,"key":"Fire Potion"},{"floor":31,"key":"Strength Potion"},{"floor":33,"key":"SteroidPotion"},{"floor":44,"key":"SteroidPotion"},{"floor":45,"key":"Regen Potion"},{"floor":46,"key":"PowerPotion"}],"is_trial":false,"path_per_floor":["M","?","M","$","M","E","R","E","T","?","M","M","M","E","R","B",null,"M","M","$","M","?","E","?","M","T","R","E","M","$","M","R","B",null,"M","?","$","?","M","R","M","E","T","E","M","M","R","?","R","B",null,"R","$","E","B"],"character_chosen":"IRONCLAD","items_purchased":["Inflame","Ancient Tea Set","PowerPotion","SkillPotion","Lantern","Demon Form","AttackPotion","Chemical X","Poison Potion"],"campfire_rested":1,"item_purchase_floors":[4,20,20,20,30,37,37,53,53],"current_hp_per_floor":[69,69,77,77,86,75,75,66,66,57,51,50,43,44,44,24,88,99,94,94,91,91,92,92,65,65,116,93,83,83,83,83,71,111,107,107,107,107,124,124,108,76,76,88,95,87,87,119,119,76,114,114,114,44,0],"gold":48,"neow_bonus":"THREE_SMALL_POTIONS","is_prod":false,"is_daily":false,"chose_seed":false,"campfire_upgraded":6,"win_rate":0,"timestamp":1550995002,"path_taken":["M","?","?","$","M","E","R","E","T","?","M","M","M","E","R","BOSS","M","?","$","M","?","E","?","M","T","R","E","M","$","M","R","BOSS","M","?","$","?","M","R","M","E","T","E","?","M","R","?","R","BOSS","R","$","E","BOSS"],"build_version":"2019-01-23","purchased_purges":1,"victory":false,"max_hp_per_floor":[80,80,83,83,86,89,89,92,92,92,95,100,103,106,106,109,109,112,112,112,118,118,118,118,121,121,121,121,121,121,124,124,124,124,124,124,124,124,124,124,124,124,124,124,127,127,127,127,127,127,127,127,127,130,130],"card_choices":[{"not_picked":["Wild Strike","Cleave"],"picked":"Evolve","floor":1},{"not_picked":["Sword Boomerang","Seeing Red"],"picked":"Reaper","floor":3},{"not_picked":["Sever Soul","Iron Wave"],"picked":"Feel No Pain","floor":5},{"not_picked":["Sword Boomerang","Flex"],"picked":"Double Tap","floor":6},{"not_picked":["Body Slam","Bloodletting"],"picked":"Warcry","floor":8},{"not_picked":["Flex","Sever Soul"],"picked":"Pommel Strike","floor":11},{"not_picked":["Armaments","Bloodletting"],"picked":"Battle Trance","floor":12},{"not_picked":["Thunderclap","Clothesline"],"picked":"Whirlwind","floor":13},{"not_picked":["Barricade","Wild Strike"],"picked":"Disarm","floor":14},{"not_picked":["Bludgeon","Juggernaut","Limit Break"],"picked":"Immolate","floor":16},{"not_picked":["Pommel Strike","Perfected Strike+1","Heavy Blade"],"picked":"Headbutt+1","floor":18},{"not_picked":["Wild Strike","Cleave","Dark Embrace","Headbutt+1"],"picked":"SKIP","floor":19},{"not_picked":["Sword Boomerang","Pommel Strike","Sentinel","Body Slam+1"],"picked":"SKIP","floor":21},{"not_picked":["Iron Wave","Flex","Seeing Red"],"picked":"Flame Barrier","floor":23},{"not_picked":["Iron Wave+1","Shrug It Off","True Grit"],"picked":"Pommel Strike+1","floor":25},{"not_picked":["Shrug It Off+1","Body Slam+1","Rampage+1"],"picked":"Immolate+1","floor":28},{"not_picked":["Thunderclap+1","Sever Soul+1","Evolve+1","Reckless Charge+1"],"picked":"SKIP","floor":29},{"not_picked":["Headbutt+1","True Grit","Burning Pact"],"picked":"Flame Barrier","floor":31},{"not_picked":["Exhume","Reaper+1","Demon Form"],"picked":"Offering","floor":33},{"not_picked":["Heavy Blade+1","Anger+1"],"picked":"SKIP","floor":35},{"not_picked":["Chrysalis"],"picked":"Violence","floor":38},{"not_picked":["Flex","Wild Strike+1"],"picked":"SKIP","floor":39},{"not_picked":["Clash+1","Second Wind"],"picked":"SKIP","floor":41},{"not_picked":["Armaments","True Grit"],"picked":"SKIP","floor":42},{"not_picked":["Carnage+1","Iron Wave+1"],"picked":"SKIP","floor":44},{"not_picked":["Combust","Heavy Blade+1"],"picked":"SKIP","floor":45},{"not_picked":["Juggernaut","Pommel Strike+1"],"picked":"SKIP","floor":46},{"not_picked":["Headbutt+1","Twin Strike+1"],"picked":"SKIP","floor":54}],"player_experience":257789,"relics_obtained":[{"floor":6,"key":"Whetstone"},{"floor":8,"key":"Regal Pillow"},{"floor":9,"key":"Dream Catcher"},{"floor":14,"key":"Question Card"},{"floor":23,"key":"Molten Egg 2"},{"floor":26,"key":"Pen Nib"},{"floor":28,"key":"Bag of Preparation"},{"floor":42,"key":"MawBank"},{"floor":44,"key":"Art of War"},{"floor":54,"key":"Pocketwatch"}],"event_choices":[{"damage_healed":0,"gold_gain":0,"player_choice":"2 cards matched","damage_taken":0,"max_hp_gain":0,"max_hp_loss":0,"event_name":"Match and Keep!","floor":2,"gold_loss":0,"cards_obtained":["Feed","Blind"]},{"damage_healed":0,"gold_gain":0,"player_choice":"Damaged","damage_taken":9,"max_hp_gain":0,"max_hp_loss":0,"event_name":"Wheel of Change","floor":10,"gold_loss":0},{"damage_healed":0,"gold_gain":0,"player_choice":"Read","damage_taken":0,"max_hp_gain":0,"max_hp_loss":0,"event_name":"The Library","floor":22,"gold_loss":0,"cards_obtained":["Shockwave"]},{"damage_healed":0,"gold_gain":0,"player_choice":"Ignored","damage_taken":0,"max_hp_gain":0,"max_hp_loss":0,"event_name":"Vampires","floor":24,"gold_loss":0},{"damage_healed":0,"gold_gain":0,"player_choice":"Ignored","damage_taken":0,"max_hp_gain":0,"max_hp_loss":0,"event_name":"Tomb of Lord Red Mask","floor":36,"gold_loss":0},{"damage_healed":0,"gold_gain":0,"player_choice":"Memory 1","damage_taken":0,"max_hp_gain":0,"max_hp_loss":0,"event_name":"SensoryStone","floor":38,"gold_loss":0},{"damage_healed":32,"gold_gain":0,"player_choice":"Writhe","damage_taken":0,"max_hp_gain":0,"max_hp_loss":0,"event_name":"Winding Halls","floor":48,"gold_loss":0,"cards_obtained":["Writhe"]}],"is_beta":false,"boss_relics":[{"not_picked":["Snecko Eye","Cursed Key"],"picked":"Pandora\u0027s Box"},{"not_picked":["Astrolabe","Mark of Pain"],"picked":"Busted Crown"}],"items_purged_floors":[4],"is_endless":false,"potions_floor_spawned":[1,6,11,12,16,23,25,29,31,33,39,42,44,45,46],"killed_by":"The Heart","ascension_level":6}