{"gold_per_floor":[112,187,202,152,152,152,7,71,95,115,130,130,163,124,124,227,227,244,255,33,52,52,83,102,102,102,133,133,143,163,173,173,173],"floor_reached":33,"playtime":4598,"items_purged":["Thunderclap"],"score":312,"play_id":"ed3f0ed0-01ab-45bc-9bb0-206765da7ad5","local_time":"20190914135705","is_ascension_mode":true,"campfire_choices":[{"data":"Shockwave","floor":6.0,"key":"SMITH"},{"floor":12.0,"key":"REST"},{"data":"Corruption","floor":15.0,"key":"SMITH"},{"floor":25.0,"key":"REST"},{"data":"Ghostly Armor","floor":32.0,"key":"SMITH"}],"neow_cost":"NONE","seed_source_timestamp":0,"circlet_count":0,"master_deck":["Strike_R","Strike_R","Strike_R","Strike_R","Defend_R","Defend_R","Defend_R","Defend_R","Bash","Shockwave+1","Body Slam","Infernal Blade","Corruption+1","Bludgeon","Sentinel","Feel No Pain+1","Cleave","Seeing Red","Exhume","Shrug It Off","Sentinel","Ghostly Armor+1","Entrench","Battle Trance","Warcry+1","Warcry+1","Armaments","Dual Wield+1"],"special_seed":0,"relics":["Black Blood","Vajra","Tiny Chest","Lantern","Question Card","Dream Catcher","Dodecahedron","Strawberry","Nunchaku","Bronze Scales"],"potions_floor_usage":[33,33],"damage_taken":[{"damage":4.0,"enemies":"2 Louse","floor":1.0,"turns":5.0},{"damage":0.0,"enemies":"Small Slimes","floor":3.0,"turns":3.0},{"damage":33.0,"enemies":"Gremlin Nob","floor":8.0,"turns":5.0},{"damage":6.0,"enemies":"Jaw Worm","floor":10.0,"turns":2.0},{"damage":3.0,"enemies":"Gremlin Gang","floor":11.0,"turns":5.0},{"damage":5.0,"enemies":"3 Sentries","floor":13.0,"turns":6.0},{"damage":28.0,"enemies":"The Guardian","floor":16.0,"turns":9.0},{"damage":31.0,"enemies":"Spheric Guardian","floor":18.0,"turns":6.0},{"damage":13.0,"enemies":"3 Byrds","floor":19.0,"turns":6.0},{"damage":3.0,"enemies":"3 Cultists","floor":21.0,"turns":4.0},{"damage":31.0,"enemies":"Slavers","floor":23.0,"turns":6.0},{"damage":20.0,"enemies":"Snake Plant","floor":24.0,"turns":6.0},{"damage":22.0,"enemies":"Book of Stabbing","floor":27.0,"turns":7.0},{"damage":12.0,"enemies":"Centurion and Healer","floor":29.0,"turns":9.0},{"damage":1.0,"enemies":"Cultist and Chosen","floor":30.0,"turns":7.0},{"damage":5.0,"enemies":"Chosen and Byrds","floor":31.0,"turns":7.0},{"damage":67,"enemies":"Collector","floor":33,"turns":7}],"seed_played":"2815099308884486020","potions_obtained":[{"floor":8.0,"key":"FearPotion"},{"floor":11.0,"key":"LiquidBronze"},{"floor":16.0,"key":"Energy Potion"},{"floor":19.0,"key":"Block Potion"},{"floor":23.0,"key":"Swift Potion"},{"floor":24.0,"key":"SkillPotion"},{"floor":27.0,"key":"Strength Potion"}],"is_trial":false,"path_per_floor":["M","?","M","?","?","R","$","E","T","M","M","R","E","$","R","B",null,"M","M","$","M","T","E","M","R","T","E","?","M","M","M","R","B"],"character_chosen":"IRONCLAD","items_purchased":["Infernal Blade","Corruption","Seeing Red","Dream Catcher"],"campfire_rested":2,"item_purchase_floors":[7,7,14,20],"current_hp_per_floor":[80,69,75,75,63,63,63,36,36,36,39,63,64,64,64,42,80,59,56,56,63,63,49,39,65,65,53,53,51,60,65,65,0],"gold":173,"neow_bonus":"THREE_CARDS","is_prod":false,"is_daily":false,"chose_seed":false,"campfire_upgraded":3,"win_rate":0,"timestamp":1568462225,"path_taken":["M","?","M","?","?","R","$","E","T","M","M","R","E","?","R","BOSS","M","?","$","M","?","E","M","R","T","E","?","?","?","M","R","BOSS"],"build_version":"2019-07-17","purchased_purges":1,"victory":false,"max_hp_per_floor":[80,80,80,80,80,80,80,80,80,80,80,80,80,80,80,80,80,80,80,80,80,80,87,87,87,87,87,87,87,87,87,87,87],"card_choices":[{"not_picked":["Burning Pact","Feel No Pain"],"picked":"Shockwave","floor":0.0},{"not_picked":["Perfected Strike","Corruption"],"picked":"Body Slam","floor":1.0},{"not_picked":["Feel No Pain","Perfected Strike"],"picked":"Thunderclap","floor":3.0},{"not_picked":["Shrug It Off","Flex"],"picked":"Bludgeon","floor":8.0},{"not_picked":["Pommel Strike","Clothesline"],"picked":"Sentinel","floor":10.0},{"not_picked":["Ghostly Armor","Corruption"],"picked":"Feel No Pain","floor":11.0},{"not_picked":["Perfected Strike","Headbutt"],"picked":"Cleave","floor":13.0},{"not_picked":["Dark Embrace","Demon Form","Juggernaut"],"picked":"Exhume","floor":16.0},{"not_picked":["Clothesline+1","Body Slam","Havoc"],"picked":"Shrug It Off","floor":18.0},{"not_picked":["Headbutt+1","Clash","Combust+1","Rupture"],"picked":"SKIP","floor":19.0},{"not_picked":["Warcry","Blood for Blood+1","Headbutt+1"],"picked":"Sentinel","floor":21.0},{"not_picked":["Inflame","Hemokinesis","Double Tap"],"picked":"Ghostly Armor","floor":23.0},{"not_picked":["Headbutt","True Grit","Pommel Strike+1"],"picked":"Entrench","floor":24.0},{"not_picked":["Havoc","Cleave","Ghostly Armor"],"picked":"Battle Trance","floor":25.0},{"not_picked":["Blood for Blood","Fiend Fire","Perfected Strike"],"picked":"Warcry+1","floor":27.0},{"not_picked":["Intimidate","Battle Trance","Thunderclap+1"],"picked":"Warcry+1","floor":29.0},{"not_picked":["Twin Strike+1","Carnage","Hemokinesis+1"],"picked":"Armaments","floor":30.0},{"not_picked":["Metallicize","Twin Strike","Spot Weakness"],"picked":"Dual Wield+1","floor":31.0}],"player_experience":106653,"relics_obtained":[{"floor":8.0,"key":"Tiny Chest"},{"floor":9.0,"key":"Lantern"},{"floor":13.0,"key":"Question Card"},{"floor":22.0,"key":"Dodecahedron"},{"floor":23.0,"key":"Strawberry"},{"floor":26.0,"key":"Nunchaku"},{"floor":27.0,"key":"Bronze Scales"}],"event_choices":[{"damage_healed":0.0,"max_hp_gain":0.0,"max_hp_loss":0.0,"gold_gain":75.0,"event_name":"World of Goop","player_choice":"Gather Gold","floor":2.0,"gold_loss":0.0,"damage_taken":11.0},{"cards_removed":["Strike_R"],"damage_healed":0.0,"max_hp_gain":0.0,"max_hp_loss":0.0,"gold_gain":0.0,"event_name":"The Cleric","player_choice":"Card Removal","floor":4.0,"gold_loss":50.0,"damage_taken":0.0},{"damage_healed":0.0,"max_hp_gain":0.0,"max_hp_loss":0.0,"gold_gain":0.0,"event_name":"Scrap Ooze","player_choice":"Success","floor":5.0,"gold_loss":0.0,"damage_taken":12.0,"relics_obtained":["Vajra"]},{"damage_healed":0.0,"max_hp_gain":0.0,"max_hp_loss":0.0,"gold_gain":0.0,"event_name":"Upgrade Shrine","player_choice":"Upgraded","floor":28.0,"gold_loss":0.0,"damage_taken":0.0,"cards_upgraded":["Feel No Pain"]}],"is_beta":false,"boss_relics":[{"not_picked":["Philosopher\u0027s Stone","Black Star"],"picked":"Black Blood"}],"items_purged_floors":[20],"is_endless":false,"potions_floor_spawned":[8,11,16,19,21,23,24,27],"killed_by":"Collector","ascension_level":1}