{"gold_per_floor":[111,211,225,238,254,254,284,298,298,298,324,62,14,14,14,110,110,126,142,142],"floor_reached":20,"playtime":951,"items_purged":[],"score":202,"play_id":"cf8911dc-5c90-4031-9a31-1728233daa0b","local_time":"20190917005128","is_ascension_mode":true,"campfire_choices":[{"data":"DeceiveReality","floor":6,"key":"SMITH"},{"data":"CarveReality","floor":10,"key":"SMITH"},{"floor":15,"key":"DIG"}],"neow_cost":"NONE","seed_source_timestamp":471897523614000,"circlet_count":0,"master_deck":["Strike_P","Strike_P","Strike_P","Strike_P","Defend_P","Defend_P","Defend_P","Defend_P","Eruption","Vigilance","SandsOfTime","FollowUp","DeceiveReality+1","FlurryOfBlows","CarveReality+1","Wish+1","Wish","CrushJoints","BowlingBash"],"relics":["SlaversCollar","Pear","Turnip","Shovel","Matryoshka","Ice Cream","Black Star"],"potions_floor_usage":[20],"damage_taken":[{"damage":0,"enemies":"Small Slimes","floor":1,"turns":4},{"damage":1,"enemies":"Cultist","floor":3,"turns":3},{"damage":7,"enemies":"2 Louse","floor":4,"turns":4},{"damage":9,"enemies":"2 Fungi Beasts","floor":5,"turns":4},{"damage":10,"enemies":"3 Sentries","floor":7,"turns":6},{"damage":3,"enemies":"Exordium Wildlife","floor":8,"turns":5},{"damage":15,"enemies":"Gremlin Nob","floor":11,"turns":4},{"damage":2,"enemies":"Hexaghost","floor":16,"turns":7},{"damage":1,"enemies":"Chosen","floor":18,"turns":3},{"damage":23,"enemies":"Shell Parasite","floor":19,"turns":8},{"damage":66,"enemies":"Sentry and Sphere","floor":20,"turns":5}],"seed_played":"-8040156550030786303","potions_obtained":[{"floor":4,"key":"FearPotion"},{"floor":11,"key":"Poison Potion"},{"floor":19,"key":"SteroidPotion"}],"is_trial":false,"path_per_floor":["M","?","M","M","M","R","E","M","T","R","E","$","?","?","R","B",null,"M","M","M"],"character_chosen":"WATCHER","items_purchased":["Matryoshka"],"campfire_rested":0,"item_purchase_floors":[12],"current_hp_per_floor":[65,65,64,57,48,48,48,45,45,45,30,30,30,30,30,28,75,74,51,0],"gold":142,"neow_bonus":"BOSS_RELIC","is_prod":false,"is_daily":false,"chose_seed":false,"campfire_upgraded":2,"win_rate":0,"timestamp":1568695888,"path_taken":["M","?","M","?","M","R","E","M","T","R","E","$","?","?","R","BOSS","M","M","M"],"build_version":"2019-09-16","purchased_purges":0,"victory":false,"max_hp_per_floor":[65,65,65,65,65,65,75,75,75,75,75,75,75,75,75,75,75,75,75,75],"card_choices":[{"not_picked":["ClearTheMind","FearNoEvil"],"picked":"SandsOfTime","floor":1},{"not_picked":["MentalFortress","Wireheading"],"picked":"FollowUp","floor":3},{"not_picked":["EmptyBody","ThirdEye","Weave"],"picked":"SKIP","floor":4},{"not_picked":["SpiritShield","FollowUp"],"picked":"DeceiveReality","floor":5},{"not_picked":["EmptyBody","Meditate"],"picked":"FlurryOfBlows","floor":7},{"not_picked":["CutThroughFate","Protect"],"picked":"CarveReality","floor":8},{"not_picked":["SashWhip","Protect"],"picked":"Wish","floor":11},{"not_picked":["Vault","DeusExMachina"],"picked":"Wish","floor":16},{"not_picked":["Sanctity","Wireheading+1"],"picked":"CrushJoints","floor":18},{"not_picked":["FollowUp","Sanctity"],"picked":"BowlingBash","floor":19}],"player_experience":1025815,"relics_obtained":[{"floor":7,"key":"Pear"},{"floor":9,"key":"Turnip"},{"floor":11,"key":"Shovel"},{"floor":15,"key":"Ice Cream"}],"event_choices":[{"damage_healed":0,"gold_gain":100,"player_choice":"Gold","damage_taken":0,"max_hp_gain":0,"max_hp_loss":0,"event_name":"Wheel of Change","floor":2,"gold_loss":0},{"damage_healed":0,"gold_gain":0,"player_choice":"Left Gold","damage_taken":0,"max_hp_gain":0,"max_hp_loss":0,"event_name":"World of Goop","floor":13,"gold_loss":48},{"damage_healed":0,"gold_gain":0,"player_choice":"Grow","damage_taken":0,"max_hp_gain":0,"max_hp_loss":0,"event_name":"Living Wall","floor":14,"gold_loss":0,"cards_upgraded":["Wish"]}],"is_beta":true,"boss_relics":[{"not_picked":["Busted Crown","Philosopher\u0027s Stone"],"picked":"Black Star"}],"items_purged_floors":[],"is_endless":false,"potions_floor_spawned":[4,11,19],"killed_by":"Sentry and Sphere","ascension_level":2}