{"gold_per_floor":[116,41,121,136,153,153,171,185,185,29,62,62,27,43,43,142,142,152,77,88,101,118,144,144,158,158,58,68,68,0,17,17,118,118,130,130,130,145,245,245,259,278,304,329,329,344,354,374,374,374],"floor_reached":50,"playtime":4152,"items_purged":["Strike_R","Strike_R"],"score":470,"play_id":"9a21cfd3-b20d-4bbc-b412-a0d879871fa4","local_time":"20190914123744","is_ascension_mode":false,"campfire_choices":[{"data":"Whirlwind","floor":6,"key":"SMITH"},{"data":"Reaper","floor":12,"key":"SMITH"},{"data":"Bludgeon","floor":15,"key":"SMITH"},{"data":"Armaments","floor":24,"key":"SMITH"},{"floor":29,"key":"REST"},{"data":"Carnage","floor":32,"key":"SMITH"},{"data":"Double Tap","floor":40,"key":"SMITH"},{"floor":49,"key":"REST"}],"neow_cost":"NONE","seed_source_timestamp":2445660467441100,"circlet_count":0,"master_deck":["Strike_R","Strike_R","Strike_R","Defend_R","Defend_R","Defend_R","Defend_R","Bash","Whirlwind+1","Carnage+1","Armaments+1","Clothesline","Reaper+1","Anger","Bludgeon+1","Juggernaut","Ghostly Armor","Uppercut+1","Flame Barrier","Metallicize","Double Tap+1","Seeing Red+1","Carnage","Parasite","Dual Wield+1","Shockwave+1"],"relics":["Snecko Eye"],"potions_floor_usage":[20,22,22,28,33,33,33,39,48,48,48],"damage_taken":[{"damage":2,"enemies":"2 Louse","floor":1,"turns":2},{"damage":0,"enemies":"Small Slimes","floor":4,"turns":2},{"damage":1,"enemies":"Jaw Worm","floor":5,"turns":2},{"damage":7,"enemies":"3 Louse","floor":7,"turns":2},{"damage":0,"enemies":"Exordium Wildlife","floor":8,"turns":2},{"damage":8,"enemies":"Lagavulin","floor":11,"turns":3},{"damage":0,"enemies":"2 Fungi Beasts","floor":14,"turns":1},{"damage":27,"enemies":"The Guardian","floor":16,"turns":7},{"damage":10,"enemies":"Chosen","floor":18,"turns":3},{"damage":0,"enemies":"Spheric Guardian","floor":20,"turns":2},{"damage":20,"enemies":"Centurion and Healer","floor":21,"turns":4},{"damage":0,"enemies":"Cultist and Chosen","floor":22,"turns":3},{"damage":2,"enemies":"Book of Stabbing","floor":23,"turns":3},{"damage":3,"enemies":"Snake Plant","floor":25,"turns":2},{"damage":16,"enemies":"Sentry and Sphere","floor":28,"turns":5},{"damage":8,"enemies":"Centurion and Healer","floor":31,"turns":5},{"damage":18,"enemies":"Collector","floor":33,"turns":7},{"damage":1,"enemies":"3 Shapes","floor":35,"turns":3},{"damage":26,"enemies":"3 Darklings","floor":38,"turns":4},{"damage":0,"enemies":"Mind Bloom Boss Battle","floor":39,"turns":6},{"damage":36,"enemies":"4 Shapes","floor":41,"turns":7},{"damage":11,"enemies":"Writhing Mass","floor":42,"turns":3},{"damage":50,"enemies":"3 Darklings","floor":46,"turns":6},{"damage":8,"enemies":"Transient","floor":47,"turns":5},{"damage":22,"enemies":"Maw","floor":48,"turns":4},{"damage":34,"enemies":"Donu and Deca","floor":50,"turns":2}],"seed_played":"3325108240380502344","potions_obtained":[{"floor":1,"key":"Explosive Potion"},{"floor":11,"key":"Fire Potion"},{"floor":14,"key":"AttackPotion"},{"floor":22,"key":"Energy Potion"},{"floor":23,"key":"Dexterity Potion"},{"floor":25,"key":"Swift Potion"},{"floor":28,"key":"SpeedPotion"},{"floor":33,"key":"SpeedPotion"},{"floor":38,"key":"SpeedPotion"},{"floor":42,"key":"FearPotion"},{"floor":46,"key":"PowerPotion"},{"floor":47,"key":"AttackPotion"}],"is_trial":false,"path_per_floor":["M","$","?","M","M","R","M","M","T","$","E","R","?","M","R","B",null,"M","$","M","M","M","E","R","M","T","$","M","R","?","M","R","B",null,"M","?","?","M","?","R","M","M","T","T","?","M","M","M","R","B"],"character_chosen":"IRONCLAD","items_purchased":["Carnage","Bludgeon"],"campfire_rested":2,"item_purchase_floors":[2,10],"current_hp_per_floor":[78,78,78,78,77,77,70,73,73,73,65,65,80,80,80,53,80,72,72,77,66,80,78,78,78,78,78,62,80,80,72,72,61,80,79,79,76,50,60,60,41,30,30,30,66,16,15,7,26,0],"gold":374,"neow_bonus":"BOSS_RELIC","is_prod":false,"is_daily":false,"chose_seed":false,"campfire_upgraded":6,"win_rate":0,"timestamp":1568479064,"path_taken":["M","$","?","M","M","R","M","M","T","$","E","R","?","M","R","BOSS","M","$","M","M","M","E","R","M","T","$","M","R","?","M","R","BOSS","M","?","?","M","?","R","M","M","T","?","?","M","M","?","R","BOSS"],"build_version":"2019-07-17","purchased_purges":2,"victory":false,"max_hp_per_floor":[80,80,80,80,80,80,80,80,80,80,80,80,80,80,80,80,80,80,80,80,80,80,80,80,80,80,80,80,80,80,80,80,80,80,80,80,76,76,76,76,76,76,76,76,66,66,66,66,66,66],"card_choices":[{"not_picked":["Cleave","Hemokinesis"],"picked":"Whirlwind","floor":1},{"not_picked":["Cleave","Metallicize"],"picked":"Armaments","floor":4},{"not_picked":["Iron Wave","Pommel Strike"],"picked":"Clothesline","floor":5},{"not_picked":["Clothesline","Hemokinesis"],"picked":"Reaper","floor":7},{"not_picked":["Inflame","Pummel"],"picked":"Anger","floor":8},{"not_picked":["Heavy Blade","Sentinel","Clothesline"],"picked":"SKIP","floor":11},{"not_picked":["Burning Pact","Clash"],"picked":"Inflame","floor":14},{"not_picked":["Dark Embrace","Exhume"],"picked":"Juggernaut","floor":16},{"not_picked":["Evolve","True Grit"],"picked":"Ghostly Armor","floor":18},{"not_picked":["Anger","Metallicize"],"picked":"Uppercut+1","floor":20},{"not_picked":["Second Wind","Sword Boomerang"],"picked":"Flame Barrier","floor":21},{"not_picked":["Heavy Blade+1","Clothesline","Clash"],"picked":"SKIP","floor":22},{"not_picked":["Heavy Blade","Juggernaut","Rage"],"picked":"SKIP","floor":23},{"not_picked":["Wild Strike+1","Burning Pact","Cleave"],"picked":"SKIP","floor":25},{"not_picked":["Disarm","Sword Boomerang"],"picked":"Metallicize","floor":28},{"not_picked":["Sword Boomerang","Perfected Strike","Intimidate"],"picked":"SKIP","floor":31},{"not_picked":["Reaper","Brutality"],"picked":"Double Tap","floor":33},{"not_picked":["Havoc","Thunderclap","Reckless Charge"],"picked":"SKIP","floor":35},{"not_picked":["Armaments+1","Power Through+1","Uppercut+1"],"picked":"SKIP","floor":38},{"not_picked":["Flex","Perfected Strike"],"picked":"Seeing Red+1","floor":39},{"not_picked":["Heavy Blade+1","Infernal Blade"],"picked":"Carnage","floor":41},{"not_picked":["Spot Weakness","Armaments+1","Warcry"],"picked":"SKIP","floor":42},{"not_picked":["Body Slam+1","Cleave"],"picked":"Dual Wield+1","floor":46},{"not_picked":["Heavy Blade+1","Clash+1","Thunderclap"],"picked":"SKIP","floor":47},{"not_picked":["Thunderclap","Second Wind"],"picked":"Shockwave+1","floor":48}],"player_experience":440757,"relics_obtained":[],"event_choices":[{"damage_healed":0,"gold_gain":80,"player_choice":"Gained Gold","damage_taken":0,"max_hp_gain":0,"max_hp_loss":0,"event_name":"Golden Wing","floor":3,"gold_loss":0},{"damage_healed":20,"gold_gain":0,"player_choice":"Healed","damage_taken":0,"max_hp_gain":0,"max_hp_loss":0,"event_name":"The Cleric","floor":13,"gold_loss":35},{"damage_healed":0,"gold_gain":0,"player_choice":"Paid Fearfully","damage_taken":0,"max_hp_gain":0,"max_hp_loss":0,"event_name":"Masked Bandits","floor":30,"gold_loss":68},{"cards_removed":["Inflame"],"damage_healed":0,"gold_gain":0,"player_choice":"Removed Power","damage_taken":0,"max_hp_gain":0,"max_hp_loss":0,"event_name":"Falling","floor":36,"gold_loss":0},{"damage_healed":0,"gold_gain":0,"player_choice":"Max HP","damage_taken":0,"max_hp_gain":0,"max_hp_loss":4,"event_name":"Winding Halls","floor":37,"gold_loss":0},{"damage_healed":0,"gold_gain":0,"player_choice":"Fight","damage_taken":0,"max_hp_gain":0,"max_hp_loss":0,"event_name":"MindBloom","floor":39,"gold_loss":0},{"damage_healed":66,"gold_gain":0,"player_choice":"Heal","damage_taken":0,"max_hp_gain":0,"max_hp_loss":10,"event_name":"The Moai Head","floor":45,"gold_loss":0}],"is_beta":false,"boss_relics":[{"not_picked":["Cursed Key","Coffee Dripper","Philosopher\u0027s Stone"]},{"not_picked":["Runic Cube","Calling Bell","Lizard Tail"]}],"items_purged_floors":[19,27],"is_endless":false,"potions_floor_spawned":[1,11,14,16,22,23,25,28,33,38,42,46,47],"killed_by":"Donu and Deca","ascension_level":0}