{"gold_per_floor":[10,23,23,23,23,57,76,76,102,120,154,154,154,167,167,264,264,283,283,223,223,242,242,268,279,279,297,51,63,63,82,82,181,181,193,118,118],"floor_reached":37,"playtime":1658,"items_purged":["Strike_G"],"score":399,"play_id":"8bafddc0-1271-41e1-9187-193ecfce9681","local_time":"20190222170952","is_ascension_mode":false,"campfire_choices":[{"data":"strawberrySpire:Rummage","floor":8,"key":"SMITH"},{"data":"strawberrySpire:SideSwipe","floor":13,"key":"SMITH"},{"data":"Backstab","floor":15,"key":"SMITH"},{"data":"RitualDagger","floor":23,"key":"SMITH"},{"floor":32,"key":"REST"}],"neow_cost":"NO_GOLD","seed_source_timestamp":267445070356904,"circlet_count":0,"master_deck":["Defend_G","Defend_G","Defend_G","Defend_G","Defend_G","Strike_G","Strike_G","Strike_G","Strike_G","Survivor","Neutralize","strawberrySpire:Rummage+1","strawberrySpire:SideSwipe+1","Backstab+1","Slice","Deadly Poison","Dagger Throw","Tools of the Trade","Underhanded Strike","RitualDagger+1","ReplayTheSpireMod:Book of Names","strawberrySpire:Slide+1"],"relics":["Tough Bandages","Sizzling Blood","hubris:Spice","infinitespire:Satchel","strawberrySpire:Treaders","infinitespire:BottledMercury"],"potions_floor_usage":[6],"damage_taken":[{"damage":0,"enemies":"2 Louse","floor":1,"turns":3},{"damage":2,"enemies":"Jaw Worm","floor":2,"turns":5},{"damage":19,"enemies":"Lagavulin","floor":6,"turns":8},{"damage":0,"enemies":"Small Slimes","floor":7,"turns":3},{"damage":0,"enemies":"Exordium Wildlife","floor":10,"turns":4},{"damage":27,"enemies":"Gremlin Nob","floor":11,"turns":5},{"damage":0,"enemies":"3 Louse","floor":14,"turns":2},{"damage":8,"enemies":"Hexaghost","floor":16,"turns":8},{"damage":0,"enemies":"3 Byrds","floor":18,"turns":5},{"damage":4,"enemies":"2 Thieves","floor":22,"turns":3},{"damage":17,"enemies":"Book of Stabbing","floor":24,"turns":5},{"damage":15,"enemies":"Snake Plant","floor":25,"turns":4},{"damage":0,"enemies":"Centurion and Healer","floor":27,"turns":4},{"damage":0,"enemies":"Shelled Parasite and Fungi","floor":29,"turns":3},{"damage":7,"enemies":"Snake Plant","floor":31,"turns":3},{"damage":29,"enemies":"Automaton","floor":33,"turns":10},{"damage":13,"enemies":"3 Shapes","floor":35,"turns":4},{"damage":4,"enemies":"infinitespire:Three Voidlings","floor":37,"turns":4},{"damage":55,"enemies":"Nightmare_Alpha","floor":37,"turns":9}],"seed_played":"8464678683056376394","potions_obtained":[{"floor":2,"key":"Cursed Concoction"},{"floor":10,"key":"FearPotion"},{"floor":11,"key":"Strength Potion"},{"floor":16,"key":"Milkshake"},{"floor":27,"key":"PowerPotion"}],"is_trial":false,"path_per_floor":["M","M","?","?","$","E","M","R","T","M","E","?","R","M","R","B",null,"M","?","?","?","M","R","E","M","T","M","$","M","$","M","R","B",null,"M","$","?"],"character_chosen":"THE_SILENT","items_purchased":["infinitespire:BottledMercury"],"campfire_rested":1,"item_purchase_floors":[28],"current_hp_per_floor":[70,68,68,72,72,65,69,69,69,73,58,58,58,62,62,58,74,74,68,68,50,50,50,37,33,33,37,37,41,41,38,57,49,58,49,49,0],"gold":118,"neow_bonus":"ONE_RARE_RELIC","is_prod":false,"is_daily":false,"chose_seed":false,"campfire_upgraded":4,"win_rate":0,"timestamp":1550873392,"path_taken":["M","M","?","?","?","E","M","R","T","?","E","?","R","M","R","BOSS","M","?","?","?","M","R","E","M","T","?","$","M","$","M","R","BOSS","M","$","?"],"build_version":"2019-01-23","purchased_purges":1,"victory":false,"max_hp_per_floor":[70,70,70,74,74,82,82,82,82,82,90,82,82,82,82,82,74,74,74,74,74,74,74,74,74,66,66,66,66,66,66,66,66,58,58,58,58],"card_choices":[{"not_picked":["Fluid Movement","Dagger Spray"],"picked":"strawberrySpire:Rummage","floor":1},{"not_picked":["Quick Slash","strawberrySpire:Slide"],"picked":"strawberrySpire:SideSwipe","floor":2},{"not_picked":["Choke","strawberrySpire:Urgency"],"picked":"Backstab","floor":6},{"not_picked":["strawberrySpire:DeltaFlow","Leg Sweep"],"picked":"Slice","floor":7},{"not_picked":["strawberrySpire:SpinKick","Footwork"],"picked":"Deadly Poison","floor":10},{"not_picked":["Dash","Skewer"],"picked":"Dagger Throw","floor":11},{"not_picked":["Outmaneuver","strawberrySpire:SideSwipe","hubris:SpiceAddiction"],"picked":"SKIP","floor":14},{"not_picked":["Grand Finale","hubris:SpiceAddiction"],"picked":"Tools of the Trade","floor":16},{"not_picked":["strawberrySpire:Rummage+1","hubris:SlightOfHand"],"picked":"Underhanded Strike","floor":18},{"not_picked":["hubris:Rewind","infinitespire:NeuralNetwork"],"picked":"ReplayTheSpireMod:Book of Names","floor":21},{"not_picked":["Expertise","Dagger Throw+1","strawberrySpire:SpinKick+1"],"picked":"SKIP","floor":22},{"not_picked":["Calculated Gamble","Backflip","Poisoned Stab"],"picked":"SKIP","floor":24},{"not_picked":["Concentrate","Heel Hook"],"picked":"strawberrySpire:Slide+1","floor":25},{"not_picked":["Flying Knee+1","Quick Slash","Footwork"],"picked":"SKIP","floor":27},{"not_picked":["Deflect","hubris:SpiceAddiction","PiercingWail"],"picked":"SKIP","floor":29},{"not_picked":["Endless Agony","Crippling Poison+1","Dagger Throw"],"picked":"SKIP","floor":31},{"not_picked":["Slice+1","Endless Agony+1","strawberrySpire:SpinKick+1"],"picked":"SKIP","floor":35}],"player_experience":713677,"relics_obtained":[{"floor":6,"key":"hubris:Spice"},{"floor":9,"key":"infinitespire:Satchel"},{"floor":11,"key":"hubris:Spice"},{"floor":12,"key":"hubris:Spice"},{"floor":24,"key":"strawberrySpire:Treaders"},{"floor":26,"key":"hubris:Spice"}],"event_choices":[{"damage_healed":0,"gold_gain":0,"player_choice":"Leave","damage_taken":0,"max_hp_gain":0,"max_hp_loss":0,"event_name":"The Cleric","floor":3,"gold_loss":0},{"damage_healed":0,"gold_gain":0,"player_choice":"Joined the Cult","damage_taken":6,"max_hp_gain":0,"max_hp_loss":0,"event_name":"Nest","floor":19,"gold_loss":0,"cards_obtained":["RitualDagger"]}],"is_beta":false,"boss_relics":[{"not_picked":["ChewingGum","hubris:Backtick"],"picked":"hubris:Spice"},{"not_picked":["hubris:GrandSneckoEye","Pandora\u0027s Box"],"picked":"hubris:Spice"}],"items_purged_floors":[36],"is_endless":false,"potions_floor_spawned":[2,10,11,16,24,25,27,29],"killed_by":"Nightmare_Alpha","ascension_level":0}