{"gold_per_floor":[112,127,147,159,159,159,169,169,193,49,49,82,82,102,102,102],"floor_reached":16,"playtime":845,"items_purged":["Strike_P"],"score":102,"play_id":"e82b3856-c273-41fc-a4e8-7e8e159b84ef","local_time":"20190909173447","is_ascension_mode":false,"campfire_choices":[{"data":"FollowUp","floor":6,"key":"SMITH"},{"data":"Conclude","floor":8,"key":"SMITH"},{"floor":11,"key":"REST"},{"data":"Vault","floor":13,"key":"SMITH"},{"data":"Devotion","floor":15,"key":"SMITH"}],"neow_cost":"NONE","seed_source_timestamp":1203715180592100,"circlet_count":0,"master_deck":["Strike_P","Strike_P","Strike_P","Defend_P","Defend_P","Defend_P+1","Defend_P","Eruption","Vigilance","Vengeance+1","Worship","Evaluate+1","FollowUp+1","Conclude+1","Devotion+1","Vault+1","EmptyFist"],"relics":["PureWater","Strawberry","War Paint"],"potions_floor_usage":[],"damage_taken":[{"damage":1,"enemies":"Cultist","floor":1,"turns":3},{"damage":13,"enemies":"2 Louse","floor":2,"turns":4},{"damage":2,"enemies":"Small Slimes","floor":3,"turns":4},{"damage":7,"enemies":"Blue Slaver","floor":4,"turns":6},{"damage":24,"enemies":"Red Slaver","floor":7,"turns":4},{"damage":28,"enemies":"Lagavulin","floor":12,"turns":6},{"damage":0,"enemies":"Large Slime","floor":14,"turns":4},{"damage":26,"enemies":"Hexaghost","floor":16,"turns":9}],"seed_played":"-6118111107146945793","potions_obtained":[{"floor":3,"key":"Poison Potion"},{"floor":4,"key":"SteroidPotion"},{"floor":12,"key":"FearPotion"}],"is_trial":false,"path_per_floor":["M","M","M","M","?","R","M","R","T","$","R","E","R","M","R","B"],"character_chosen":"WATCHER","items_purchased":["Devotion"],"campfire_rested":1,"item_purchase_floors":[10],"current_hp_per_floor":[70,57,55,48,48,48,24,24,31,31,54,26,26,26,26,0],"gold":102,"neow_bonus":"TEN_PERCENT_HP_BONUS","is_prod":false,"is_daily":false,"chose_seed":false,"campfire_upgraded":4,"win_rate":0.0,"timestamp":1568064887,"path_taken":["M","M","?","M","?","R","M","R","T","$","R","E","R","M","R","BOSS"],"build_version":"2019-09-09","purchased_purges":1,"victory":false,"max_hp_per_floor":[71,71,71,71,71,71,71,71,78,78,78,78,78,78,78,78],"card_choices":[{"not_picked":["BowlingBash","Sanctity"],"picked":"Vengeance","floor":1},{"not_picked":["BowlingBash","FollowUp"],"picked":"Worship","floor":2},{"not_picked":["Collect","CutThroughFate"],"picked":"Evaluate","floor":3},{"not_picked":["EmptyMind","ClearTheMind"],"picked":"FollowUp","floor":4},{"not_picked":["BowlingBash","CutThroughFate"],"picked":"Conclude","floor":7},{"not_picked":["Crescendo","WaveOfTheHand"],"picked":"Vault","floor":12},{"not_picked":["WaveOfTheHand","FollowUp"],"picked":"EmptyFist","floor":14}],"player_experience":997597,"relics_obtained":[{"floor":9,"key":"Strawberry"},{"floor":12,"key":"War Paint"}],"event_choices":[{"damage_healed":0,"gold_gain":0,"player_choice":"Grow","damage_taken":0,"max_hp_gain":0,"max_hp_loss":0,"event_name":"Living Wall","floor":5,"gold_loss":0,"cards_upgraded":["Vengeance"]}],"is_beta":true,"boss_relics":[],"items_purged_floors":[10],"is_endless":false,"potions_floor_spawned":[3,4,12],"killed_by":"Hexaghost","ascension_level":0}