{"gold_per_floor":[109,123,73,86,86,113,126,157,183,239,239,51,108,120,120,220,220,235,160,160,75,87,120,120,154,154,154,165,213,228,261,261,261],"floor_reached":33,"playtime":2823,"items_purged":[],"score":313,"play_id":"10f0e6d0-57f4-48ac-b83a-4567f7749e55","local_time":"20190709130703","is_ascension_mode":false,"campfire_choices":[{"floor":11,"key":"REST"},{"floor":15,"key":"REST"},{"floor":24,"key":"REST"},{"floor":32,"key":"REST"}],"neow_cost":"PERCENT_DAMAGE","seed_source_timestamp":2303302072639677,"circlet_count":0,"master_deck":["Strike_R","Strike_R","Strike_R+1","Defend_R","Defend_R","Defend_R","Defend_R","Bash","Iron Wave+1","Seeing Red+1","Inflame","Intimidate+1","Flex","Headbutt","Headbutt","Searing Blow","Reckless Charge","Impervious","Evolve","Necronomicurse","Anger+1","Exhume","Rampage","Warcry+1","Intimidate+1"],"relics":["Black Blood","Magic Flower","Dodecahedron","Vajra","War Paint","Pen Nib","Necronomicon","Bag of Preparation","Orichalcum","Charon\u0027s Ashes","Bottled Lightning","Smiling Mask","Omamori"],"potions_floor_usage":[16,23,23,28,31],"damage_taken":[{"damage":0,"enemies":"Small Slimes","floor":1,"turns":5},{"damage":1,"enemies":"Jaw Worm","floor":2,"turns":3},{"damage":1,"enemies":"2 Louse","floor":4,"turns":3},{"damage":21,"enemies":"Gremlin Nob","floor":6,"turns":5},{"damage":1,"enemies":"2 Fungi Beasts","floor":7,"turns":3},{"damage":26,"enemies":"Lagavulin","floor":8,"turns":8},{"damage":24,"enemies":"3 Sentries","floor":10,"turns":8},{"damage":2,"enemies":"Large Slime","floor":14,"turns":5},{"damage":31,"enemies":"Hexaghost","floor":16,"turns":6},{"damage":16,"enemies":"Shell Parasite","floor":18,"turns":6},{"damage":10,"enemies":"Chosen","floor":22,"turns":4},{"damage":17,"enemies":"Book of Stabbing","floor":23,"turns":5},{"damage":23,"enemies":"Slavers","floor":25,"turns":5},{"damage":21,"enemies":"Shelled Parasite and Fungi","floor":28,"turns":5},{"damage":30,"enemies":"Centurion and Healer","floor":30,"turns":5},{"damage":45,"enemies":"Gremlin Leader","floor":31,"turns":6},{"damage":45,"enemies":"Collector","floor":33,"turns":8}],"seed_played":"4397250616293271016","potions_obtained":[{"floor":2,"key":"Ancient Potion"},{"floor":7,"key":"Weak Potion"},{"floor":10,"key":"AttackPotion"},{"floor":22,"key":"PowerPotion"},{"floor":28,"key":"Energy Potion"}],"is_trial":false,"path_per_floor":["M","M","?","M","?","E","M","E","T","?","R","$","?","M","R","B",null,"M","?","?","?","M","E","R","E","T","$","M","T","M","E","R","B"],"character_chosen":"IRONCLAD","items_purchased":["Pen Nib","Searing Blow"],"campfire_rested":4,"item_purchase_floors":[12,12],"current_hp_per_floor":[65,73,73,80,64,52,60,43,43,28,52,52,52,59,80,58,80,79,79,63,63,68,66,80,72,72,72,66,66,51,21,45,0],"gold":261,"neow_bonus":"ONE_RARE_RELIC","is_prod":false,"is_daily":false,"chose_seed":false,"campfire_upgraded":0,"win_rate":0,"timestamp":1562692023,"path_taken":["M","M","?","M","?","E","M","E","T","?","R","?","?","?","R","BOSS","M","?","?","?","M","E","R","E","T","$","?","?","M","E","R","BOSS"],"build_version":"2019-07-05","purchased_purges":0,"victory":false,"max_hp_per_floor":[80,80,80,80,80,80,80,80,80,80,80,80,80,80,80,80,80,80,80,80,80,80,80,80,80,80,80,80,80,80,80,80,80],"card_choices":[{"not_picked":["True Grit","Flex"],"picked":"Iron Wave","floor":1},{"not_picked":["Bloodletting","Flex"],"picked":"Seeing Red","floor":2},{"not_picked":["Rupture","Wild Strike"],"picked":"Inflame","floor":4},{"not_picked":["Clothesline","Flex"],"picked":"Intimidate","floor":6},{"not_picked":["Metallicize","Body Slam"],"picked":"Flex","floor":7},{"not_picked":["Cleave","Berserk"],"picked":"Headbutt","floor":8},{"not_picked":["Clothesline","Body Slam"],"picked":"Headbutt","floor":10},{"not_picked":["Blood for Blood","Twin Strike"],"picked":"Reckless Charge","floor":14},{"not_picked":["Bludgeon","Berserk"],"picked":"Impervious","floor":16},{"not_picked":["Entrench","Iron Wave"],"picked":"Evolve","floor":18},{"not_picked":["Clash+1","Clothesline"],"picked":"Anger+1","floor":22},{"not_picked":["Intimidate","Twin Strike"],"picked":"Exhume","floor":23},{"not_picked":["Flame Barrier","Rampage","Hemokinesis"],"picked":"SKIP","floor":25},{"not_picked":["Hemokinesis","Sever Soul+1"],"picked":"Rampage","floor":28},{"not_picked":["Feel No Pain","Dropkick"],"picked":"Warcry+1","floor":30},{"not_picked":["Rage","Second Wind+1"],"picked":"Intimidate+1","floor":31}],"player_experience":129023,"relics_obtained":[{"floor":6,"key":"Dodecahedron"},{"floor":8,"key":"Vajra"},{"floor":10,"key":"War Paint"},{"floor":20,"key":"Necronomicon"},{"floor":23,"key":"Orichalcum"},{"floor":25,"key":"Charon\u0027s Ashes"},{"floor":26,"key":"Bottled Lightning"},{"floor":29,"key":"Smiling Mask"},{"floor":31,"key":"Omamori"}],"event_choices":[{"cards_removed":["Strike_R"],"damage_healed":0,"gold_gain":0,"player_choice":"Card Removal","damage_taken":0,"max_hp_gain":0,"max_hp_loss":0,"event_name":"The Cleric","floor":3,"gold_loss":50},{"damage_healed":0,"gold_gain":0,"player_choice":"Entered Light","damage_taken":16,"max_hp_gain":0,"max_hp_loss":0,"event_name":"Shining Light","floor":5,"gold_loss":0,"cards_upgraded":["Iron Wave","Strike_R"]},{"damage_healed":0,"gold_gain":0,"player_choice":"Searched \u00272\u0027 times","damage_taken":0,"max_hp_gain":0,"max_hp_loss":0,"event_name":"Dead Adventurer","floor":10,"gold_loss":0},{"damage_healed":0,"gold_gain":57,"player_choice":"Gained Gold","damage_taken":0,"max_hp_gain":0,"max_hp_loss":0,"event_name":"Golden Wing","floor":13,"gold_loss":0},{"cards_removed":["Strike_R"],"damage_healed":0,"gold_gain":0,"player_choice":"Gave Gold","damage_taken":0,"max_hp_gain":0,"max_hp_loss":0,"event_name":"Beggar","floor":19,"gold_loss":75},{"damage_healed":0,"gold_gain":0,"player_choice":"Obtained Book","damage_taken":16,"max_hp_gain":0,"max_hp_loss":0,"event_name":"Cursed Tome","floor":20,"gold_loss":0},{"damage_healed":0,"gold_gain":0,"player_choice":"Obtained Relic","damage_taken":0,"relics_obtained":["Bag of Preparation"],"max_hp_gain":0,"max_hp_loss":0,"event_name":"Addict","floor":21,"gold_loss":85}],"is_beta":false,"boss_relics":[{"not_picked":["Cursed Key","Lizard Tail"],"picked":"Black Blood"}],"items_purged_floors":[],"is_endless":false,"potions_floor_spawned":[2,7,10,14,18,22,28],"killed_by":"Collector","ascension_level":0}