{"path_per_floor":["M","?","?","M","M","R","M","R","T","E","M","E","R","?","R","B",null,"M","M","$","?","M","M","E","M","T","E","R","M","R","?","R","B",null,"M","M","M","M"],"character_chosen":"THE_SILENT","items_purchased":["Bandage Up"],"gold_per_floor":[11,11,11,30,45,45,56,56,79,114,125,155,155,155,155,255,255,272,288,121,121,133,145,180,191,191,223,223,233,233,233,233,338,338,357,377,394,408],"floor_reached":39,"campfire_rested":3,"playtime":2033,"current_hp_per_floor":[82,82,82,78,76,76,73,73,73,58,57,47,47,75,75,49,84,77,64,64,64,46,46,44,38,38,31,56,58,83,67,89,41,89,82,43,20,3],"items_purged":["Strike_G"],"gold":408,"score":504,"play_id":"f9a36a45-6baf-4e06-ab24-d255635ba337","local_time":"20180315143612","is_prod":false,"is_daily":false,"is_ascension_mode":true,"campfire_upgraded":4,"timestamp":1521138972,"path_taken":["M","?","?","M","M","R","M","R","T","E","M","E","R","?","R","BOSS","M","M","$","?","?","M","E","M","T","E","R","M","R","?","R","BOSS","M","M","M","M","?"],"build_version":"2018-03-09","purchased_purges":1,"victory":false,"master_deck":["Defend_G","Defend_G","Defend_G","Defend_G","Strike_G","Strike_G","Strike_G","Strike_G","Survivor","Neutralize+1","Sucker Punch+1","Noxious Fumes+1","Heel Hook","Deflect","Quick Slash+1","Malaise","Outmaneuver","Die Die Die","Terror+1","Backflip+1","Bandage Up","Sucker Punch","Glass Knife","Glass Knife","Bane+1","Backflip+1","Predator","Envenom","Sucker Punch+1"],"max_hp_per_floor":[84,84,84,84,84,84,84,84,84,84,84,84,84,84,84,84,84,84,84,84,84,84,84,84,84,84,84,84,84,84,89,89,89,89,89,89,89,89],"relics":["Ring of the Snake","Happy Flower","Ice Cream","Vajra","Sozu","Prayer Wheel","Ancient Tea Set","Calipers","Lizard Tail"],"card_choices":[{"not_picked":["Quick Slash","Terror"],"picked":"Sucker Punch"},{"not_picked":["Riddle With Holes","Blur"],"picked":"Noxious Fumes"},{"not_picked":["Acrobatics","Dagger Spray"],"picked":"Heel Hook"},{"not_picked":["Deadly Poison","Prepared"],"picked":"Deflect"},{"not_picked":["Cloak And Dagger","Prepared"],"picked":"Quick Slash"},{"not_picked":["Underhanded Strike","Riddle With Holes"],"picked":"Malaise"},{"not_picked":["Reflex","Deadly Poison"],"picked":"Outmaneuver"},{"not_picked":["After Image","Phantasmal Killer"],"picked":"Die Die Die"},{"not_picked":["Dagger Spray","Flying Knee"],"picked":"Terror"},{"not_picked":["Quick Slash","Poisoned Stab"],"picked":"Backflip"},{"not_picked":["Poisoned Stab","Flying Knee"],"picked":"Sucker Punch"},{"not_picked":["Blade Dance","Flying Knee"],"picked":"Glass Knife"},{"not_picked":["Heel Hook","Underhanded Strike"],"picked":"Glass Knife"},{"not_picked":["Acrobatics","Cloak And Dagger"],"picked":"Bane"},{"not_picked":["Blade Dance","Flying Knee"],"picked":"Backflip"},{"not_picked":["Poisoned Stab","Backflip"],"picked":"Predator"},{"not_picked":["Storm of Steel","Tools of the Trade"],"picked":"Envenom"},{"not_picked":["Poisoned Stab","Flying Knee"],"picked":"Sucker Punch"}],"player_experience":184146,"potions_floor_usage":[39],"damage_taken":[{"damage":2,"enemies":"2 Louse","floor":1,"turns":3},{"damage":4,"enemies":"Cultist","floor":4,"turns":3},{"damage":2,"enemies":"Jaw Worm","floor":5,"turns":4},{"damage":3,"enemies":"Looter","floor":7,"turns":3},{"damage":15,"enemies":"Lagavulin","floor":10,"turns":8},{"damage":1,"enemies":"Exordium Wildlife","floor":11,"turns":2},{"damage":10,"enemies":"3 Sentries","floor":12,"turns":7},{"damage":26,"enemies":"The Guardian","floor":16,"turns":12},{"damage":7,"enemies":"2 Thieves","floor":18,"turns":3},{"damage":13,"enemies":"Shell Parasite","floor":19,"turns":4},{"damage":22,"enemies":"Snecko","floor":22,"turns":5},{"damage":4,"enemies":"Centurion and Healer","floor":23,"turns":6},{"damage":6,"enemies":"Gremlin Leader","floor":24,"turns":5},{"damage":10,"enemies":"Slaver and Parasite","floor":25,"turns":4},{"damage":11,"enemies":"Book of Stabbing","floor":27,"turns":4},{"damage":2,"enemies":"Snecko","floor":29,"turns":3},{"damage":52,"enemies":"Champ","floor":33,"turns":12},{"damage":7,"enemies":"Orb Walker","floor":35,"turns":3},{"damage":43,"enemies":"3 Shapes","floor":36,"turns":6},{"damage":27,"enemies":"3 Darklings","floor":37,"turns":5},{"damage":21,"enemies":"Maw","floor":38,"turns":6},{"damage":62,"enemies":"Sphere and 2 Shapes","floor":39,"turns":5}],"event_choices":[{"event_name":"Accursed Blacksmith","player_choice":"Ignore","floor":2,"damage_taken":0},{"event_name":"Wheel of Change","player_choice":"Card Removal","floor":3,"damage_taken":0},{"event_name":"Big Fish","player_choice":"Banana","floor":14,"damage_taken":0},{"event_name":"Vampires","player_choice":"Ignored","floor":21,"damage_taken":0},{"event_name":"Forgotten Altar","player_choice":"Shed Blood","floor":31,"damage_taken":0}],"boss_relics":[{"not_picked":["Velvet Choker","Eternal Feather"],"picked":"Sozu"},{"not_picked":["Question Card","Calling Bell"],"picked":"Lizard Tail"}],"potions_floor_spawned":[1,4,10,12,16,18,22,23,24,25,35,37],"seed_played":"5996225068465583772","killed_by":"Sphere and 2 Shapes","ascension_level":2,"is_trial":false}