{"gold_per_floor":[109,109,28,47,7,7,42,42,42,74,90,109,109,109,109,187,187,202,56,70,88,100,100,15,15,15,40,40,57,74,74,74,149,149,165,465,415,427,28,39,39,39],"floor_reached":42,"playtime":1249,"items_purged":["Strike_B"],"score":789,"play_id":"dde7d078-02b3-4ab5-a3e9-ed168cd8f5ff","local_time":"20190104091935","is_ascension_mode":true,"campfire_choices":[{"data":"Static Discharge","floor":6,"key":"SMITH"},{"data":"Static Discharge","floor":8,"key":"SMITH"},{"data":"Hologram","floor":15,"key":"SMITH"},{"floor":23,"key":"REST"},{"data":"Electrodynamics","floor":25,"key":"SMITH"},{"floor":28,"key":"REST"},{"data":"Fission","floor":32,"key":"SMITH"},{"floor":41,"key":"REST"}],"neow_cost":"NONE","seed_source_timestamp":1264852221621977,"circlet_count":0,"master_deck":["AscendersBane","Defend_B","Defend_B","Defend_B","Defend_B","Zap","Dualcast","Hologram+1","Biased Cognition","Static Discharge+1","Static Discharge+1","Leap","BootSequence","Electrodynamics+1","Steam","Leap","Fission+1","White Noise","Buffer","Consume","Static Discharge"],"relics":["Cracked Core","NeowsBlessing","Pocketwatch","Du-Vu Doll","Potion Belt","Nuclear Battery","Bronze Scales","Vajra","Bottled Lightning","Peace Pipe","StoneCalendar"],"potions_floor_usage":[10,21,33,40,40,40,42],"damage_taken":[{"damage":0,"enemies":"Small Slimes","floor":1,"turns":1},{"damage":0,"enemies":"Cultist","floor":4,"turns":1},{"damage":0,"enemies":"Gremlin Nob","floor":7,"turns":1},{"damage":15,"enemies":"Lagavulin","floor":10,"turns":5},{"damage":9,"enemies":"Jaw Worm","floor":11,"turns":3},{"damage":9,"enemies":"2 Fungi Beasts","floor":12,"turns":2},{"damage":25,"enemies":"The Guardian","floor":16,"turns":7},{"damage":5,"enemies":"3 Byrds","floor":18,"turns":2},{"damage":11,"enemies":"Spheric Guardian","floor":20,"turns":3},{"damage":2,"enemies":"Centurion and Healer","floor":21,"turns":4},{"damage":17,"enemies":"Snake Plant","floor":22,"turns":2},{"damage":11,"enemies":"Gremlin Leader","floor":27,"turns":3},{"damage":1,"enemies":"Cultist and Chosen","floor":29,"turns":4},{"damage":12,"enemies":"3 Cultists","floor":30,"turns":2},{"damage":24,"enemies":"Automaton","floor":33,"turns":5},{"damage":1,"enemies":"Orb Walker","floor":35,"turns":3},{"damage":11,"enemies":"3 Darklings","floor":38,"turns":2},{"damage":32,"enemies":"Transient","floor":40,"turns":5},{"damage":65,"enemies":"Giant Head","floor":42,"turns":8}],"seed_played":"6080530138225859509","potions_obtained":[{"floor":4,"key":"GamblersBrew"},{"floor":12,"key":"Block Potion"},{"floor":20,"key":"Regen Potion"},{"floor":27,"key":"GamblersBrew"},{"floor":29,"key":"Explosive Potion"},{"floor":33,"key":"SneckoOil"},{"floor":35,"key":"EssenceOfSteel"}],"is_trial":false,"path_per_floor":["M","?","$","M","$","R","E","R","T","E","M","M","?","?","R","B",null,"M","$","M","M","M","R","?","R","T","E","R","M","M","?","R","B",null,"M","?","$","M","$","M","R","E"],"character_chosen":"DEFECT","items_purchased":["Static Discharge","Static Discharge","Bronze Scales","Swift Potion","Consume","StoneCalendar"],"campfire_rested":3,"item_purchase_floors":[3,5,19,37,39,39],"current_hp_per_floor":[64,64,64,64,64,64,64,64,64,49,40,31,31,54,54,29,61,56,56,45,57,40,61,61,61,61,50,71,70,58,58,58,34,62,61,61,61,50,50,18,39,0],"gold":39,"neow_bonus":"THREE_ENEMY_KILL","is_prod":false,"is_daily":false,"chose_seed":false,"campfire_upgraded":5,"win_rate":0,"timestamp":1546589975,"path_taken":["M","?","$","?","?","R","E","R","T","E","M","M","?","?","R","BOSS","M","$","M","M","M","R","?","R","T","E","R","M","M","?","R","BOSS","M","?","$","M","$","?","R","E"],"build_version":"2019-01-03v3","purchased_purges":1,"victory":false,"max_hp_per_floor":[71,71,71,71,71,71,71,71,71,71,71,71,71,71,71,71,71,71,71,71,71,71,71,71,71,71,71,71,71,71,71,71,71,71,71,71,71,71,71,71,71,71],"card_choices":[{"not_picked":["Sweeping Beam","Rebound"],"picked":"Hologram","floor":1},{"not_picked":["Barrage","Go for the Eyes","Hello World"],"picked":"SKIP","floor":4},{"not_picked":["Doom and Gloom","Beam Cell","Fission"],"picked":"SKIP","floor":7},{"not_picked":["Sunder","Go for the Eyes","Tempest"],"picked":"SKIP","floor":10},{"not_picked":["Go for the Eyes","Consume"],"picked":"Leap","floor":11},{"not_picked":["Scrape","Compile Driver"],"picked":"BootSequence","floor":12},{"not_picked":["Biased Cognition","All For One"],"picked":"Electrodynamics","floor":16},{"not_picked":["Ball Lightning","Chaos","Blizzard"],"picked":"SKIP","floor":18},{"not_picked":["Rip and Tear","Hologram"],"picked":"Steam","floor":20},{"not_picked":["Turbo","Coolheaded","Barrage"],"picked":"SKIP","floor":21},{"not_picked":["Cold Snap","Beam Cell","Conserve Battery"],"picked":"SKIP","floor":22},{"not_picked":["Rainbow","Barrage","Cold Snap"],"picked":"SKIP","floor":27},{"not_picked":["Barrage","Reprogram","Fission"],"picked":"SKIP","floor":29},{"not_picked":["Rebound","Sweeping Beam"],"picked":"Leap","floor":30},{"not_picked":["Fission","Machine Learning"],"picked":"Buffer","floor":33},{"not_picked":["Melter","Cold Snap","Scrape"],"picked":"SKIP","floor":35},{"not_picked":["Scrape","Chaos+1","Rebound"],"picked":"SKIP","floor":38},{"not_picked":["Scrape","Rip and Tear"],"picked":"Static Discharge","floor":40}],"player_experience":395679,"relics_obtained":[{"floor":7,"key":"Pocketwatch"},{"floor":9,"key":"Du-Vu Doll"},{"floor":10,"key":"Potion Belt"},{"floor":26,"key":"Bottled Lightning"},{"floor":27,"key":"Peace Pipe"}],"event_choices":[{"damage_healed":0,"gold_gain":0,"player_choice":"1 cards matched","damage_taken":0,"max_hp_gain":0,"max_hp_loss":0,"event_name":"Match and Keep!","floor":2,"gold_loss":0,"cards_obtained":["Biased Cognition"]},{"cards_removed":["Strike_B"],"damage_healed":0,"gold_gain":0,"player_choice":"Forget","damage_taken":0,"max_hp_gain":0,"max_hp_loss":0,"event_name":"Living Wall","floor":13,"gold_loss":0},{"damage_healed":23,"gold_gain":0,"player_choice":"Banana","damage_taken":0,"max_hp_gain":0,"max_hp_loss":0,"event_name":"Big Fish","floor":14,"gold_loss":0},{"damage_healed":0,"gold_gain":0,"player_choice":"Obtained Relic","damage_taken":0,"relics_obtained":["Vajra"],"max_hp_gain":0,"max_hp_loss":0,"event_name":"Addict","floor":24,"gold_loss":85},{"damage_healed":0,"gold_gain":0,"cards_transformed":["Strike_B","Strike_B"],"player_choice":"Became Test Subject","damage_taken":0,"max_hp_gain":0,"max_hp_loss":0,"event_name":"Drug Dealer","floor":31,"gold_loss":0,"cards_obtained":["Fission","White Noise"]},{"damage_healed":0,"gold_gain":300,"player_choice":"Gold","damage_taken":0,"max_hp_gain":0,"max_hp_loss":0,"event_name":"Wheel of Change","floor":36,"gold_loss":0}],"is_beta":false,"boss_relics":[{"not_picked":["Philosopher\u0027s Stone","Busted Crown"],"picked":"Nuclear Battery"},{"not_picked":["Snecko Eye","Velvet Choker","Calling Bell"]}],"items_purged_floors":[39],"is_endless":false,"potions_floor_spawned":[4,12,20,27,29,33,35,38],"killed_by":"Giant Head","ascension_level":15}