{"gold_per_floor":[110,110,60,60,60,60,71,71,96,113,124,124,148,148,148,244,244,258,258,173,183,0,0,14,14],"floor_reached":25,"playtime":594,"items_purged":[],"score":214,"play_id":"42f366c8-370f-49cd-8700-3769f29ccd53","local_time":"20190912234245","is_ascension_mode":false,"campfire_choices":[{"data":"Bash","floor":6,"key":"SMITH"},{"data":"Heavy Blade","floor":8,"key":"SMITH"},{"floor":15,"key":"REST"},{"floor":23,"key":"REST"}],"neow_cost":"NONE","seed_source_timestamp":2316321732742800,"circlet_count":0,"master_deck":["Strike_R+1","Strike_R","Strike_R","Strike_R","Strike_R+1","Defend_R","Defend_R","Defend_R","Bash+1","Heavy Blade+1","Inflame","Spot Weakness","Whirlwind","Seeing Red","Flex"],"relics":["Burning Blood","Blood Vial","Whetstone","Odd Mushroom","Mango","Black Star","Meat on the Bone"],"potions_floor_usage":[16,16,18,21],"damage_taken":[{"damage":1,"enemies":"Jaw Worm","floor":1,"turns":3},{"damage":10,"enemies":"Small Slimes","floor":7,"turns":3},{"damage":0,"enemies":"2 Louse","floor":10,"turns":2},{"damage":9,"enemies":"2 Fungi Beasts","floor":11,"turns":2},{"damage":37,"enemies":"The Mushroom Lair","floor":13,"turns":4},{"damage":68,"enemies":"The Guardian","floor":16,"turns":9},{"damage":42,"enemies":"3 Byrds","floor":18,"turns":5},{"damage":56,"enemies":"2 Thieves","floor":21,"turns":4},{"damage":48,"enemies":"3 Cultists","floor":24,"turns":5},{"damage":46,"enemies":"Sentry and Sphere","floor":25,"turns":4}],"seed_played":"-6451807675633542192","potions_obtained":[{"floor":10,"key":"SteroidPotion"},{"floor":13,"key":"SpeedPotion"},{"floor":16,"key":"Regen Potion"},{"floor":18,"key":"Fruit Juice"}],"is_trial":false,"path_per_floor":["M","?","?","$","$","R","M","R","T","M","M","?","?","T","R","B",null,"M","?","?","M","?","R","M","M"],"character_chosen":"IRONCLAD","items_purchased":[],"campfire_rested":2,"item_purchase_floors":[],"current_hp_per_floor":[80,80,80,80,80,80,76,76,76,80,77,82,53,67,96,36,99,72,72,72,41,41,72,44,0],"gold":14,"neow_bonus":"RANDOM_COMMON_RELIC","is_prod":false,"is_daily":false,"chose_seed":false,"campfire_upgraded":2,"win_rate":0,"timestamp":1568346165,"path_taken":["M","?","?","?","$","R","M","R","T","M","?","?","?","?","R","BOSS","M","?","?","M","?","R","M","M"],"build_version":"2019-07-17","purchased_purges":0,"victory":false,"max_hp_per_floor":[80,80,80,80,80,80,80,80,80,80,80,85,85,99,99,99,99,99,99,99,104,104,104,104,104],"card_choices":[{"not_picked":["Cleave","Corruption","Clothesline"],"picked":"SKIP","floor":1},{"not_picked":["Twin Strike","Warcry"],"picked":"Heavy Blade","floor":7},{"not_picked":["Pommel Strike","Sword Boomerang"],"picked":"Inflame","floor":10},{"not_picked":["Shrug It Off","Iron Wave","Rampage"],"picked":"SKIP","floor":11},{"not_picked":["Bludgeon","Pommel Strike"],"picked":"Spot Weakness","floor":13},{"not_picked":["Armaments+1","Cleave","Flame Barrier"],"picked":"SKIP","floor":18},{"not_picked":["Pommel Strike","Clash"],"picked":"Seeing Red","floor":21},{"not_picked":["Pummel","Sword Boomerang+1"],"picked":"Flex","floor":24}],"player_experience":401332,"relics_obtained":[{"floor":9,"key":"Whetstone"},{"floor":13,"key":"Odd Mushroom"},{"floor":14,"key":"Mango"}],"event_choices":[{"damage_healed":0,"gold_gain":0,"player_choice":"Ignored","damage_taken":0,"max_hp_gain":0,"max_hp_loss":0,"event_name":"Liars Game","floor":2,"gold_loss":0},{"cards_removed":["Defend_R"],"damage_healed":0,"gold_gain":0,"player_choice":"Card Removal","damage_taken":0,"max_hp_gain":0,"max_hp_loss":0,"event_name":"The Cleric","floor":3,"gold_loss":50},{"damage_healed":0,"gold_gain":0,"player_choice":"Donut","damage_taken":0,"max_hp_gain":5,"max_hp_loss":0,"event_name":"Big Fish","floor":12,"gold_loss":0},{"damage_healed":0,"gold_gain":0,"player_choice":"Fought Mushrooms","damage_taken":0,"max_hp_gain":0,"max_hp_loss":0,"event_name":"Mushrooms","floor":13,"gold_loss":0},{"damage_healed":0,"gold_gain":0,"player_choice":"Read","damage_taken":0,"max_hp_gain":0,"max_hp_loss":0,"event_name":"The Library","floor":19,"gold_loss":0,"cards_obtained":["Whirlwind"]},{"damage_healed":0,"gold_gain":0,"player_choice":"Obtained Relic","damage_taken":0,"relics_obtained":["Meat on the Bone"],"max_hp_gain":0,"max_hp_loss":0,"event_name":"Addict","floor":20,"gold_loss":85},{"damage_healed":0,"gold_gain":0,"player_choice":"Paid Fearfully","damage_taken":0,"max_hp_gain":0,"max_hp_loss":0,"event_name":"Masked Bandits","floor":22,"gold_loss":183}],"is_beta":false,"boss_relics":[{"not_picked":["Black Blood","White Beast Statue"],"picked":"Black Star"}],"items_purged_floors":[],"is_endless":false,"potions_floor_spawned":[10,13,16,18],"killed_by":"Sentry and Sphere","ascension_level":0}