{"gold_per_floor":[112,112,212,224,82,108,108,136,163,163,179,179,193,205,205,310,310,329,9,9,26,37,72,72,106,130,168,192,233,265,277,289,405,417,439,500,1,1000,1000,1025,1025,1055,1055,1055,1067,1097,505,58,58,58,58,58,6,31,31],"floor_reached":56,"playtime":10427,"items_purged":["Defend_P","Defend_P","Normality","Normality"],"score":1808,"play_id":"a94568d2-e4ed-49f8-84bd-6c6cc76adc97","local_time":"20190911122258","is_ascension_mode":true,"campfire_choices":[{"data":"WindmillStrike","floor":7.0,"key":"SMITH"},{"data":"Perseverance","floor":10.0,"key":"SMITH"},{"data":"Eruption","floor":12.0,"key":"SMITH"},{"data":"ReachHeaven","floor":15.0,"key":"SMITH"},{"data":"TalkToTheHand","floor":24.0,"key":"SMITH"},{"data":"DeusExMachina","floor":32.0,"key":"SMITH"},{"data":"Metaphysics","floor":41.0,"key":"SMITH"},{"data":"EmptyMind","floor":44.0,"key":"SMITH"},{"floor":49,"key":"RECALL"},{"data":"SandsOfTime","floor":52,"key":"SMITH"}],"neow_cost":"NONE","seed_source_timestamp":0,"circlet_count":0,"master_deck":["Strike_P","Strike_P+1","Strike_P","Strike_P","Defend_P","Eruption+1","Vigilance","BowlingBash","Weave","Perseverance+1","WindmillStrike+1","SandsOfTime+1","Halt","CutThroughFate+1","ReachHeaven+1","Metaphysics+1","ClearTheMind+1","TalkToTheHand+1","Ghostly","Ghostly","Ghostly","Ghostly","Ghostly","FlyingSleeves+1","CutThroughFate+1","Prostrate+1","Meditate+1","EmptyBody+1","Wireheading+1","DeusExMachina+1","Vault","CrushJoints+1","Halt+1","FearNoEvil","Adaptation+1","Devotion+1","EmptyMind+1","Doubt","Crescendo","EmptyMind+1","Fasting+1","Devotion+1","Establishment+1","SpiritShield+1","Crescendo+1","Adaptation+1","TalkToTheHand"],"special_seed":0,"relics":["PureWater","NeowsBlessing","Ancient Tea Set","Eternal Feather","Oddly Smooth Stone","SlaversCollar","Frozen Egg 2","PreservedInsect","Whetstone","MawBank","Orichalcum","Darkstone Periapt","Enchiridion","Cursed Key","FossilizedHelix","Frozen Eye","Lantern","Melange","Regal Pillow","Nunchaku","Orrery","StrikeDummy","Toolbox","Happy Flower","Incense Burner"],"potions_floor_usage":[50,55,55,55],"damage_taken":[{"damage":0.0,"enemies":"2 Louse","floor":1.0,"turns":1.0},{"damage":0.0,"enemies":"Jaw Worm","floor":4.0,"turns":1.0},{"damage":0.0,"enemies":"3 Sentries","floor":6.0,"turns":1.0},{"damage":35.0,"enemies":"Lagavulin","floor":8.0,"turns":3.0},{"damage":0.0,"enemies":"Cultist","floor":11.0,"turns":2.0},{"damage":1.0,"enemies":"Gremlin Gang","floor":13.0,"turns":4.0},{"damage":0.0,"enemies":"3 Louse","floor":14.0,"turns":2.0},{"damage":22.0,"enemies":"Hexaghost","floor":16.0,"turns":5.0},{"damage":5.0,"enemies":"Spheric Guardian","floor":18.0,"turns":3.0},{"damage":2.0,"enemies":"Chosen","floor":21.0,"turns":5.0},{"damage":0.0,"enemies":"Shelled Parasite and Fungi","floor":22.0,"turns":5.0},{"damage":0.0,"enemies":"Book of Stabbing","floor":23.0,"turns":4.0},{"damage":1.0,"enemies":"Gremlin Leader","floor":25.0,"turns":7.0},{"damage":5.0,"enemies":"Slavers","floor":27.0,"turns":3.0},{"damage":0.0,"enemies":"Snake Plant","floor":28.0,"turns":5.0},{"damage":0.0,"enemies":"Gremlin Leader","floor":29.0,"turns":3.0},{"damage":0.0,"enemies":"Cultist and Chosen","floor":30.0,"turns":4.0},{"damage":0.0,"enemies":"Collector","floor":33.0,"turns":5.0},{"damage":0.0,"enemies":"3 Darklings","floor":35.0,"turns":4.0},{"damage":16.0,"enemies":"2 Orb Walkers","floor":36.0,"turns":3.0},{"damage":0.0,"enemies":"Giant Head","floor":40.0,"turns":7.0},{"damage":9.0,"enemies":"Reptomancer","floor":42.0,"turns":4.0},{"damage":12.0,"enemies":"3 Shapes","floor":45.0,"turns":4.0},{"damage":7.0,"enemies":"Nemesis","floor":46.0,"turns":5.0},{"damage":2,"enemies":"Awakened One","floor":50,"turns":5},{"damage":12,"enemies":"Shield and Spear","floor":54,"turns":4},{"damage":22,"enemies":"The Heart","floor":55,"turns":6}],"seed_played":"2852782225727889267","potions_obtained":[{"floor":8.0,"key":"Strength Potion"},{"floor":13.0,"key":"PowerPotion"},{"floor":16.0,"key":"SteroidPotion"},{"floor":25.0,"key":"StancePotion"},{"floor":29.0,"key":"SteroidPotion"},{"floor":30.0,"key":"Swift Potion"},{"floor":40.0,"key":"SteroidPotion"}],"is_trial":false,"path_per_floor":["M","?","?","M","$","E","R","E","T","R","M","R","M","M","R","B",null,"M","$","?","M","M","E","R","E","T","E","M","E","M","?","R","B",null,"M","?","$","?","?","E","R","E","T","R","M","E","$","$","R","B",null,"R","$","E","B",null],"character_chosen":"WATCHER","items_purchased":["Perseverance","Frozen Egg 2","TalkToTheHand","Frozen Eye","FearNoEvil","Adaptation+1","Lantern","Orrery","Adaptation+1","StrikeDummy","Toolbox","Happy Flower","FearPotion"],"campfire_rested":0,"item_purchase_floors":[5,19,19,37,37,37,37,47,47,47,48,48,53],"current_hp_per_floor":[65,65,65,65,65,65,65,30,30,36,36,42,41,41,50,28,65,60,60,32,30,30,30,32,31,31,26,26,26,26,10,28,28,32,32,16,16,28,28,28,42,33,39,48,36,29,29,29,48,46,48,48,48,36,14],"gold":31,"neow_bonus":"THREE_ENEMY_KILL","is_prod":false,"is_daily":false,"chose_seed":false,"campfire_upgraded":9,"win_rate":0,"timestamp":1568229778,"path_taken":["M","?","?","M","$","E","R","E","T","R","?","R","?","M","R","BOSS","M","$","?","M","M","E","R","E","T","E","M","E","M","?","R","BOSS","M","?","$","?","?","E","R","E","T","R","M","E","?","$","R","BOSS","R","$","E","BOSS"],"build_version":"2019-09-10","purchased_purges":4,"victory":true,"max_hp_per_floor":[65,65,65,65,65,65,65,65,65,65,65,65,65,65,65,65,65,65,65,32,32,32,32,32,32,32,32,32,32,32,32,32,32,32,32,32,32,44,42,42,42,42,48,48,48,48,48,48,48,48,48,48,48,48,48],"card_choices":[{"not_picked":["EmptyFist","SandsOfTime"],"picked":"BowlingBash","floor":1.0},{"not_picked":["FollowUp","Wireheading"],"picked":"Weave","floor":4.0},{"not_picked":["ClearTheMind","ThirdEye"],"picked":"WindmillStrike","floor":6.0},{"not_picked":["EmptyMind","BowlingBash"],"picked":"SandsOfTime","floor":8.0},{"not_picked":["FlyingSleeves","CutThroughFate"],"picked":"Halt","floor":11.0},{"not_picked":["Sanctity","ThirdEye"],"picked":"CutThroughFate","floor":13.0},{"not_picked":["Clarity","CutThroughFate"],"picked":"ReachHeaven","floor":14.0},{"not_picked":["SignatureMove","ReachHeaven"],"picked":"Metaphysics","floor":16.0},{"not_picked":["EmptyFist","Establishment"],"picked":"ClearTheMind+1","floor":18.0},{"not_picked":["Prostrate","Collect"],"picked":"FlyingSleeves+1","floor":21.0},{"not_picked":["BowlingBash","Sanctity"],"picked":"CutThroughFate+1","floor":22.0},{"not_picked":["Judgement","Crescendo"],"picked":"Prostrate+1","floor":23.0},{"not_picked":["ThirdEye","StepAndStrike+1"],"picked":"Meditate+1","floor":25.0},{"not_picked":["PathToVictory","Worship","Sanctity"],"picked":"SKIP","floor":27.0},{"not_picked":["FearNoEvil","Sanctity"],"picked":"EmptyBody+1","floor":28.0},{"not_picked":["FlyingSleeves","Collect"],"picked":"Wireheading+1","floor":29.0},{"not_picked":["EmptyFist","Halt"],"picked":"DeusExMachina","floor":30.0},{"not_picked":["Wallop","DeusExMachina"],"picked":"Vault","floor":33.0},{"not_picked":["EmptyFist","ClearTheMind+1"],"picked":"CrushJoints+1","floor":35.0},{"not_picked":["Consecrate+1","FlurryOfBlows"],"picked":"Halt+1","floor":36.0},{"not_picked":["Tantrum","Consecrate+1"],"picked":"Devotion+1","floor":40.0},{"not_picked":["Protect+1","DeusExMachina"],"picked":"EmptyMind","floor":42.0},{"not_picked":["Weave+1","Consecrate"],"picked":"Crescendo","floor":45.0},{"not_picked":["WaveOfTheHand","Conclude+1"],"picked":"EmptyMind+1","floor":46.0},{"not_picked":["Tantrum","CrushJoints+1"],"picked":"Fasting+1","floor":47},{"not_picked":["FollowUp","InnerPeace+1"],"picked":"Devotion+1","floor":47},{"not_picked":["MentalFortress+1","Sanctity"],"picked":"Establishment+1","floor":47},{"not_picked":["Prostrate+1","Meditate+1"],"picked":"SpiritShield+1","floor":47},{"not_picked":["Tantrum","FollowUp"],"picked":"Crescendo+1","floor":47},{"not_picked":["WindmillStrike+1","FlurryOfBlows"],"picked":"TalkToTheHand","floor":54}],"player_experience":83840,"relics_obtained":[{"floor":6.0,"key":"Ancient Tea Set"},{"floor":8.0,"key":"Eternal Feather"},{"floor":9.0,"key":"Oddly Smooth Stone"},{"floor":23.0,"key":"PreservedInsect"},{"floor":25.0,"key":"Whetstone"},{"floor":26.0,"key":"MawBank"},{"floor":27.0,"key":"Orichalcum"},{"floor":29.0,"key":"Darkstone Periapt"},{"floor":31.0,"key":"Enchiridion"},{"floor":36.0,"key":"FossilizedHelix"},{"floor":40.0,"key":"Melange"},{"floor":42.0,"key":"Regal Pillow"},{"floor":46.0,"key":"Nunchaku"},{"floor":54,"key":"Incense Burner"}],"event_choices":[{"cards_removed":["Defend_P"],"damage_healed":0.0,"max_hp_gain":0.0,"max_hp_loss":0.0,"gold_gain":0.0,"event_name":"Living Wall","player_choice":"Forget","floor":2.0,"gold_loss":0.0,"damage_taken":0.0},{"damage_healed":0.0,"max_hp_gain":0.0,"max_hp_loss":0.0,"gold_gain":100.0,"event_name":"Wheel of Change","player_choice":"Gold","floor":3.0,"gold_loss":0.0,"damage_taken":0.0},{"damage_healed":0.0,"max_hp_gain":0.0,"max_hp_loss":33.0,"gold_gain":0.0,"event_name":"Ghosts","player_choice":"Became a Ghost","floor":20.0,"gold_loss":0.0,"damage_taken":0.0,"cards_obtained":["Ghostly","Ghostly","Ghostly","Ghostly","Ghostly"]},{"damage_healed":0.0,"max_hp_gain":0.0,"max_hp_loss":0.0,"gold_gain":0.0,"event_name":"Cursed Tome","player_choice":"Obtained Book","floor":31.0,"gold_loss":0.0,"damage_taken":16.0},{"damage_healed":0.0,"max_hp_gain":0.0,"max_hp_loss":0.0,"gold_gain":0.0,"event_name":"Mysterious Sphere","player_choice":"Fight","floor":36.0,"gold_loss":0.0,"damage_taken":0.0},{"damage_healed":0.0,"max_hp_gain":0.0,"max_hp_loss":0.0,"gold_gain":999.0,"event_name":"MindBloom","player_choice":"Gold","floor":38.0,"gold_loss":0.0,"damage_taken":0.0,"cards_obtained":["Normality","Normality"]},{"damage_healed":0.0,"max_hp_gain":0.0,"max_hp_loss":2.0,"gold_gain":0.0,"event_name":"Winding Halls","player_choice":"Max HP","floor":39.0,"gold_loss":0.0,"damage_taken":0.0}],"is_beta":true,"boss_relics":[{"not_picked":["Velvet Choker","Busted Crown"],"picked":"SlaversCollar"},{"not_picked":["Runic Dome","Runic Pyramid"],"picked":"Cursed Key"}],"items_purged_floors":[5,37,47,48],"is_endless":false,"potions_floor_spawned":[8,13,16,18,22,25,29,30,40,42,54],"ascension_level":4}