{"path_per_floor":["M","$","?","M","?","R","M","M","T","M","$","R","M","M","R"],"character_chosen":"THE_SILENT","items_purchased":["Well Laid Plans","Catalyst","Footwork","Deadly Poison"],"gold_per_floor":[116,40,115,133,133,133,146,165,165,181,27,27,39,57,57,57],"floor_reached":16,"campfire_rested":0,"playtime":548,"current_hp_per_floor":[69,69,58,55,41,41,41,38,38,32,32,32,22,9,9,0],"items_purged":[],"gold":57,"score":94,"play_id":"06fe4a27-b423-431e-8e2f-9308e7a7473f","local_time":"20180420172340","is_prod":false,"is_daily":false,"chose_seed":false,"is_ascension_mode":false,"campfire_upgraded":3,"timestamp":1524259420,"path_taken":["M","?","?","M","?","R","M","M","T","M","$","R","?","M","R","BOSS"],"build_version":"2018-04-19","seed_source_timestamp":1705041156904620,"purchased_purges":0,"victory":false,"master_deck":["Defend_G","Defend_G","Defend_G","Defend_G","Defend_G","Strike_G+1","Strike_G","Strike_G","Strike_G","Strike_G","Survivor","Neutralize","Dodge and Roll","Well Laid Plans+1","Bouncing Flask+1","All Out Attack","Blade Dance","Backflip","Catalyst+1","Footwork","Deadly Poison+1","Backstab","Escape Plan"],"max_hp_per_floor":[70,70,70,70,70,70,70,70,70,70,70,70,70,70,70,70],"relics":["Ring of the Snake","The Specimen"],"card_choices":[{"not_picked":["Flying Knee","Bane"],"picked":"Dodge and Roll","floor":1},{"not_picked":["Underhanded Strike","Masterful Stab"],"picked":"Bouncing Flask","floor":4},{"not_picked":["Deflect","Dagger Throw"],"picked":"All Out Attack","floor":7},{"not_picked":["Infinite Blades","Tools of the Trade"],"picked":"Blade Dance","floor":8},{"not_picked":["Distraction","Terror"],"picked":"Backflip","floor":10},{"not_picked":["Dodge and Roll","Slice"],"picked":"Backstab","floor":13},{"not_picked":["Dagger Throw","Quick Slash"],"picked":"Escape Plan","floor":14}],"player_experience":384636,"potions_floor_usage":[],"damage_taken":[{"damage":1,"enemies":"Cultist","floor":1,"turns":4},{"damage":3,"enemies":"Small Slimes","floor":4,"turns":7},{"damage":0,"enemies":"Jaw Worm","floor":7,"turns":4},{"damage":3,"enemies":"Large Slime","floor":8,"turns":8},{"damage":6,"enemies":"Looter","floor":10,"turns":3},{"damage":10,"enemies":"3 Louse","floor":13,"turns":4},{"damage":13,"enemies":"Exordium Thugs","floor":14,"turns":4},{"damage":13,"enemies":"Slime Boss","floor":16,"turns":8}],"event_choices":[{"event_name":"World of Goop","player_choice":"Gather Gold","floor":3,"damage_taken":0},{"event_name":"Shining Light","player_choice":"Entered Light","floor":5,"damage_taken":0}],"boss_relics":[],"potions_floor_spawned":[8,10,13],"seed_played":"6465207464597688168","killed_by":"Slime Boss","ascension_level":0,"is_trial":false}