{"gold_per_floor":[109,109,109,122,142,142,142,158,212,212,224,236,261,271,271,373,373,388,388,406,417,433,433],"floor_reached":23,"playtime":640,"items_purged":[],"score":286,"play_id":"d9e9e0ac-0f35-4864-beef-4d4d0fdf5e56","local_time":"20181019160339","is_ascension_mode":true,"campfire_choices":[{"data":"True Grit","floor":6,"key":"SMITH"},{"data":"Armaments","floor":10,"key":"SMITH"},{"data":"Perfected Strike","floor":15,"key":"SMITH"}],"neow_cost":"NONE","seed_source_timestamp":1039353157757094,"circlet_count":0,"master_deck":["Strike_R","Strike_R","Strike_R","Strike_R","Strike_R","Defend_R","Defend_R","Defend_R","Bash","Perfected Strike","Anger","Perfected Strike+1","True Grit+1","Shrug It Off","Bash","Armaments+1","Sword Boomerang","Feed","Sword Boomerang"],"relics":["Burning Blood","GremlinMask","Omamori","Red Skull","Mark of Pain","Happy Flower"],"potions_floor_usage":[16,16,22],"damage_taken":[{"damage":0,"enemies":"2 Louse","floor":1,"turns":3},{"damage":1,"enemies":"Cultist","floor":4,"turns":3},{"damage":7,"enemies":"Jaw Worm","floor":5,"turns":2},{"damage":0,"enemies":"2 Fungi Beasts","floor":8,"turns":4},{"damage":0,"enemies":"Large Slime","floor":11,"turns":5},{"damage":5,"enemies":"Red Slaver","floor":12,"turns":2},{"damage":61,"enemies":"Lagavulin","floor":13,"turns":7},{"damage":13,"enemies":"Lots of Slimes","floor":14,"turns":5},{"damage":17,"enemies":"Hexaghost","floor":16,"turns":6},{"damage":30,"enemies":"3 Byrds","floor":18,"turns":7},{"damage":0,"enemies":"Chosen","floor":20,"turns":3},{"damage":36,"enemies":"Snake Plant","floor":21,"turns":4},{"damage":0,"enemies":"Snecko","floor":22,"turns":3},{"damage":20,"enemies":"Slavers","floor":23,"turns":1}],"seed_played":"8119493983992870792","potions_obtained":[{"floor":1,"key":"SteroidPotion"},{"floor":8,"key":"Poison Potion"},{"floor":12,"key":"Weak Potion"},{"floor":20,"key":"GamblersBrew"},{"floor":21,"key":"Weak Potion"},{"floor":22,"key":"Swift Potion"}],"is_trial":false,"path_per_floor":["M","?","?","M","M","R","?","M","T","R","M","M","E","M","R","B",null,"M","?","M","M","M"],"character_chosen":"IRONCLAD","items_purchased":[],"campfire_rested":0,"item_purchase_floors":[],"current_hp_per_floor":[78,78,71,76,75,75,75,80,80,80,80,80,25,18,18,7,62,38,38,44,14,20,0],"gold":433,"neow_bonus":"THREE_CARDS","is_prod":false,"is_daily":false,"chose_seed":false,"campfire_upgraded":3,"win_rate":0,"timestamp":1539979419,"path_taken":["M","?","?","M","M","R","?","M","T","R","M","M","E","M","R","BOSS","M","?","M","?","M","E"],"build_version":"2018-10-18","purchased_purges":0,"victory":false,"max_hp_per_floor":[80,80,80,80,80,80,80,80,80,80,80,80,80,80,80,80,80,80,80,80,80,80,80],"card_choices":[{"not_picked":["Cleave","Feel No Pain"],"picked":"Perfected Strike","floor":0},{"not_picked":["Iron Wave","Shrug It Off"],"picked":"Anger","floor":1},{"not_picked":["Iron Wave","Flame Barrier"],"picked":"Perfected Strike","floor":4},{"not_picked":["Brutality","Anger"],"picked":"True Grit","floor":5},{"not_picked":["Body Slam","Burning Pact"],"picked":"Armaments","floor":8},{"not_picked":["Flex","Intimidate","Headbutt"],"picked":"SKIP","floor":11},{"not_picked":["Clothesline","Thunderclap","Combust"],"picked":"SKIP","floor":12},{"not_picked":["Iron Wave","Bloodletting"],"picked":"Sword Boomerang","floor":13},{"not_picked":["Carnage","Searing Blow","Entrench"],"picked":"SKIP","floor":14},{"not_picked":["Impervious","Brutality"],"picked":"Feed","floor":16},{"not_picked":["Searing Blow","Armaments","Headbutt"],"picked":"SKIP","floor":18},{"not_picked":["Clash","Blood for Blood","Shockwave"],"picked":"SKIP","floor":20},{"not_picked":["True Grit","Searing Blow"],"picked":"Sword Boomerang","floor":21},{"not_picked":["Pommel Strike","Battle Trance","Metallicize"],"picked":"SKIP","floor":22}],"player_experience":939211,"relics_obtained":[{"floor":9,"key":"Omamori"},{"floor":13,"key":"Red Skull"}],"event_choices":[{"damage_healed":0,"gold_gain":0,"player_choice":"Trade","damage_taken":0,"relics_obtained":["GremlinMask"],"max_hp_gain":0,"max_hp_loss":0,"event_name":"FaceTrader","floor":2,"gold_loss":0},{"cards_removed":["Defend_R"],"damage_healed":0,"gold_gain":0,"player_choice":"Card Removal","damage_taken":7,"max_hp_gain":0,"max_hp_loss":0,"event_name":"Golden Wing","floor":3,"gold_loss":0},{"damage_healed":0,"gold_gain":0,"player_choice":"2 cards matched","damage_taken":0,"max_hp_gain":0,"max_hp_loss":0,"event_name":"Match and Keep!","floor":7,"gold_loss":0,"cards_obtained":["Shrug It Off","Bash"]},{"damage_healed":0,"gold_gain":0,"player_choice":"Opened","damage_taken":0,"relics_obtained":["Happy Flower"],"max_hp_gain":0,"max_hp_loss":0,"event_name":"The Mausoleum","floor":19,"gold_loss":0}],"is_beta":true,"boss_relics":[{"not_picked":["Ectoplasm","Philosopher\u0027s Stone"],"picked":"Mark of Pain"}],"items_purged_floors":[],"is_endless":false,"potions_floor_spawned":[1,8,12,14,20,21,22],"killed_by":"Slavers","ascension_level":9}