{"gold_per_floor":[118,135,310,327,3,3,15,15,15,41,41,41,41,51,51,149,199,216,216,65,65,82,82,115,128,128,128,145,145,145,176,176,176],"floor_reached":33,"playtime":1557,"items_purged":["Doubt"],"score":263,"play_id":"a8e567ad-ab07-42c1-b7ef-aba97da1d532","local_time":"20190915203822","is_ascension_mode":false,"campfire_choices":[{"data":"Zap","floor":6,"key":"SMITH"},{"data":"Dualcast","floor":8,"key":"SMITH"},{"data":"Coolheaded","floor":11,"key":"SMITH"},{"floor":15,"key":"REST"},{"floor":23,"key":"REST"},{"floor":27,"key":"REST"},{"floor":29,"key":"REST"},{"data":"Redo","floor":32,"key":"SMITH"}],"neow_cost":"NONE","seed_source_timestamp":432946530445400,"circlet_count":0,"master_deck":["Strike_B","Strike_B","Strike_B","Strike_B","Defend_B+1","Defend_B","Defend_B","Defend_B+1","Zap+1","Dualcast+1","Streamline","Cold Snap","Leap","Ball Lightning","Coolheaded+1","Leap","Capacitor","Melter+1","Rainbow","Creative AI","Redo+1"],"relics":["Cracked Core","Blood Vial","Calipers","Omamori","Nloth\u0027s Gift","Smiling Mask","StoneCalendar","Red Mask"],"potions_floor_usage":[24,24,25,33],"damage_taken":[{"damage":4,"enemies":"2 Louse","floor":1,"turns":2},{"damage":5,"enemies":"Small Slimes","floor":2,"turns":3},{"damage":0,"enemies":"Cultist","floor":4,"turns":3},{"damage":0,"enemies":"Large Slime","floor":7,"turns":5},{"damage":4,"enemies":"Lagavulin","floor":10,"turns":6},{"damage":3,"enemies":"Lots of Slimes","floor":14,"turns":5},{"damage":49,"enemies":"Hexaghost","floor":16,"turns":10},{"damage":2,"enemies":"Chosen","floor":18,"turns":5},{"damage":33,"enemies":"3 Byrds","floor":22,"turns":6},{"damage":64,"enemies":"Slavers","floor":24,"turns":9},{"damage":17,"enemies":"Shelled Parasite and Fungi","floor":25,"turns":5},{"damage":13,"enemies":"Snake Plant","floor":28,"turns":4},{"damage":22,"enemies":"Masked Bandits","floor":31,"turns":7},{"damage":89,"enemies":"Collector","floor":33,"turns":6}],"seed_played":"-3758355799854180950","potions_obtained":[{"floor":7,"key":"Fire Potion"},{"floor":10,"key":"FairyPotion"},{"floor":17,"key":"Swift Potion"},{"floor":24,"key":"FearPotion"},{"floor":31,"key":"Regen Potion"}],"is_trial":false,"path_per_floor":["M","M","?","M","$","R","M","R","T","E","R","?","?","M","R","B",null,"M","$","$","?","M","R","E","M","T","R","M","R","?","?","R","B"],"character_chosen":"DEFECT","items_purchased":["Coolheaded","Blood Vial","Leap","Omamori"],"campfire_rested":4,"item_purchase_floors":[5,5,5,20],"current_hp_per_floor":[71,66,66,66,66,66,68,68,68,66,66,51,51,50,72,25,80,78,78,78,78,47,71,9,8,8,32,21,45,71,51,51,0],"gold":176,"neow_bonus":"THREE_CARDS","is_prod":false,"is_daily":false,"chose_seed":false,"campfire_upgraded":4,"win_rate":0,"timestamp":1568572702,"path_taken":["M","M","?","M","$","R","M","R","T","E","R","?","?","M","R","BOSS","M","?","$","?","M","R","E","?","T","R","M","R","?","?","R","BOSS"],"build_version":"2019-07-17","purchased_purges":1,"victory":false,"max_hp_per_floor":[75,75,75,75,75,75,75,75,75,75,75,75,75,75,75,75,80,80,80,80,80,80,80,80,80,80,80,80,80,80,80,80,80],"card_choices":[{"not_picked":["Blizzard","Leap"],"picked":"Streamline","floor":0},{"not_picked":["Steam","FTL"],"picked":"Cold Snap","floor":1},{"not_picked":["Static Discharge","Ball Lightning"],"picked":"Leap","floor":2},{"not_picked":["Hologram","Redo"],"picked":"Ball Lightning","floor":4},{"not_picked":["Ball Lightning","Turbo","Go for the Eyes"],"picked":"SKIP","floor":7},{"not_picked":["Machine Learning","Chaos"],"picked":"Capacitor","floor":10},{"not_picked":["Tempest","Aggregate"],"picked":"Melter","floor":14},{"not_picked":["Buffer","Thunder Strike"],"picked":"Rainbow","floor":16},{"not_picked":["Turbo","Rebound+1","Reprogram"],"picked":"SKIP","floor":18},{"not_picked":["Go for the Eyes+1","Skim","Heatsinks+1"],"picked":"SKIP","floor":22},{"not_picked":["Fission","Amplify","Aggregate"],"picked":"SKIP","floor":24},{"not_picked":["Leap","Stack"],"picked":"Creative AI","floor":25},{"not_picked":["Hologram+1","Capacitor","Leap"],"picked":"SKIP","floor":28},{"not_picked":["Steam Power","Reprogram"],"picked":"Redo","floor":31}],"player_experience":89690,"relics_obtained":[{"floor":10,"key":"Calipers"},{"floor":24,"key":"Smiling Mask"},{"floor":26,"key":"StoneCalendar"},{"floor":31,"key":"Red Mask"}],"event_choices":[{"damage_healed":0,"gold_gain":175,"player_choice":"AGREE","damage_taken":0,"max_hp_gain":0,"max_hp_loss":0,"event_name":"Liars Game","floor":3,"gold_loss":0,"cards_obtained":["Doubt"]},{"damage_healed":0,"gold_gain":0,"player_choice":"Entered Light","damage_taken":15,"max_hp_gain":0,"max_hp_loss":0,"event_name":"Shining Light","floor":12,"gold_loss":0,"cards_upgraded":["Defend_B","Defend_B"]},{"damage_healed":0,"gold_gain":0,"player_choice":"0 cards matched","damage_taken":0,"max_hp_gain":0,"max_hp_loss":0,"event_name":"Match and Keep!","floor":13,"gold_loss":0,"cards_obtained":[]},{"damage_healed":0,"gold_gain":0,"player_choice":"Traded Relic","damage_taken":0,"relics_obtained":["Nloth\u0027s Gift"],"max_hp_gain":0,"max_hp_loss":0,"event_name":"N\u0027loth","floor":21,"relics_lost":["Tiny House"],"gold_loss":0},{"damage_healed":26,"gold_gain":0,"player_choice":"Heal","damage_taken":0,"max_hp_gain":0,"max_hp_loss":0,"event_name":"The Library","floor":30,"gold_loss":0},{"damage_healed":0,"gold_gain":0,"player_choice":"Fought Bandits","damage_taken":0,"max_hp_gain":0,"max_hp_loss":0,"event_name":"Masked Bandits","floor":31,"gold_loss":0}],"is_beta":false,"boss_relics":[{"not_picked":["Busted Crown","Empty Cage"],"picked":"Tiny House"}],"items_purged_floors":[5],"is_endless":false,"potions_floor_spawned":[7,10,22,24,31],"killed_by":"Collector","ascension_level":0}