{"path_per_floor":["M","M","$","?","M","R","E","R","T","T","$","M","R","M","R","B",null,"M","?","M","?","$","R"],"character_chosen":"DEFECT","items_purchased":["Storm","Gash","Capacitor"],"gold_per_floor":[110,126,53,53,70,70,99,99,124,124,56,75,75,92,92,191,191,206,206,224,324,224,224,224],"floor_reached":24,"campfire_rested":2,"playtime":769,"current_hp_per_floor":[71,65,65,85,82,82,12,12,12,12,12,12,52,48,48,17,85,67,51,20,20,20,62,0],"items_purged":["Strike_B"],"gold":224,"score":219,"play_id":"21282963-bf43-478a-9ee8-a9ebdcadb777","local_time":"20180428192932","is_prod":false,"is_daily":false,"chose_seed":false,"is_ascension_mode":false,"campfire_upgraded":3,"timestamp":1524958172,"path_taken":["M","M","$","?","M","R","E","R","T","?","$","M","R","M","R","BOSS","M","?","M","?","$","R","E"],"build_version":"2018-04-27v3","seed_source_timestamp":2403569653881900,"purchased_purges":1,"victory":false,"master_deck":["Strike_B","Strike_B","Strike_B","Defend_B","Defend_B","Defend_B","Defend_B","Zap+1","Dualcast","Coolheaded","Auto Shields+1","Storm","Coolheaded","Coolheaded","Gash+1","Rebound","Impulse","Prime","Loop+1","Storm","Capacitor"],"max_hp_per_floor":[75,75,75,85,85,85,85,85,85,85,85,85,85,85,85,85,85,85,90,90,90,90,90,90],"relics":["Cracked Core","Orichalcum","Regal Pillow","Girya","Philosopher\u0027s Stone"],"card_choices":[{"not_picked":["Capacitor","Double Energy"],"picked":"Coolheaded","floor":1},{"not_picked":["Streamline","Capacitor"],"picked":"Auto Shields","floor":2},{"not_picked":["Go for the Eyes","Sweeping Beam"],"picked":"Coolheaded","floor":5},{"not_picked":["Meteor Strike","Leap"],"picked":"Coolheaded","floor":7},{"not_picked":["Leap","Sweeping Beam"],"picked":"Rebound","floor":12},{"not_picked":["Skim","Go for the Eyes"],"picked":"Impulse","floor":14},{"not_picked":["Meteor Strike","All For One"],"picked":"Prime","floor":16},{"not_picked":["Chill","Rip and Tear"],"picked":"Loop","floor":18},{"not_picked":["Leap","Go for the Eyes"],"picked":"Storm","floor":20}],"player_experience":407898,"potions_floor_usage":[16,24],"damage_taken":[{"damage":4,"enemies":"2 Louse","floor":1,"turns":4},{"damage":6,"enemies":"Cultist","floor":2,"turns":4},{"damage":3,"enemies":"Small Slimes","floor":5,"turns":3},{"damage":70,"enemies":"Gremlin Nob","floor":7,"turns":7},{"damage":0,"enemies":"Exordium Wildlife","floor":12,"turns":3},{"damage":4,"enemies":"Blue Slaver","floor":14,"turns":4},{"damage":31,"enemies":"Slime Boss","floor":16,"turns":15},{"damage":18,"enemies":"Shell Parasite","floor":18,"turns":7},{"damage":31,"enemies":"Spheric Guardian","floor":20,"turns":6},{"damage":80,"enemies":"Gremlin Leader","floor":24,"turns":8}],"event_choices":[{"event_name":"Bonfire Elementals","player_choice":"RARE","floor":4,"damage_taken":0},{"event_name":"Forgotten Altar","player_choice":"Shed Blood","floor":19,"damage_taken":0},{"event_name":"Golden Shrine","player_choice":"Pray","floor":21,"damage_taken":0}],"boss_relics":[{"not_picked":["Snecko Eye","Lizard Tail"],"picked":"Philosopher\u0027s Stone"}],"potions_floor_spawned":[2,5,12,14,16],"seed_played":"6460140534894725907","killed_by":"Gremlin Leader","ascension_level":0,"is_trial":false}