{"gold_per_floor":[110,122,122,122,140,171,230,311,311,102,113,66,85,63,63,168,168,186,196,196,196,228,228,27,27,27,43,43,43,8,107,107,208,258,278,290,301,301,31,31,45,45,45,74,74,74,74,85,85,85],"floor_reached":50,"playtime":1386,"items_purged":["Bash"],"score":526,"play_id":"6af0593c-83d9-43b6-aad3-8be202026c02","local_time":"20190912152826","is_ascension_mode":false,"campfire_choices":[{"floor":15,"key":"REST"},{"floor":23,"key":"REST"},{"floor":25,"key":"REST"},{"floor":29,"key":"REST"},{"data":"Whirlwind","floor":32,"key":"SMITH"},{"floor":40,"key":"REST"},{"floor":42,"key":"REST"},{"floor":49,"key":"REST"}],"neow_cost":"TEN_PERCENT_HP_LOSS","seed_source_timestamp":2285870926003800,"circlet_count":0,"master_deck":["Strike_R+1","Strike_R+1","Strike_R+1","Strike_R+1","Strike_R+1","Defend_R+1","Defend_R+1","Defend_R+1","Defend_R+1","Barricade","Anger+1","Blind","Demon Form","Flame Barrier","Immolate","Dual Wield","Flex+1","Limit Break","Seeing Red+1","Necronomicurse","Flex+1","Whirlwind+1","Limit Break","Inflame","Mayhem","Doubt"],"relics":["Burning Blood","WingedGreaves","Tiny Chest","Blue Candle","Mercury Hourglass","Chemical X","Lizard Tail","Necronomicon","Red Mask","Toolbox","Singing Bowl","Tiny House","Strange Spoon","Bottled Lightning","War Paint"],"potions_floor_usage":[5,13,16,22,33,36,37,41,44,50],"damage_taken":[{"damage":21,"enemies":"Jaw Worm","floor":1,"turns":4},{"damage":6,"enemies":"Cultist","floor":2,"turns":3},{"damage":0,"enemies":"Small Slimes","floor":5,"turns":2},{"damage":40,"enemies":"Gremlin Nob","floor":6,"turns":6},{"damage":0,"enemies":"Lagavulin","floor":7,"turns":8},{"damage":6,"enemies":"2 Fungi Beasts","floor":11,"turns":2},{"damage":10,"enemies":"3 Louse","floor":13,"turns":2},{"damage":7,"enemies":"Slime Boss","floor":16,"turns":11},{"damage":30,"enemies":"2 Thieves","floor":18,"turns":4},{"damage":9,"enemies":"Chosen","floor":19,"turns":5},{"damage":51,"enemies":"Masked Bandits","floor":22,"turns":4},{"damage":30,"enemies":"Centurion and Healer","floor":27,"turns":5},{"damage":24,"enemies":"Automaton","floor":33,"turns":5},{"damage":42,"enemies":"3 Shapes","floor":35,"turns":1},{"damage":3,"enemies":"3 Darklings","floor":36,"turns":3},{"damage":10,"enemies":"Sphere and 2 Shapes","floor":37,"turns":3},{"damage":16,"enemies":"Spire Growth","floor":41,"turns":3},{"damage":69,"enemies":"Nemesis","floor":44,"turns":5},{"damage":38,"enemies":"4 Shapes","floor":48,"turns":7},{"damage":101,"enemies":"Donu and Deca","floor":50,"turns":5}],"seed_played":"4354215520702463341","potions_obtained":[{"floor":1,"key":"AttackPotion"},{"floor":7,"key":"SpeedPotion"},{"floor":11,"key":"AttackPotion"},{"floor":18,"key":"Weak Potion"},{"floor":27,"key":"GamblersBrew"},{"floor":34,"key":"Energy Potion"},{"floor":35,"key":"FearPotion"},{"floor":36,"key":"SkillPotion"},{"floor":41,"key":"GamblersBrew"},{"floor":48,"key":"Explosive Potion"}],"is_trial":false,"path_per_floor":["M","M","?","?","M","E","E","T","T","$","M","$","M","?","R","B",null,"M","M","?","?","?","R","$","R","T","M","$","R","$","?","R","B",null,"M","M","M","?","$","R","M","R","T","E","?","$","$","M","R","B"],"character_chosen":"IRONCLAD","items_purchased":["Chemical X","Flex","Toolbox","Whirlwind","Strange Spoon"],"campfire_rested":7,"item_purchase_floors":[10,12,24,30,39],"current_hp_per_floor":[57,57,43,43,49,15,21,21,21,21,21,21,17,17,38,37,72,48,45,29,29,24,45,45,66,66,44,44,66,66,66,66,48,81,47,50,48,48,48,73,65,87,87,26,89,89,89,59,86,0],"gold":85,"neow_bonus":"THREE_RARE_CARDS","is_prod":false,"is_daily":false,"chose_seed":false,"campfire_upgraded":1,"win_rate":0,"timestamp":1568316506,"path_taken":["M","M","?","?","?","E","E","?","T","?","M","$","M","?","R","BOSS","M","M","?","?","?","R","$","R","T","M","?","R","?","?","R","BOSS","M","M","M","?","$","R","M","R","T","E","?","?","$","?","R","BOSS"],"build_version":"2019-07-17","purchased_purges":1,"victory":false,"max_hp_per_floor":[72,72,72,72,72,72,72,72,72,72,72,72,72,72,72,72,72,72,72,72,72,72,72,72,72,72,74,74,74,74,74,74,74,81,83,83,85,85,85,85,87,87,87,89,89,89,89,91,91,91],"card_choices":[{"not_picked":["Offering","Berserk"],"picked":"Barricade","floor":0},{"not_picked":["Wild Strike","Sword Boomerang"],"picked":"Anger","floor":1},{"not_picked":["Headbutt","Pommel Strike","Twin Strike"],"picked":"SKIP","floor":2},{"not_picked":["Havoc","Twin Strike"],"picked":"Flame Barrier","floor":5},{"not_picked":["Shrug It Off","Havoc","Dropkick"],"picked":"SKIP","floor":6},{"not_picked":["Anger","Second Wind"],"picked":"Immolate","floor":7},{"not_picked":["Intimidate","Feel No Pain"],"picked":"Dual Wield","floor":11},{"not_picked":["Evolve","Perfected Strike","Iron Wave"],"picked":"SKIP","floor":13},{"not_picked":["Fiend Fire","Feed"],"picked":"Limit Break","floor":16},{"not_picked":["Headbutt+1","Havoc+1","Pommel Strike"],"picked":"SKIP","floor":18},{"not_picked":["Pommel Strike","Wild Strike"],"picked":"Seeing Red","floor":19},{"not_picked":["Perfected Strike","Clothesline"],"picked":"Flex+1","floor":22},{"not_picked":["Iron Wave","Fiend Fire","Anger"],"picked":"Singing Bowl","floor":27},{"not_picked":["Exhume","Demon Form"],"picked":"Limit Break","floor":33},{"not_picked":["Body Slam","Wild Strike","Cleave+1"],"picked":"Singing Bowl","floor":34},{"not_picked":["Entrench+1","Fiend Fire","Reckless Charge+1"],"picked":"Singing Bowl","floor":35},{"not_picked":["Power Through","Body Slam+1"],"picked":"Inflame","floor":36},{"not_picked":["Twin Strike","Thunderclap","Iron Wave+1"],"picked":"Singing Bowl","floor":37},{"not_picked":["Sadistic Nature","Impatience"],"picked":"Mayhem","floor":38},{"not_picked":["Shrug It Off+1","Twin Strike+1","Clothesline"],"picked":"Singing Bowl","floor":41},{"not_picked":["Shrug It Off+1","Armaments","Clash"],"picked":"Singing Bowl","floor":44},{"not_picked":["Thunderclap+1","Twin Strike+1","Pommel Strike"],"picked":"Singing Bowl","floor":48}],"player_experience":389107,"relics_obtained":[{"floor":6,"key":"WingedGreaves"},{"floor":7,"key":"Tiny Chest"},{"floor":8,"key":"Blue Candle"},{"floor":9,"key":"Mercury Hourglass"},{"floor":20,"key":"Necronomicon"},{"floor":22,"key":"Red Mask"},{"floor":26,"key":"Singing Bowl"},{"floor":43,"key":"Bottled Lightning"},{"floor":44,"key":"War Paint"}],"event_choices":[{"damage_healed":0,"gold_gain":0,"player_choice":"Entered Light","damage_taken":14,"max_hp_gain":0,"max_hp_loss":0,"event_name":"Shining Light","floor":3,"gold_loss":0,"cards_upgraded":["Defend_R","Defend_R"]},{"damage_healed":0,"gold_gain":0,"player_choice":"2 cards matched","damage_taken":0,"max_hp_gain":0,"max_hp_loss":0,"event_name":"Match and Keep!","floor":4,"gold_loss":0,"cards_obtained":["Blind","Demon Form"]},{"damage_healed":0,"gold_gain":0,"player_choice":"Left Gold","damage_taken":0,"max_hp_gain":0,"max_hp_loss":0,"event_name":"World of Goop","floor":14,"gold_loss":22},{"damage_healed":0,"gold_gain":0,"player_choice":"Obtained Book","damage_taken":16,"max_hp_gain":0,"max_hp_loss":0,"event_name":"Cursed Tome","floor":20,"gold_loss":0},{"damage_healed":0,"gold_gain":0,"player_choice":"Simplicity","damage_taken":0,"max_hp_gain":0,"max_hp_loss":0,"event_name":"Back to Basics","floor":21,"gold_loss":0,"cards_upgraded":["Strike_R","Strike_R","Strike_R","Strike_R","Strike_R","Defend_R","Defend_R"]},{"damage_healed":0,"gold_gain":0,"player_choice":"Fought Bandits","damage_taken":0,"max_hp_gain":0,"max_hp_loss":0,"event_name":"Masked Bandits","floor":22,"gold_loss":0},{"damage_healed":0,"gold_gain":99,"player_choice":"Stole From Cult","damage_taken":0,"max_hp_gain":0,"max_hp_loss":0,"event_name":"Nest","floor":31,"gold_loss":0},{"damage_healed":0,"gold_gain":0,"player_choice":"Memory 1","damage_taken":0,"max_hp_gain":0,"max_hp_loss":0,"event_name":"SensoryStone","floor":38,"gold_loss":0},{"damage_healed":63,"gold_gain":0,"player_choice":"Heal","damage_taken":0,"max_hp_gain":0,"max_hp_loss":0,"event_name":"MindBloom","floor":45,"gold_loss":0,"cards_obtained":["Doubt"]}],"is_beta":false,"boss_relics":[{"not_picked":["White Beast Statue","Empty Cage"],"picked":"Lizard Tail"},{"not_picked":["Fusion Hammer","Velvet Choker"],"picked":"Tiny House"}],"items_purged_floors":[39],"is_endless":false,"potions_floor_spawned":[1,7,11,18,27,35,36,41,48],"killed_by":"Donu and Deca","ascension_level":0}