{"gold_per_floor":[110,110,110,124,147,147,160,204,204,1,51,72,96,135,135,255,255,280,280,39,39,63,103,103,28,52,52,52,85,85,109,109,228,228,246,246,246,269,282,282],"floor_reached":40,"playtime":2864,"items_purged":[],"score":432,"play_id":"0cce89aa-3039-4eb2-b5e5-62bf862fff55","local_time":"20190912183423","is_ascension_mode":false,"campfire_choices":[{"data":"Static Discharge","floor":6,"key":"SMITH"},{"floor":15,"key":"REST"},{"floor":24,"key":"REST"},{"floor":32,"key":"REST"}],"neow_cost":"TEN_PERCENT_HP_LOSS","seed_source_timestamp":22265246815400,"circlet_count":0,"master_deck":["Strike_B+1","Strike_B+1","Strike_B+1","Defend_B+1","Defend_B+1","Defend_B+1","Zap","Dualcast","Static Discharge","Static Discharge+1","Go for the Eyes","Defragment","Loop","Capacitor","All For One","Barrage","Conserve Battery","Hello World","Reinforced Body","Thunder Strike","Storm","Necronomicurse","Melter","Machine Learning","Scrape","Chill","Stack","Leap","Electrodynamics","Coolheaded+1","Madness","Madness","Reprogram+1"],"relics":["Cracked Core","Mango","Golden Idol","Orichalcum","Anchor","Dodecahedron","Eternal Feather","Mercury Hourglass","Necronomicon","Gremlin Horn","Lantern","Bronze Scales","Fusion Hammer","Potion Belt"],"potions_floor_usage":[12,14,14,14,33,33],"damage_taken":[{"damage":3,"enemies":"Small Slimes","floor":1,"turns":3},{"damage":3,"enemies":"Jaw Worm","floor":4,"turns":4},{"damage":1,"enemies":"Cultist","floor":5,"turns":3},{"damage":5,"enemies":"Looter","floor":7,"turns":4},{"damage":21,"enemies":"Lagavulin","floor":8,"turns":6},{"damage":3,"enemies":"Blue Slaver","floor":12,"turns":3},{"damage":11,"enemies":"Exordium Thugs","floor":13,"turns":5},{"damage":15,"enemies":"3 Sentries","floor":14,"turns":5},{"damage":32,"enemies":"The Guardian","floor":16,"turns":8},{"damage":17,"enemies":"Spheric Guardian","floor":18,"turns":4},{"damage":25,"enemies":"3 Byrds","floor":22,"turns":4},{"damage":22,"enemies":"Book of Stabbing","floor":23,"turns":5},{"damage":30,"enemies":"Slavers","floor":29,"turns":4},{"damage":11,"enemies":"Shelled Parasite and Fungi","floor":31,"turns":3},{"damage":18,"enemies":"Collector","floor":33,"turns":5},{"damage":4,"enemies":"Orb Walker","floor":35,"turns":3},{"damage":21,"enemies":"3 Darklings","floor":39,"turns":3},{"damage":50,"enemies":"Nemesis","floor":40,"turns":4}],"seed_played":"7981065994415132262","potions_obtained":[{"floor":1,"key":"FearPotion"},{"floor":4,"key":"Weak Potion"},{"floor":8,"key":"SkillPotion"},{"floor":13,"key":"PowerPotion"},{"floor":22,"key":"Ancient Potion"},{"floor":29,"key":"FearPotion"}],"is_trial":false,"path_per_floor":["M","?","?","M","M","R","M","E","T","$","?","M","M","E","R","B",null,"M","?","$","?","M","E","R","?","T","?","$","E","?","M","R","B",null,"M","?","?","T","M","E"],"character_chosen":"DEFECT","items_purchased":["Capacitor","All For One","Barrage","Mercury Hourglass"],"campfire_rested":3,"item_purchase_floors":[10,10,10,20],"current_hp_per_floor":[79,79,79,76,75,75,70,49,49,49,49,46,35,20,44,12,82,65,82,82,66,41,19,58,58,58,58,58,28,28,17,56,38,82,78,68,68,68,47,0],"gold":282,"neow_bonus":"ONE_RARE_RELIC","is_prod":false,"is_daily":false,"chose_seed":false,"campfire_upgraded":1,"win_rate":0.0,"timestamp":1568306063,"path_taken":["M","?","?","?","M","R","M","E","T","?","?","M","M","E","R","BOSS","M","?","$","?","M","E","R","?","T","?","?","E","?","M","R","BOSS","M","?","?","?","M","E"],"build_version":"2019-07-17","purchased_purges":0,"victory":false,"max_hp_per_floor":[82,82,82,82,82,82,82,82,82,82,82,82,82,82,82,82,82,82,82,82,82,82,82,82,82,82,82,82,82,82,82,82,82,82,82,82,82,82,82,82],"card_choices":[{"not_picked":["Auto Shields","Skim"],"picked":"Static Discharge","floor":1},{"not_picked":["Rip and Tear","Coolheaded"],"picked":"Static Discharge","floor":4},{"not_picked":["Ball Lightning","Cold Snap"],"picked":"Go for the Eyes","floor":5},{"not_picked":["Rebound","Coolheaded"],"picked":"Defragment","floor":7},{"not_picked":["Fusion","Leap"],"picked":"Loop","floor":8},{"not_picked":["Darkness","Hologram"],"picked":"Conserve Battery","floor":12},{"not_picked":["Compile Driver","Go for the Eyes"],"picked":"Hello World","floor":13},{"not_picked":["Fusion","Barrage"],"picked":"Reinforced Body","floor":14},{"not_picked":["Amplify","Multi-Cast"],"picked":"Thunder Strike","floor":16},{"not_picked":["Glacier","Compile Driver"],"picked":"Storm","floor":18},{"not_picked":["Beam Cell+1","Hologram+1"],"picked":"Melter","floor":22},{"not_picked":["Genetic Algorithm+1","Compile Driver"],"picked":"Machine Learning","floor":23},{"not_picked":["Barrage","Reinforced Body"],"picked":"Stack","floor":29},{"not_picked":["Go for the Eyes","Blizzard"],"picked":"Leap","floor":31},{"not_picked":["Buffer","All For One"],"picked":"Electrodynamics","floor":33},{"not_picked":["Force Field","Cold Snap+1"],"picked":"Coolheaded+1","floor":35},{"not_picked":["Ball Lightning+1","Coolheaded"],"picked":"Reprogram+1","floor":39}],"player_experience":51757,"relics_obtained":[{"floor":8,"key":"Orichalcum"},{"floor":9,"key":"Anchor"},{"floor":14,"key":"Dodecahedron"},{"floor":21,"key":"Necronomicon"},{"floor":23,"key":"Gremlin Horn"},{"floor":26,"key":"Lantern"},{"floor":29,"key":"Bronze Scales"},{"floor":38,"key":"Potion Belt"}],"event_choices":[{"damage_healed":0,"gold_gain":0,"player_choice":"Leave","damage_taken":0,"max_hp_gain":0,"max_hp_loss":0,"event_name":"The Cleric","floor":2,"gold_loss":0},{"damage_healed":0,"gold_gain":0,"player_choice":"Take Wound","damage_taken":0,"relics_obtained":["Golden Idol"],"max_hp_gain":0,"max_hp_loss":0,"event_name":"Golden Idol","floor":3,"gold_loss":0,"cards_obtained":["Injury"]},{"damage_healed":0,"gold_gain":50,"player_choice":"Gained Gold","damage_taken":0,"max_hp_gain":0,"max_hp_loss":0,"event_name":"Golden Wing","floor":11,"gold_loss":0},{"damage_healed":27,"gold_gain":0,"player_choice":"Heal","damage_taken":0,"max_hp_gain":0,"max_hp_loss":0,"event_name":"The Library","floor":19,"gold_loss":0},{"damage_healed":0,"gold_gain":0,"player_choice":"Obtained Book","damage_taken":16,"max_hp_gain":0,"max_hp_loss":0,"event_name":"Cursed Tome","floor":21,"gold_loss":0},{"cards_removed":["Injury"],"damage_healed":0,"gold_gain":0,"player_choice":"Gave Gold","damage_taken":0,"max_hp_gain":0,"max_hp_loss":0,"event_name":"Beggar","floor":25,"gold_loss":75},{"damage_healed":0,"gold_gain":0,"cards_transformed":["Defend_B","Strike_B"],"player_choice":"Became Test Subject","damage_taken":0,"max_hp_gain":0,"max_hp_loss":0,"event_name":"Drug Dealer","floor":27,"gold_loss":0,"cards_obtained":["Scrape","Chill"]},{"damage_healed":0,"gold_gain":0,"player_choice":"Simplicity","damage_taken":0,"max_hp_gain":0,"max_hp_loss":0,"event_name":"Back to Basics","floor":30,"gold_loss":0,"cards_upgraded":["Strike_B","Strike_B","Strike_B","Defend_B","Defend_B","Defend_B"]},{"damage_healed":0,"gold_gain":0,"player_choice":"Embrace Madness","damage_taken":10,"max_hp_gain":0,"max_hp_loss":0,"event_name":"Winding Halls","floor":36,"gold_loss":0,"cards_obtained":["Madness","Madness"]},{"damage_healed":0,"gold_gain":0,"player_choice":"Ignored","damage_taken":0,"max_hp_gain":0,"max_hp_loss":0,"event_name":"Tomb of Lord Red Mask","floor":37,"gold_loss":0}],"is_beta":false,"boss_relics":[{"not_picked":["Runic Pyramid","Astrolabe"],"picked":"Eternal Feather"},{"not_picked":["Snecko Eye","Sozu"],"picked":"Fusion Hammer"}],"items_purged_floors":[],"is_endless":false,"potions_floor_spawned":[1,4,8,13,22,29],"killed_by":"Nemesis","ascension_level":0}