{"gold_per_floor":[119,139,139,152,152,152,177,102,129,144,174,191,191,207,207,303,303,318,218,218,235,254,254,254,254,278,288,307,307,307,322,322,421,421,431,441,441,459,469,469,469,469],"floor_reached":42,"playtime":1697,"items_purged":["Strike_R","Strike_R"],"score":657,"play_id":"2581ef91-2e9e-4554-a309-492c08335692","local_time":"20180829201425","is_ascension_mode":true,"campfire_choices":[{"data":"True Grit","floor":6,"key":"SMITH"},{"data":"Juggernaut","floor":13,"key":"SMITH"},{"data":"Body Slam","floor":15,"key":"SMITH"},{"data":"Armaments","floor":23,"key":"SMITH"},{"data":"Barricade","floor":25,"key":"SMITH"},{"data":"Entrench","floor":30,"key":"SMITH"},{"floor":32,"key":"REST"},{"data":"Disarm","floor":40,"key":"SMITH"}],"neow_cost":"NONE","seed_source_timestamp":2089817174542609,"circlet_count":0,"master_deck":["Strike_R","Strike_R","Strike_R","Defend_R","Defend_R","Defend_R+1","Defend_R","Bash","Juggernaut+1","Flame Barrier+1","Metallicize+1","True Grit+1","Iron Wave","Shrug It Off","Shrug It Off","Body Slam+1","Barricade+1","Armaments+1","Entrench+1","Disarm+1","Madness","Madness"],"relics":["Burning Blood","War Paint","Lantern","Juzu Bracelet","Mark of Pain","Anchor","MutagenicStrength","Cursed Key"],"potions_floor_usage":[22,33,39,42],"damage_taken":[{"damage":1,"enemies":"Cultist","floor":1,"turns":3},{"damage":2,"enemies":"2 Louse","floor":2,"turns":3},{"damage":10,"enemies":"Small Slimes","floor":4,"turns":4},{"damage":19,"enemies":"3 Sentries","floor":7,"turns":8},{"damage":7,"enemies":"3 Louse","floor":10,"turns":4},{"damage":6,"enemies":"Lagavulin","floor":11,"turns":8},{"damage":9,"enemies":"Exordium Wildlife","floor":12,"turns":4},{"damage":0,"enemies":"Large Slime","floor":14,"turns":6},{"damage":42,"enemies":"Hexaghost","floor":16,"turns":10},{"damage":17,"enemies":"2 Thieves","floor":18,"turns":4},{"damage":9,"enemies":"Spheric Guardian","floor":21,"turns":4},{"damage":21,"enemies":"Snake Plant","floor":22,"turns":6},{"damage":18,"enemies":"Colosseum Slavers","floor":24,"turns":5},{"damage":5,"enemies":"Sentry and Sphere","floor":27,"turns":5},{"damage":0,"enemies":"Cultist and Chosen","floor":28,"turns":6},{"damage":20,"enemies":"3 Cultists","floor":31,"turns":6},{"damage":0,"enemies":"Collector","floor":33,"turns":8},{"damage":16,"enemies":"3 Darklings","floor":35,"turns":6},{"damage":0,"enemies":"Orb Walker","floor":36,"turns":4},{"damage":1,"enemies":"4 Shapes","floor":38,"turns":7},{"damage":28,"enemies":"Sphere and 2 Shapes","floor":39,"turns":8},{"damage":55,"enemies":"Jaw Worm Horde","floor":42,"turns":4}],"seed_played":"4808884305038442305","potions_obtained":[{"floor":2,"key":"SpeedPotion"},{"floor":7,"key":"PowerPotion"},{"floor":11,"key":"Poison Potion"},{"floor":12,"key":"Regen Potion"},{"floor":27,"key":"Block Potion"},{"floor":35,"key":"Weak Potion"}],"is_trial":false,"path_per_floor":["M","M","?","M","?","R","E","$","T","M","E","M","R","M","R","B",null,"M","$","?","M","M","R","?","R","T","M","M","?","R","M","R","B",null,"M","M","?","M","M","R","?"],"character_chosen":"IRONCLAD","items_purchased":[],"campfire_rested":1,"item_purchase_floors":[],"current_hp_per_floor":[77,80,80,76,76,76,63,63,63,62,62,59,59,65,65,29,67,56,56,56,53,38,38,26,26,26,27,33,33,33,19,43,49,72,62,68,68,73,64,64,54,0],"gold":469,"neow_bonus":"ONE_RANDOM_RARE_CARD","is_prod":false,"is_daily":false,"chose_seed":false,"campfire_upgraded":7,"win_rate":0,"timestamp":1535588065,"path_taken":["M","?","?","M","?","R","E","$","T","M","E","M","R","M","R","BOSS","M","$","?","M","M","R","?","R","T","M","M","?","R","M","R","BOSS","M","M","?","M","M","R","?","M"],"build_version":"2018-08-28","purchased_purges":2,"victory":false,"max_hp_per_floor":[80,80,80,80,80,80,80,80,80,80,80,80,80,80,80,80,80,80,80,80,80,80,80,80,80,80,80,80,80,80,80,80,80,80,80,80,80,80,80,80,80,80],"card_choices":[{"not_picked":["Anger","Clash"],"picked":"Flame Barrier","floor":1},{"not_picked":["Sword Boomerang","Anger"],"picked":"Metallicize","floor":2},{"not_picked":["Second Wind","Rupture"],"picked":"True Grit","floor":4},{"not_picked":["Searing Blow","Infernal Blade"],"picked":"Iron Wave","floor":7},{"not_picked":["Battle Trance","Sword Boomerang"],"picked":"Shrug It Off","floor":10},{"not_picked":["Perfected Strike","Brutality","Flex"],"picked":"SKIP","floor":11},{"not_picked":["Anger","Havoc"],"picked":"Shrug It Off","floor":12},{"not_picked":["Inflame","Twin Strike"],"picked":"Body Slam","floor":14},{"not_picked":["Immolate","Demon Form"],"picked":"Barricade","floor":16},{"not_picked":["Sword Boomerang","Body Slam+1"],"picked":"Armaments","floor":18},{"not_picked":["Iron Wave","Armaments","Rupture"],"picked":"SKIP","floor":21},{"not_picked":["Iron Wave","Pommel Strike"],"picked":"Entrench","floor":22},{"not_picked":["Clothesline","Perfected Strike"],"picked":"Disarm","floor":27},{"not_picked":["Reaper","Entrench","Armaments"],"picked":"SKIP","floor":28},{"not_picked":["Cleave","Warcry","Iron Wave"],"picked":"SKIP","floor":31},{"not_picked":["Flex","Clash+1","Sword Boomerang"],"picked":"SKIP","floor":35},{"not_picked":["Twin Strike","Perfected Strike","Warcry"],"picked":"SKIP","floor":36},{"not_picked":["Battle Trance","Fire Breathing+1","Dark Embrace"],"picked":"SKIP","floor":38},{"not_picked":["True Grit","Second Wind","Clothesline+1"],"picked":"SKIP","floor":39}],"player_experience":882045,"relics_obtained":[{"floor":7,"key":"War Paint"},{"floor":9,"key":"Lantern"},{"floor":11,"key":"Juzu Bracelet"},{"floor":26,"key":"Anchor"}],"event_choices":[{"event_name":"Upgrade Shrine","player_choice":"Upgraded","floor":3,"damage_taken":0},{"event_name":"Liars Game","player_choice":"disagreed","floor":5,"damage_taken":0},{"event_name":"Ghosts","player_choice":"Ignored","floor":20,"damage_taken":0},{"event_name":"Colosseum","player_choice":"Fight","floor":24,"damage_taken":0},{"event_name":"Colosseum","player_choice":"Fled From Nobs","floor":24,"damage_taken":0},{"event_name":"Drug Dealer","player_choice":"Inject Mutagens","floor":29,"damage_taken":0},{"event_name":"Tomb of Lord Red Mask","player_choice":"Ignored","floor":37,"damage_taken":0},{"event_name":"Winding Halls","player_choice":"Embrace Madness","floor":41,"damage_taken":0}],"is_beta":true,"boss_relics":[{"not_picked":["Philosopher\u0027s Stone","Calling Bell"],"picked":"Mark of Pain"},{"not_picked":["Runic Dome","Lizard Tail"],"picked":"Cursed Key"}],"items_purged_floors":[8,19],"is_endless":false,"potions_floor_spawned":[2,7,11,12,18,24,27,28,35,36],"killed_by":"Jaw Worm Horde","ascension_level":7}