{"gold_per_floor":[111,111,131,149,149,149,181,181,181,198,232,243,253,7,7,83,83,96,21,120,120,140,169,169,169],"floor_reached":25,"playtime":1544,"items_purged":["Strike_B"],"score":393,"play_id":"07bd828e-c1dc-48f4-aafc-00c41e0f5f7b","local_time":"20190806223651","is_ascension_mode":true,"campfire_choices":[{"data":"Dualcast","floor":6.0,"key":"SMITH"},{"data":"Doom and Gloom","floor":8,"key":"SMITH"},{"floor":15,"key":"REST"},{"floor":24,"key":"REST"}],"neow_cost":"NONE","seed_source_timestamp":1795372976013509,"circlet_count":0,"master_deck":["AscendersBane","Strike_B","Strike_B","Defend_B","Defend_B","Defend_B","Defend_B","Zap+1","Dualcast+1","Electrodynamics","Doom and Gloom","Doom and Gloom+1","Echo Form","Defragment","Chill","Turbo","Defragment","Reboot","Loop","Cold Snap+1","Capacitor+1"],"special_seed":0,"relics":["Cracked Core","Du-Vu Doll","Question Card","Bottled Lightning","Cables","Membership Card","Cursed Key","Gambling Chip","Bronze Scales"],"potions_floor_usage":[7,11,13,16,23],"damage_taken":[{"damage":9.0,"enemies":"2 Louse","floor":1.0,"turns":2.0},{"damage":2.0,"enemies":"Jaw Worm","floor":3.0,"turns":3.0},{"damage":0.0,"enemies":"Cultist","floor":4.0,"turns":3.0},{"damage":18,"enemies":"Lagavulin","floor":7,"turns":5},{"damage":16,"enemies":"Large Slime","floor":10,"turns":3},{"damage":15,"enemies":"Gremlin Nob","floor":11,"turns":4},{"damage":0,"enemies":"2 Fungi Beasts","floor":12,"turns":3},{"damage":6,"enemies":"Red Slaver","floor":13,"turns":4},{"damage":26,"enemies":"Slime Boss","floor":16,"turns":5},{"damage":5,"enemies":"Chosen","floor":18,"turns":3},{"damage":19,"enemies":"Shell Parasite","floor":22,"turns":4},{"damage":19,"enemies":"Slavers","floor":23,"turns":3},{"damage":34,"enemies":"Gremlin Leader","floor":25,"turns":2}],"seed_played":"1915954910895978459","potions_obtained":[{"floor":1.0,"key":"FocusPotion"},{"floor":4.0,"key":"Regen Potion"},{"floor":11,"key":"SkillPotion"},{"floor":12,"key":"Block Potion"},{"floor":22,"key":"PowerPotion"},{"floor":23,"key":"Strength Potion"}],"is_trial":false,"path_per_floor":["M","?","M","M","?","R","E","R","T","M","E","M","M","$","R","B",null,"M","?","?","?","M","E","R","E"],"character_chosen":"DEFECT","items_purchased":["Membership Card"],"campfire_rested":2,"item_purchase_floors":[14],"current_hp_per_floor":[55,52,50,50,50,50,46,46,46,30,15,15,9,9,30,4,54,49,49,49,49,30,11,32,0],"gold":169,"neow_bonus":"ONE_RANDOM_RARE_CARD","is_prod":false,"is_daily":false,"chose_seed":false,"campfire_upgraded":2,"win_rate":0,"timestamp":1565156211,"path_taken":["M","?","M","M","?","R","E","R","T","M","E","?","M","$","R","BOSS","M","?","?","?","?","E","R","E"],"build_version":"2019-07-17","purchased_purges":1,"victory":false,"max_hp_per_floor":[71,71,71,71,71,71,71,71,71,71,71,71,71,71,71,71,71,71,71,71,71,71,71,71,71],"card_choices":[{"not_picked":["Skim","Streamline"],"picked":"Chill","floor":1.0},{"not_picked":["Tempest","Steam"],"picked":"Doom and Gloom","floor":3.0},{"not_picked":["Darkness","Force Field"],"picked":"Doom and Gloom","floor":4.0},{"not_picked":["Steam","Compile Driver"],"picked":"Echo Form","floor":7},{"not_picked":["Leap","Barrage","Conserve Battery"],"picked":"Defragment","floor":10},{"not_picked":["Barrage","Skim","Aggregate"],"picked":"Chill","floor":11},{"not_picked":["Compile Driver","Steam","Gash"],"picked":"Turbo","floor":12},{"not_picked":["Tempest","Conserve Battery","Turbo"],"picked":"Defragment","floor":13},{"not_picked":["Rainbow","Hyperbeam","Machine Learning"],"picked":"Reboot","floor":16},{"not_picked":["Steam","Go for the Eyes","Cold Snap"],"picked":"Loop","floor":18},{"not_picked":["Stack+1","Defragment","Compile Driver"],"picked":"Cold Snap+1","floor":22},{"not_picked":["Defragment","Cold Snap","Loop"],"picked":"Capacitor+1","floor":23}],"player_experience":617718,"relics_obtained":[{"floor":7,"key":"Question Card"},{"floor":9,"key":"Bottled Lightning"},{"floor":11,"key":"Cables"},{"floor":23,"key":"Bronze Scales"}],"event_choices":[{"damage_healed":0.0,"max_hp_gain":0.0,"max_hp_loss":0.0,"gold_gain":0.0,"event_name":"Scrap Ooze","player_choice":"Success","floor":2.0,"gold_loss":0.0,"damage_taken":3.0,"relics_obtained":["Du-Vu Doll"]},{"damage_healed":0.0,"max_hp_gain":0.0,"max_hp_loss":0.0,"gold_gain":0.0,"event_name":"Living Wall","player_choice":"Grow","floor":5.0,"gold_loss":0.0,"damage_taken":0.0,"cards_upgraded":["Zap"]},{"cards_removed":["Strike_B"],"damage_healed":0,"gold_gain":0,"player_choice":"Gave Gold","damage_taken":0,"max_hp_gain":0,"max_hp_loss":0,"event_name":"Beggar","floor":19,"gold_loss":75},{"damage_healed":0,"gold_gain":99,"player_choice":"Stole From Cult","damage_taken":0,"max_hp_gain":0,"max_hp_loss":0,"event_name":"Nest","floor":20,"gold_loss":0},{"cards_removed":["Chill"],"damage_healed":0,"gold_gain":0,"player_choice":"Gave Card","damage_taken":0,"relics_obtained":["Gambling Chip"],"max_hp_gain":0,"max_hp_loss":0,"event_name":"WeMeetAgain","floor":21,"gold_loss":0}],"is_beta":false,"boss_relics":[{"not_picked":["Astrolabe","Orrery"],"picked":"Cursed Key"}],"items_purged_floors":[14],"is_endless":false,"potions_floor_spawned":[1,4,11,12,22,23],"killed_by":"Gremlin Leader","ascension_level":14}