{"gold_per_floor":[11,25,25,25,100,126,144,144,144,177,191,191,213,238,238,312,312,329,344,344,360,376,376,407,407,407,419,419,452,502,520,520,595,595,613,629,629,649,664,693,693,114,114,114,0,13,13,13,13,13,13,13,13,13,38,38],"floor_reached":56,"playtime":10260,"items_purged":[],"score":1995,"play_id":"11ad4f15-fc29-4fe4-aa84-fab6c4698d31","local_time":"20190902100753","is_ascension_mode":true,"campfire_choices":[{"floor":8.0,"key":"REST"},{"data":"Hyperbeam","floor":12.0,"key":"SMITH"},{"data":"Static Discharge","floor":15.0,"key":"SMITH"},{"floor":23.0,"key":"REST"},{"floor":28.0,"key":"REST"},{"floor":32.0,"key":"REST"},{"data":"Buffer","floor":41.0,"key":"SMITH"},{"data":"Panacea","floor":44.0,"key":"SMITH"},{"floor":49.0,"key":"RECALL"},{"data":"Barrage","floor":53.0,"key":"SMITH"}],"neow_cost":"NO_GOLD","seed_source_timestamp":0,"circlet_count":0,"master_deck":["AscendersBane","Zap+1","Dualcast+1","Ball Lightning+1","Leap+1","Static Discharge+1","Go for the Eyes+1","Hyperbeam+1","Hologram+1","Coolheaded+1","Machine Learning+1","Core Surge+1","White Noise+1","Compile Driver+1","RitualDagger+1","Beam Cell+1","Stack+1","Hologram+1","Coolheaded+1","Recycle+1","All For One+1","Fission+1","Reinforced Body+1","Darkness+1","Capacitor+1","Skim+1","Creative AI+1","Conserve Battery+1","Defragment+1","Barrage+1","Buffer+1","Panacea+1","Undo","Chill","Glacier"],"special_seed":0,"relics":["Cracked Core","Pocketwatch","Pear","War Paint","Pen Nib","Odd Mushroom","Nunchaku","Sozu","Blood Vial","Letter Opener","Symbiotic Virus","Pandora\u0027s Box","Mark of the Bloom","Bottled Tornado","Anchor","Medical Kit","Red Mask","StoneCalendar"],"potions_floor_usage":[],"damage_taken":[{"damage":0.0,"enemies":"Cultist","floor":1.0,"turns":3.0},{"damage":0.0,"enemies":"Small Slimes","floor":2.0,"turns":2.0},{"damage":10.0,"enemies":"Lagavulin","floor":6.0,"turns":6.0},{"damage":0.0,"enemies":"2 Louse","floor":7.0,"turns":2.0},{"damage":8.0,"enemies":"Gremlin Nob","floor":10.0,"turns":3.0},{"damage":0.0,"enemies":"2 Fungi Beasts","floor":11.0,"turns":1.0},{"damage":0.0,"enemies":"The Mushroom Lair","floor":13.0,"turns":1.0},{"damage":0.0,"enemies":"Lagavulin","floor":14.0,"turns":6.0},{"damage":21.0,"enemies":"Hexaghost","floor":16.0,"turns":5.0},{"damage":6.0,"enemies":"2 Thieves","floor":18.0,"turns":2.0},{"damage":5.0,"enemies":"Spheric Guardian","floor":19.0,"turns":4.0},{"damage":2.0,"enemies":"Chosen and Byrds","floor":21.0,"turns":3.0},{"damage":13.0,"enemies":"Snecko","floor":22.0,"turns":3.0},{"damage":58.0,"enemies":"Gremlin Leader","floor":24.0,"turns":5.0},{"damage":0.0,"enemies":"Cultist and Chosen","floor":27.0,"turns":3.0},{"damage":7.0,"enemies":"Book of Stabbing","floor":29.0,"turns":5.0},{"damage":1.0,"enemies":"3 Cultists","floor":31.0,"turns":3.0},{"damage":31.0,"enemies":"Automaton","floor":33.0,"turns":12.0},{"damage":0.0,"enemies":"3 Darklings","floor":35.0,"turns":4.0},{"damage":3.0,"enemies":"3 Shapes","floor":36.0,"turns":3.0},{"damage":8.0,"enemies":"Writhing Mass","floor":38.0,"turns":3.0},{"damage":0.0,"enemies":"Jaw Worm Horde","floor":39.0,"turns":3.0},{"damage":0.0,"enemies":"Nemesis","floor":40.0,"turns":3.0},{"damage":0.0,"enemies":"Maw","floor":46.0,"turns":7.0},{"damage":8.0,"enemies":"Awakened One","floor":50.0,"turns":9.0},{"damage":10.0,"enemies":"Donu and Deca","floor":51.0,"turns":11.0},{"damage":6.0,"enemies":"Shield and Spear","floor":55.0,"turns":5.0},{"damage":35,"enemies":"The Heart","floor":56,"turns":8}],"seed_played":"-5490506226255457666","potions_obtained":[{"floor":2.0,"key":"FocusPotion"},{"floor":6.0,"key":"FocusPotion"},{"floor":11.0,"key":"EssenceOfSteel"},{"floor":14.0,"key":"PowerPotion"},{"floor":16.0,"key":"FearPotion"}],"is_trial":false,"path_per_floor":["M","M","?","?","?","E","M","R","T","E","M","R","?","E","R","B",null,"M","M","?","M","M","R","E","?","T","M","R","E","?","M","R","B",null,"M","M","?","M","M","E","R","$","T","R","?","M","?","$","R","B","B",null,"R","$","E","B"],"character_chosen":"DEFECT","items_purchased":["Anchor","Panacea","Medical Kit","Undo"],"campfire_rested":4,"item_purchase_floors":[42,42,42,42],"current_hp_per_floor":[64,64,64,43,32,32,32,56,56,48,48,48,48,48,48,27,68,62,57,51,49,36,60,2,2,2,4,28,23,23,24,48,19,66,68,67,67,59,59,59,59,59,59,59,59,59,59,59,59,51,41,41,41,41,35,0],"gold":38,"neow_bonus":"ONE_RARE_RELIC","is_prod":false,"is_daily":false,"chose_seed":false,"campfire_upgraded":5,"win_rate":0,"timestamp":1567444073,"path_taken":["M","M","?","?","?","E","M","R","T","E","M","R","?","E","R","BOSS","M","M","?","M","M","R","E","?","T","?","R","E","?","M","R","BOSS","M","M","?","M","M","E","R","$","T","R","?","M","?","?","R","BOSS","BOSS","R","$","E","BOSS"],"build_version":"2019-07-17","purchased_purges":0,"victory":false,"max_hp_per_floor":[71,71,71,71,71,81,81,81,81,81,81,81,81,81,81,81,81,81,81,81,81,81,81,81,81,81,81,81,81,81,81,81,81,81,81,81,81,81,81,81,81,81,81,81,81,81,81,81,81,81,81,81,81,81,81,81],"card_choices":[{"not_picked":["Steam","Chill"],"picked":"Ball Lightning","floor":1.0},{"not_picked":["Rebound","Turbo"],"picked":"Leap","floor":2.0},{"not_picked":["Beam Cell","Blizzard"],"picked":"Static Discharge","floor":6.0},{"not_picked":["Double Energy","Turbo"],"picked":"Go for the Eyes","floor":7.0},{"not_picked":["Reboot","Reinforced Body"],"picked":"Hyperbeam","floor":10.0},{"not_picked":["Blizzard","Double Energy"],"picked":"Hologram","floor":11.0},{"not_picked":["Redo","Consume"],"picked":"Coolheaded","floor":13.0},{"not_picked":["Steam","Fusion"],"picked":"Machine Learning","floor":14.0},{"not_picked":["Seek","Multi-Cast"],"picked":"Core Surge","floor":16.0},{"not_picked":["Tempest","Streamline+1"],"picked":"White Noise","floor":18.0},{"not_picked":["Sweeping Beam","Beam Cell+1"],"picked":"Compile Driver+1","floor":19.0},{"not_picked":["Gash","Static Discharge"],"picked":"Beam Cell","floor":21.0},{"not_picked":["Storm","Loop"],"picked":"Stack+1","floor":22.0},{"not_picked":["Reboot","Gash"],"picked":"Hologram+1","floor":24.0},{"not_picked":["Double Energy","Hologram"],"picked":"Coolheaded","floor":27.0},{"not_picked":["Reprogram","Coolheaded","Storm"],"picked":"SKIP","floor":29.0},{"not_picked":["Go for the Eyes","Rebound+1"],"picked":"Recycle+1","floor":31.0},{"not_picked":["Seek","Meteor Strike"],"picked":"All For One","floor":33.0},{"not_picked":["Sweeping Beam","Leap"],"picked":"Conserve Battery","floor":35.0},{"not_picked":["Sweeping Beam","Static Discharge","Skim"],"picked":"SKIP","floor":36.0},{"not_picked":["Stack","Steam Power"],"picked":"Defragment+1","floor":38.0},{"not_picked":["Reinforced Body","Beam Cell"],"picked":"Barrage","floor":39.0},{"not_picked":["Storm+1","Turbo"],"picked":"Buffer","floor":40.0},{"not_picked":["Cold Snap","Gash"],"picked":"Chill","floor":46.0},{"not_picked":["Conserve Battery","Loop"],"picked":"Glacier","floor":55.0}],"player_experience":850299,"relics_obtained":[{"floor":6.0,"key":"Pear"},{"floor":9.0,"key":"War Paint"},{"floor":10.0,"key":"Pen Nib"},{"floor":13.0,"key":"Odd Mushroom"},{"floor":14.0,"key":"Nunchaku"},{"floor":24.0,"key":"Blood Vial"},{"floor":26.0,"key":"Letter Opener"},{"floor":29.0,"key":"Symbiotic Virus"},{"floor":40.0,"key":"Bottled Tornado"},{"floor":55.0,"key":"StoneCalendar"}],"event_choices":[{"cards_removed":["Defend_B"],"damage_healed":0.0,"max_hp_gain":0.0,"max_hp_loss":0.0,"gold_gain":0.0,"event_name":"Living Wall","player_choice":"Forget","floor":3.0,"gold_loss":0.0,"damage_taken":0.0},{"damage_healed":0.0,"max_hp_gain":0.0,"max_hp_loss":0.0,"gold_gain":0.0,"event_name":"Shining Light","player_choice":"Entered Light","floor":4.0,"gold_loss":0.0,"damage_taken":21.0,"cards_upgraded":["Defend_B","Strike_B"]},{"damage_healed":0.0,"max_hp_gain":0.0,"max_hp_loss":0.0,"gold_gain":75.0,"event_name":"World of Goop","player_choice":"Gather Gold","floor":5.0,"gold_loss":0.0,"damage_taken":11.0},{"damage_healed":0.0,"max_hp_gain":0.0,"max_hp_loss":0.0,"gold_gain":0.0,"event_name":"Mushrooms","player_choice":"Fought Mushrooms","floor":13.0,"gold_loss":0.0,"damage_taken":0.0},{"damage_healed":0.0,"max_hp_gain":0.0,"max_hp_loss":0.0,"gold_gain":0.0,"event_name":"Nest","player_choice":"Joined the Cult","floor":20.0,"gold_loss":0.0,"damage_taken":6.0,"cards_obtained":["RitualDagger"]},{"damage_healed":0.0,"max_hp_gain":0.0,"max_hp_loss":0.0,"gold_gain":0.0,"event_name":"Upgrade Shrine","player_choice":"Upgraded","floor":25.0,"gold_loss":0.0,"damage_taken":0.0,"cards_upgraded":["White Noise"]},{"damage_healed":0.0,"max_hp_gain":0.0,"max_hp_loss":0.0,"gold_gain":50.0,"event_name":"Golden Shrine","player_choice":"Pray","floor":30.0,"gold_loss":0.0,"damage_taken":0.0},{"damage_healed":0.0,"max_hp_gain":0.0,"max_hp_loss":0.0,"gold_gain":0.0,"event_name":"MindBloom","player_choice":"Upgrade","floor":37.0,"gold_loss":0.0,"damage_taken":0.0,"cards_upgraded":["Zap","Ball Lightning","Go for the Eyes","Hologram","Coolheaded","Machine Learning","Core Surge","RitualDagger","Beam Cell","Coolheaded","All For One","Fission","Reinforced Body","Darkness","Capacitor","Doom and Gloom","Skim","Creative AI","Conserve Battery"],"relics_obtained":["Mark of the Bloom"]},{"damage_healed":0.0,"max_hp_gain":0.0,"max_hp_loss":0.0,"gold_gain":0.0,"event_name":"Tomb of Lord Red Mask","player_choice":"Paid","floor":45.0,"gold_loss":114.0,"damage_taken":0.0,"relics_obtained":["Red Mask"]},{"cards_removed":["Doom and Gloom"],"damage_healed":0.0,"max_hp_gain":0.0,"max_hp_loss":0.0,"gold_gain":0.0,"event_name":"Falling","player_choice":"Removed Attack","floor":47.0,"gold_loss":0.0,"damage_taken":0.0}],"is_beta":false,"boss_relics":[{"not_picked":["Lizard Tail","Coffee Dripper"],"picked":"Sozu"},{"not_picked":["Tiny House","Busted Crown"],"picked":"Pandora\u0027s Box"}],"items_purged_floors":[],"is_endless":false,"potions_floor_spawned":[2,6,11,14,16,19,21,22,27,31,39,46],"killed_by":"The Heart","ascension_level":20}