{"path_per_floor":["M","?","M","M","M","R","?","R","T","R","M","?","M","M","R","B",null,"M","?","M","$"],"character_chosen":"DEFECT","items_purchased":["Gash","Master of Strategy"],"gold_per_floor":[116,116,133,143,163,163,163,163,187,187,203,203,220,232,232,331,331,345,345,357,16,16],"floor_reached":22,"campfire_rested":0,"playtime":1919,"current_hp_per_floor":[59,59,56,52,50,50,55,55,62,62,62,54,53,48,48,46,77,74,57,20,20,0],"items_purged":["Strike_B"],"gold":16,"score":248,"play_id":"8f22ec2f-82db-4ab4-bb9a-d025b06a0ef4","local_time":"20180430100250","is_prod":false,"is_daily":false,"chose_seed":false,"is_ascension_mode":true,"campfire_upgraded":4,"timestamp":1525107770,"path_taken":["M","?","M","M","M","R","?","R","T","R","?","?","?","M","R","BOSS","M","?","M","$","M"],"build_version":"2018-04-27v3","seed_source_timestamp":149609486328179,"purchased_purges":1,"victory":false,"master_deck":["Strike_B","Strike_B","Defend_B","Defend_B","Defend_B","Defend_B","Zap+1","Dualcast","Echo Form","Go for the Eyes","Sunder+1","Recycle+1","Buffer+1","Leap","Defragment","Scrape","Prime","Auto Shields","Gash","Master of Strategy"],"max_hp_per_floor":[75,75,75,75,75,75,80,80,87,87,87,87,87,87,87,87,87,87,92,92,92,92],"relics":["Cracked Core","Strawberry","Cursed Key"],"card_choices":[{"not_picked":["Ball Lightning","Coolheaded"],"picked":"Go for the Eyes","floor":1},{"not_picked":["Hologram","Impulse"],"picked":"Sunder","floor":3},{"not_picked":["Force Field","Cold Snap"],"picked":"Recycle","floor":4},{"not_picked":["Hologram","Streamline"],"picked":"Buffer","floor":5},{"not_picked":["Auto Shields","Multi-Cast"],"picked":"Leap","floor":11},{"not_picked":["Force Field","Streamline"],"picked":"Defragment","floor":13},{"not_picked":["Streamline","Barrage"],"picked":"Scrape","floor":14},{"not_picked":["Biased Cognition","Hyperbeam"],"picked":"Prime","floor":16},{"not_picked":["Ball Lightning","Scrape"],"picked":"Auto Shields","floor":18}],"player_experience":489472,"potions_floor_usage":[22],"damage_taken":[{"damage":16,"enemies":"Small Slimes","floor":1,"turns":4},{"damage":3,"enemies":"2 Louse","floor":3,"turns":3},{"damage":4,"enemies":"Jaw Worm","floor":4,"turns":3},{"damage":2,"enemies":"Large Slime","floor":5,"turns":7},{"damage":0,"enemies":"Exordium Thugs","floor":11,"turns":4},{"damage":1,"enemies":"2 Fungi Beasts","floor":13,"turns":2},{"damage":5,"enemies":"Gremlin Gang","floor":14,"turns":5},{"damage":2,"enemies":"The Guardian","floor":16,"turns":9},{"damage":3,"enemies":"Shell Parasite","floor":18,"turns":5},{"damage":37,"enemies":"3 Byrds","floor":20,"turns":7},{"damage":25,"enemies":"3 Cultists","floor":22,"turns":4}],"event_choices":[{"event_name":"Living Wall","player_choice":"Forget","floor":2,"damage_taken":0},{"event_name":"Big Fish","player_choice":"Donut","floor":7,"damage_taken":0},{"event_name":"Wheel of Change","player_choice":"Damage","floor":12,"damage_taken":0},{"event_name":"Forgotten Altar","player_choice":"Shed Blood","floor":19,"damage_taken":0}],"boss_relics":[{"not_picked":["Nuclear Battery","Runic Dome"],"picked":"Cursed Key"}],"potions_floor_spawned":[3,5,14,20],"seed_played":"-5236312064626404865","killed_by":"3 Cultists","ascension_level":5,"is_trial":false}