{"gold_per_floor":[113,113,188,199,218,218,229,229,229,246,259,259,259,274,274,370,370,389,400,414,339,339,339,356,456,456,471,471,68,68,68,68,168,168,183,195,70,93,112,112,131,231,231,231,244,244,257,271,271,271],"floor_reached":51,"playtime":1714,"items_purged":["Strike_B","Strike_B","Dualcast+1"],"score":782,"play_id":"38770d82-cdb8-4449-9d6e-96caeb475511","local_time":"20181223022356","is_ascension_mode":true,"campfire_choices":[{"data":"Machine Learning","floor":6,"key":"SMITH"},{"data":"Gash","floor":8,"key":"SMITH"},{"data":"Gash","floor":13,"key":"SMITH"},{"data":"Streamline","floor":15,"key":"SMITH"},{"data":"Genetic Algorithm","floor":23,"key":"SMITH"},{"data":"Strike_B","floor":30,"key":"PURGE"},{"data":"Zap","floor":32,"key":"PURGE"},{"data":"Streamline","floor":40,"key":"PURGE"},{"data":"Parasite","floor":46,"key":"PURGE"},{"data":"Beam Cell","floor":49,"key":"SMITH"}],"neow_cost":"TEN_PERCENT_HP_LOSS","seed_source_timestamp":202562026567319,"circlet_count":0,"master_deck":["Defend_B","Defend_B","Defend_B","Defend_B","Machine Learning+1","Gash+1","Leap","Gash+1","Genetic Algorithm+1","Streamline+1","All For One","Gash+1","Steam+1","Beam Cell+1","White Noise+1","Gash+1"],"special_seed":0,"relics":["Cracked Core","Oddly Smooth Stone","Bronze Scales","Runic Pyramid","Prayer Wheel","Peace Pipe","Runic Dome","Boot","Bird Faced Urn","Letter Opener"],"potions_floor_usage":[10,16,19,33,50,50,50],"damage_taken":[{"damage":0.0,"enemies":"Cultist","floor":1.0,"turns":3.0},{"damage":0.0,"enemies":"2 Louse","floor":4.0,"turns":3.0},{"damage":2,"enemies":"Jaw Worm","floor":5,"turns":3},{"damage":4,"enemies":"Red Slaver","floor":7,"turns":3},{"damage":0,"enemies":"2 Fungi Beasts","floor":10,"turns":2},{"damage":10,"enemies":"Lots of Slimes","floor":11,"turns":4},{"damage":0,"enemies":"Large Slime","floor":14,"turns":4},{"damage":25,"enemies":"The Guardian","floor":16,"turns":8},{"damage":8,"enemies":"Chosen","floor":18,"turns":4},{"damage":0,"enemies":"Spheric Guardian","floor":19,"turns":3},{"damage":2,"enemies":"Chosen and Byrds","floor":20,"turns":3},{"damage":0,"enemies":"3 Cultists","floor":24,"turns":5},{"damage":12,"enemies":"Cultist and Chosen","floor":27,"turns":5},{"damage":18,"enemies":"Champ","floor":33,"turns":6},{"damage":9,"enemies":"3 Shapes","floor":35,"turns":4},{"damage":11,"enemies":"Orb Walker","floor":36,"turns":3},{"damage":0,"enemies":"3 Darklings","floor":39,"turns":5},{"damage":30,"enemies":"4 Shapes","floor":41,"turns":3},{"damage":0,"enemies":"Mind Bloom Boss Battle","floor":42,"turns":5},{"damage":15,"enemies":"Writhing Mass","floor":45,"turns":4},{"damage":0,"enemies":"Transient","floor":47,"turns":5},{"damage":0,"enemies":"4 Shapes","floor":48,"turns":4},{"damage":0,"enemies":"Donu and Deca","floor":50,"turns":6}],"seed_played":"3258980011563916174","potions_obtained":[{"floor":4,"key":"Explosive Potion"},{"floor":7,"key":"FocusPotion"},{"floor":16,"key":"Energy Potion"},{"floor":24,"key":"FocusPotion"},{"floor":27,"key":"EssenceOfSteel"},{"floor":35,"key":"EssenceOfSteel"},{"floor":36,"key":"SpeedPotion"},{"floor":39,"key":"PowerPotion"}],"is_trial":false,"path_per_floor":["M","?","?","M","M","M","R","M","R","T","M","M","T","R","M","R","B",null,"M","M","M","$","?","R","M","?","T","M","?","$","R","?","R","B",null,"M","M","$","T","M","R","M","?","T","?","M","R","M","M","R","B",null],"character_chosen":"DEFECT","items_purchased":["Peace Pipe"],"campfire_rested":0,"item_purchase_floors":[29],"current_hp_per_floor":[68,68,57,57,55,55,51,51,51,51,41,41,41,41,41,16,68,60,60,58,58,58,58,58,58,58,46,68,68,68,68,68,50,68,59,48,48,48,48,48,18,18,18,78,65,65,69,73,73,75],"gold":271,"neow_bonus":"THREE_RARE_CARDS","is_prod":false,"is_daily":false,"chose_seed":false,"campfire_upgraded":6,"win_rate":0,"timestamp":1545528236,"path_taken":["M","?","?","M","M","R","M","R","T","M","M","?","R","M","R","BOSS","M","M","M","$","?","R","M","?","T","?","?","$","R","?","R","BOSS","M","M","$","?","?","R","M","?","T","?","M","R","?","M","R","BOSS"],"build_version":"2018-12-20","purchased_purges":3,"victory":true,"max_hp_per_floor":[68,68,68,68,68,68,68,68,68,68,68,68,68,68,68,68,68,68,68,68,68,68,68,68,68,68,68,68,68,68,68,68,68,68,68,68,68,68,68,68,68,68,68,78,78,75,75,75,75,75],"card_choices":[{"not_picked":["Creative AI","Meteor Strike"],"picked":"Machine Learning","floor":0.0},{"not_picked":["Leap","Aggregate"],"picked":"Gash","floor":1.0},{"not_picked":["Compile Driver","Stack","Conserve Battery"],"picked":"SKIP","floor":4},{"not_picked":["Rainbow","Redo"],"picked":"Leap","floor":5},{"not_picked":["Steam","Cold Snap"],"picked":"Gash","floor":7},{"not_picked":["Aggregate","Leap","Defragment"],"picked":"SKIP","floor":10},{"not_picked":["Cold Snap","Steam Power"],"picked":"Genetic Algorithm","floor":11},{"not_picked":["Defragment","Hello World"],"picked":"Streamline","floor":14},{"not_picked":["Meteor Strike","Seek"],"picked":"All For One","floor":16},{"not_picked":["Beam Cell","Doom and Gloom+1"],"picked":"Gash+1","floor":18},{"not_picked":["Cold Snap","Self Repair"],"picked":"Steam+1","floor":19},{"not_picked":["Barrage","Go for the Eyes","Sweeping Beam"],"picked":"SKIP","floor":20},{"not_picked":["Conserve Battery","Go for the Eyes"],"picked":"Beam Cell","floor":24},{"not_picked":["Compile Driver","Sunder+1"],"picked":"White Noise+1","floor":27},{"not_picked":["Steam Power","Steam+1","Cold Snap"],"picked":"SKIP","floor":27},{"not_picked":["Buffer","Hyperbeam"],"picked":"Machine Learning","floor":33},{"not_picked":["Sweeping Beam","Reprogram"],"picked":"Streamline","floor":35},{"not_picked":["Compile Driver","Tempest","Rip and Tear"],"picked":"SKIP","floor":35},{"not_picked":["Defragment","Darkness+1","Hello World+1"],"picked":"SKIP","floor":36},{"not_picked":["Recycle+1","Go for the Eyes","Sweeping Beam"],"picked":"SKIP","floor":36},{"not_picked":["Ball Lightning+1","Glacier","Reinforced Body+1"],"picked":"SKIP","floor":39},{"not_picked":["Coolheaded+1","Redo+1","Static Discharge+1"],"picked":"SKIP","floor":39},{"not_picked":["Ball Lightning","Compile Driver+1","Cold Snap"],"picked":"SKIP","floor":41},{"not_picked":["Auto Shields+1","Beam Cell","Reinforced Body+1"],"picked":"SKIP","floor":41},{"not_picked":["Force Field","Conserve Battery+1"],"picked":"Gash+1","floor":42},{"not_picked":["Thunder Strike","Sweeping Beam+1","Aggregate+1"],"picked":"SKIP","floor":45},{"not_picked":["Beam Cell+1","Ball Lightning+1","Darkness+1"],"picked":"SKIP","floor":45},{"not_picked":["Streamline+1","Conserve Battery+1","Barrage"],"picked":"SKIP","floor":47},{"not_picked":["Coolheaded","Meteor Strike","Stack+1"],"picked":"SKIP","floor":47},{"not_picked":["Melter+1","Consume","Beam Cell+1"],"picked":"SKIP","floor":48},{"not_picked":["Leap+1","BootSequence+1","Chill"],"picked":"SKIP","floor":48}],"player_experience":325000,"relics_obtained":[{"floor":9,"key":"Oddly Smooth Stone"},{"floor":12,"key":"Bronze Scales"},{"floor":26,"key":"Prayer Wheel"},{"floor":38,"key":"Boot"},{"floor":42,"key":"Bird Faced Urn"},{"floor":43,"key":"Letter Opener"}],"event_choices":[{"damage_healed":0.0,"max_hp_gain":0.0,"max_hp_loss":0.0,"gold_gain":0.0,"event_name":"Liars Game","player_choice":"Ignored","floor":2.0,"gold_loss":0.0,"damage_taken":0.0},{"damage_healed":0.0,"max_hp_gain":0.0,"max_hp_loss":0.0,"gold_gain":75.0,"event_name":"World of Goop","player_choice":"Gather Gold","floor":3.0,"gold_loss":0.0,"damage_taken":11.0},{"cards_removed":["Strike_B"],"damage_healed":0,"gold_gain":0,"player_choice":"Elegance","damage_taken":0,"max_hp_gain":0,"max_hp_loss":0,"event_name":"Back to Basics","floor":22,"gold_loss":0},{"damage_healed":0,"gold_gain":100,"player_choice":"Pray","damage_taken":0,"max_hp_gain":0,"max_hp_loss":0,"event_name":"Golden Shrine","floor":25,"gold_loss":0},{"damage_healed":22,"gold_gain":0,"player_choice":"Heal","damage_taken":0,"max_hp_gain":0,"max_hp_loss":0,"event_name":"The Library","floor":28,"gold_loss":0},{"damage_healed":0,"gold_gain":0,"player_choice":"Forge","damage_taken":0,"max_hp_gain":0,"max_hp_loss":0,"event_name":"Accursed Blacksmith","floor":31,"gold_loss":0,"cards_upgraded":["Dualcast"]},{"damage_healed":0,"gold_gain":0,"player_choice":"Fight","damage_taken":0,"max_hp_gain":0,"max_hp_loss":0,"event_name":"MindBloom","floor":42,"gold_loss":0},{"cards_removed":["Machine Learning"],"damage_healed":50,"gold_gain":0,"player_choice":"Offered Rare","damage_taken":0,"max_hp_gain":10,"max_hp_loss":0,"event_name":"Bonfire Elementals","floor":44,"gold_loss":0}],"is_beta":false,"boss_relics":[{"not_picked":["Astrolabe","Cursed Key"],"picked":"Runic Pyramid"},{"not_picked":["Tiny House","White Beast Statue"],"picked":"Runic Dome"}],"items_purged_floors":[21,29,37],"is_endless":false,"potions_floor_spawned":[4,7,16,24,27,35,36,39,48],"ascension_level":2}