{"path_per_floor":["M","?","M","M","?","R","M","?","T","R","M","M","$","T","R","B",null,"M","?","$","M","?","M","M","R","T","M","M","?","M","M","R","B",null,"M","$","T","M","M","R","M","R","T","M","$","M","M","M","R","B"],"character_chosen":"DEFECT","items_purchased":["Skim","Bandage Up","Machine Learning","Defragment","Mind Blast"],"gold_per_floor":[111,111,125,142,142,142,153,177,177,177,197,216,46,46,46,149,149,163,163,24,40,40,56,69,69,69,83,100,0,19,31,31,129,129,145,66,66,78,97,97,117,117,117,130,28,48,64,77,77,77],"floor_reached":51,"campfire_rested":0,"playtime":7126,"item_purchase_floors":[13,13,20,36,45],"current_hp_per_floor":[74,56,50,50,55,55,51,37,37,37,34,29,29,29,29,21,80,80,64,64,70,55,52,58,58,58,48,53,53,50,50,50,20,85,85,85,85,85,52,52,58,58,58,62,62,54,60,66,66,51],"items_purged":[],"gold":77,"score":624,"play_id":"95dbca8c-3327-4089-b56f-f214e0ff8766","local_time":"20180529193545","is_prod":false,"is_daily":false,"chose_seed":false,"is_ascension_mode":false,"campfire_upgraded":8,"win_rate":0,"timestamp":1527636945,"campfire_choices":[{"data":"Defragment","floor":6,"key":"SMITH"},{"data":"Zap","floor":10,"key":"SMITH"},{"data":"Bandage Up","floor":15,"key":"SMITH"},{"data":"Machine Learning","floor":25,"key":"SMITH"},{"data":"Defragment","floor":32,"key":"SMITH"},{"data":"Defragment","floor":40,"key":"SMITH"},{"data":"Buffer","floor":42,"key":"SMITH"},{"data":"Mind Blast","floor":49,"key":"SMITH"}],"path_taken":["M","?","M","M","?","R","M","?","T","R","M","M","?","?","R","BOSS","M","?","$","M","?","M","M","R","T","M","?","?","M","M","R","BOSS","M","$","?","M","M","R","M","R","T","M","$","M","?","?","R","BOSS"],"build_version":"2018-05-28","seed_source_timestamp":579267804961905,"purchased_purges":0,"victory":true,"master_deck":["Strike_B","Strike_B","Strike_B","Strike_B","Defend_B","Zap+1","Dualcast","Defragment+1","Beam Cell","Leap","Go for the Eyes","Coolheaded","Coolheaded","Skim","Bandage Up+1","Coolheaded","Necronomicurse","Machine Learning+1","Ball Lightning","Cold Snap","Leap","Cold Snap","Cold Snap","Defragment+1","Glacier","Buffer+1","Scrape+1","Hello World+1","Reprogram+1","Chaos","Defragment+1","Rebound","Consume","Stack","Stack+1","Mind Blast+1","Compile Driver+1","Machine Learning","BootSequence+1"],"max_hp_per_floor":[75,75,75,75,80,80,80,80,80,80,80,80,80,80,80,80,80,80,80,80,80,85,85,85,85,85,85,85,85,85,85,85,85,85,85,85,85,85,85,85,85,85,85,85,85,85,85,85,85,85],"relics":["Cracked Core","Ornamental Fan","Odd Mushroom","Art of War","Thread and Needle","Cursed Key","Necronomicon","Astrolabe"],"card_choices":[{"not_picked":["Beam Cell","White Noise"],"picked":"Defragment","floor":1},{"not_picked":["Compile Driver","Turbo"],"picked":"Beam Cell","floor":3},{"not_picked":["Reprogram","Loop"],"picked":"Leap","floor":4},{"not_picked":["Conserve Battery","Scrape"],"picked":"Go for the Eyes","floor":7},{"not_picked":["Streamline","Gash"],"picked":"Coolheaded","floor":8},{"not_picked":["Turbo","Hologram"],"picked":"Coolheaded","floor":11},{"not_picked":["Conserve Battery","Barrage","Sweeping Beam"],"picked":"SKIP","floor":12},{"not_picked":["Beam Cell+1","Steam"],"picked":"Coolheaded","floor":18},{"not_picked":["Reboot","Beam Cell"],"picked":"Ball Lightning","floor":21},{"not_picked":["Hologram","Ball Lightning"],"picked":"Cold Snap","floor":23},{"not_picked":["Sweeping Beam","Aggregate"],"picked":"Leap","floor":24},{"not_picked":["Hologram","Steam"],"picked":"Cold Snap","floor":27},{"not_picked":["Multi-Cast","FTL"],"picked":"Cold Snap","floor":28},{"not_picked":["Blizzard","Hologram"],"picked":"Defragment","floor":30},{"not_picked":["Steam Power","Steam"],"picked":"Glacier","floor":31},{"not_picked":["Multi-Cast","Hyperbeam"],"picked":"Buffer","floor":33},{"not_picked":["BootSequence+1","Stack"],"picked":"Chaos","floor":35},{"not_picked":["Skim+1","Beam Cell+1"],"picked":"Rebound","floor":38},{"not_picked":["Rip and Tear","Leap"],"picked":"Consume","floor":39},{"not_picked":["Rip and Tear+1","Storm+1"],"picked":"Stack","floor":41},{"not_picked":["Hyperbeam","Sweeping Beam+1"],"picked":"Stack+1","floor":44},{"not_picked":["Beam Cell+1","Stack"],"picked":"Compile Driver+1","floor":46},{"not_picked":["Turbo","Stack"],"picked":"Machine Learning","floor":47},{"not_picked":["Cold Snap","Sweeping Beam+1"],"picked":"BootSequence+1","floor":48}],"player_experience":508918,"potions_floor_usage":[8,16,50,50,50],"damage_taken":[{"damage":1,"enemies":"Jaw Worm","floor":1,"turns":3},{"damage":6,"enemies":"Cultist","floor":3,"turns":3},{"damage":0,"enemies":"2 Louse","floor":4,"turns":2},{"damage":4,"enemies":"2 Fungi Beasts","floor":7,"turns":3},{"damage":14,"enemies":"The Mushroom Lair","floor":8,"turns":5},{"damage":3,"enemies":"Blue Slaver","floor":11,"turns":3},{"damage":5,"enemies":"Exordium Wildlife","floor":12,"turns":4},{"damage":14,"enemies":"The Guardian","floor":16,"turns":12},{"damage":0,"enemies":"Chosen","floor":18,"turns":6},{"damage":0,"enemies":"3 Byrds","floor":21,"turns":6},{"damage":9,"enemies":"Snake Plant","floor":23,"turns":5},{"damage":0,"enemies":"Chosen and Byrds","floor":24,"turns":7},{"damage":16,"enemies":"Slaver and Parasite","floor":27,"turns":8},{"damage":1,"enemies":"Cultist and Chosen","floor":28,"turns":9},{"damage":9,"enemies":"Snake Plant","floor":30,"turns":5},{"damage":0,"enemies":"Snecko","floor":31,"turns":5},{"damage":36,"enemies":"Automaton","floor":33,"turns":16},{"damage":0,"enemies":"3 Darklings","floor":35,"turns":6},{"damage":0,"enemies":"3 Shapes","floor":38,"turns":7},{"damage":39,"enemies":"Flame Bruiser 2 Orb","floor":39,"turns":9},{"damage":0,"enemies":"Maw","floor":41,"turns":8},{"damage":2,"enemies":"4 Shapes","floor":44,"turns":7},{"damage":14,"enemies":"Flame Bruiser 2 Orb","floor":46,"turns":7},{"damage":0,"enemies":"Sphere and 2 Shapes","floor":47,"turns":6},{"damage":0,"enemies":"Maw","floor":48,"turns":7},{"damage":21,"enemies":"Awakened One","floor":50,"turns":19}],"relics_obtained":[{"floor":8,"key":"Odd Mushroom"},{"floor":9,"key":"Art of War"},{"floor":14,"key":"Thread and Needle"},{"floor":19,"key":"Necronomicon"}],"event_choices":[{"event_name":"Scrap Ooze","player_choice":"success","floor":2,"damage_taken":18},{"event_name":"Big Fish","player_choice":"Donut","floor":5,"damage_taken":0},{"event_name":"Mushrooms","player_choice":"Fought Mushrooms","floor":8,"damage_taken":0},{"event_name":"Cursed Tome","player_choice":"Obtained Book","floor":19,"damage_taken":0},{"event_name":"Forgotten Altar","player_choice":"Shed Blood","floor":22,"damage_taken":0},{"event_name":"Masked Bandits","player_choice":"Paid Bandits 100 gold","floor":29,"damage_taken":0}],"boss_relics":[{"not_picked":["Runic Pyramid","Lizard Tail"],"picked":"Cursed Key"},{"not_picked":["Velvet Choker","Sozu"],"picked":"Astrolabe"}],"items_purged_floors":[],"potions_floor_spawned":[1,3,8,18,21,24,30,44,46,47],"seed_played":"1318014975154751047","ascension_level":0,"potions_obtained":[{"floor":8,"key":"AttackPotion"},{"floor":18,"key":"SpeedPotion"},{"floor":24,"key":"FocusPotion"},{"floor":47,"key":"Explosive Potion"}],"is_trial":false}