{"gold_per_floor":[119,131,56,56,56,56,89,89,115,115,15,190,190,65,65,184,184,199,49,74,95,194,194,230,248,296,296,310,330,368,391,391,515,515,535,551,89,89,89,102,102,125,206,242,265,265,279,313,313,313],"floor_reached":51,"playtime":1754,"items_purged":["Defend_R","Strike_R","Doubt","Strike_R","Defend_R"],"score":845,"play_id":"c8548fde-a01a-4e59-b950-0ad1a63d519d","local_time":"20180727135117","is_ascension_mode":false,"campfire_choices":[{"data":"Rampage","floor":6,"key":"SMITH"},{"data":"Bash","floor":8,"key":"SMITH"},{"data":"Defend_R","floor":10,"key":"SMITH"},{"data":"Defend_R","floor":15,"key":"SMITH"},{"data":"Offering","floor":23,"key":"SMITH"},{"data":"Shrug It Off","floor":27,"key":"SMITH"},{"floor":32,"key":"REST"},{"data":"Disarm","floor":41,"key":"SMITH"},{"data":"Madness","floor":46,"key":"SMITH"},{"data":"Madness","floor":49,"key":"SMITH"}],"neow_cost":"NONE","seed_source_timestamp":128718624677913,"circlet_count":0,"master_deck":["Strike_R","Defend_R+1","Defend_R+1","Bash+1","Rampage+1","Offering+1","Shrug It Off+1","Disarm+1","Battle Trance+1","Dropkick+1","Madness+1","Madness+1","Burning Pact+1"],"relics":["Burning Blood","Golden Idol","Magic Flower","Ancient Tea Set","Molten Egg 2","Black Star","Blue Candle","Bottled Lightning","Art of War","Dodecahedron","Bottled Flame","Sozu","Medical Kit","Question Card","Kunai","Singing Bowl","Anchor","Oddly Smooth Stone"],"potions_floor_usage":[16,20,33,50],"damage_taken":[{"damage":4,"enemies":"2 Louse","floor":1,"turns":3},{"damage":5,"enemies":"Cultist","floor":2,"turns":4},{"damage":6,"enemies":"Gremlin Nob","floor":7,"turns":3},{"damage":26,"enemies":"Slime Boss","floor":16,"turns":9},{"damage":5,"enemies":"Chosen","floor":18,"turns":3},{"damage":27,"enemies":"3 Byrds","floor":20,"turns":4},{"damage":28,"enemies":"Centurion and Healer","floor":21,"turns":5},{"damage":5,"enemies":"Gremlin Leader","floor":24,"turns":4},{"damage":5,"enemies":"Snecko","floor":25,"turns":4},{"damage":5,"enemies":"Slaver and Parasite","floor":28,"turns":6},{"damage":11,"enemies":"Sentry and Sphere","floor":29,"turns":6},{"damage":10,"enemies":"Book of Stabbing","floor":30,"turns":4},{"damage":12,"enemies":"3 Cultists","floor":31,"turns":4},{"damage":66,"enemies":"Automaton","floor":33,"turns":8},{"damage":5,"enemies":"Orb Walker","floor":35,"turns":2},{"damage":6,"enemies":"3 Shapes","floor":36,"turns":3},{"damage":5,"enemies":"Transient","floor":40,"turns":5},{"damage":5,"enemies":"Sphere and 2 Shapes","floor":42,"turns":4},{"damage":5,"enemies":"Giant Head","floor":44,"turns":5},{"damage":13,"enemies":"Flame Bruiser 2 Orb","floor":45,"turns":6},{"damage":6,"enemies":"3 Darklings","floor":47,"turns":3},{"damage":24,"enemies":"Nemesis","floor":48,"turns":3},{"damage":39,"enemies":"Time Eater","floor":50,"turns":7}],"seed_played":"-249093641725090330","potions_obtained":[{"floor":2,"key":"Fire Potion"},{"floor":7,"key":"Ancient Potion"},{"floor":16,"key":"Explosive Potion"},{"floor":25,"key":"Swift Potion"},{"floor":28,"key":"PowerPotion"}],"is_trial":false,"path_per_floor":["M","M","$","?","?","R","E","R","T","R","$","?","T","$","R","B",null,"M","$","M","M","?","R","E","M","T","R","M","M","E","M","R","B",null,"M","M","$","?","?","M","R","M","T","E","M","R","M","E","R","B"],"character_chosen":"IRONCLAD","items_purchased":["Medical Kit","Dropkick+1"],"campfire_rested":1,"item_purchase_floors":[37,37],"current_hp_per_floor":[80,80,80,80,60,60,60,60,60,60,60,60,60,60,60,43,80,80,80,62,43,43,43,47,51,51,51,55,53,52,49,73,16,80,80,80,80,80,70,74,74,78,78,82,80,80,85,72,72,42],"gold":313,"neow_bonus":"TRANSFORM_CARD","is_prod":false,"is_daily":false,"chose_seed":false,"campfire_upgraded":9,"win_rate":0,"timestamp":1532713877,"path_taken":["M","M","$","?","?","R","E","R","T","R","$","?","?","$","R","BOSS","M","$","M","M","?","R","E","M","T","R","?","?","E","M","R","BOSS","M","M","$","?","?","M","R","M","T","E","M","R","?","E","R","BOSS"],"build_version":"2018-07-26","purchased_purges":5,"victory":true,"max_hp_per_floor":[80,80,80,80,80,80,80,80,80,80,80,80,80,80,80,80,80,80,80,80,80,80,80,80,80,80,80,80,80,80,80,80,80,80,80,80,80,80,80,80,80,80,80,82,84,84,86,88,88,88],"card_choices":[{"not_picked":["Pommel Strike","Cleave","Clash"],"picked":"SKIP","floor":1},{"not_picked":["Shockwave","Iron Wave","Clothesline"],"picked":"SKIP","floor":2},{"not_picked":["Havoc","Wild Strike","Sword Boomerang"],"picked":"SKIP","floor":7},{"not_picked":["Juggernaut","Limit Break"],"picked":"Offering","floor":16},{"not_picked":["Rupture","Spot Weakness","Disarm"],"picked":"SKIP","floor":18},{"not_picked":["True Grit+1","Perfected Strike+1","Pommel Strike+1"],"picked":"SKIP","floor":20},{"not_picked":["Metallicize","Uppercut+1","Exhume"],"picked":"SKIP","floor":21},{"not_picked":["Armaments","Clash+1","Flex"],"picked":"SKIP","floor":24},{"not_picked":["Ghostly Armor","Whirlwind+1"],"picked":"Shrug It Off","floor":25},{"not_picked":["Disarm","Inflame","Iron Wave+1"],"picked":"SKIP","floor":28},{"not_picked":["Inflame","Iron Wave+1"],"picked":"Disarm","floor":28},{"not_picked":["Sword Boomerang+1","Thunderclap+1","Evolve"],"picked":"SKIP","floor":29},{"not_picked":["Sword Boomerang+1","Thunderclap+1","Evolve"],"picked":"SKIP","floor":29},{"not_picked":["True Grit","Shrug It Off"],"picked":"Battle Trance+1","floor":30},{"not_picked":["Intimidate+1","Blood for Blood+1","Ghostly Armor"],"picked":"SKIP","floor":31},{"not_picked":["Power Through+1","Inflame+1","Havoc+1"],"picked":"SKIP","floor":35},{"not_picked":["Combust+1","Feel No Pain","Twin Strike+1"],"picked":"SKIP","floor":36},{"not_picked":["Cleave+1","Pummel+1","Rupture+1"],"picked":"SKIP","floor":40},{"not_picked":["Thunderclap+1","Berserk"],"picked":"Burning Pact+1","floor":42},{"not_picked":["Brutality","Armaments+1","Intimidate","Sword Boomerang+1"],"picked":"Singing Bowl","floor":44},{"not_picked":["Heavy Blade+1","Iron Wave+1","Shrug It Off","Corruption"],"picked":"Singing Bowl","floor":45},{"not_picked":["Power Through+1","Sentinel","Pummel+1","Impervious"],"picked":"Singing Bowl","floor":47},{"not_picked":["Evolve+1","Carnage+1","Body Slam+1","Infernal Blade+1"],"picked":"Singing Bowl","floor":48}],"player_experience":848665,"relics_obtained":[{"floor":7,"key":"Magic Flower"},{"floor":9,"key":"Ancient Tea Set"},{"floor":13,"key":"Molten Egg 2"},{"floor":24,"key":"Blue Candle"},{"floor":24,"key":"Bottled Lightning"},{"floor":26,"key":"Art of War"},{"floor":30,"key":"Dodecahedron"},{"floor":30,"key":"Bottled Flame"},{"floor":43,"key":"Question Card"},{"floor":44,"key":"Kunai"},{"floor":44,"key":"Singing Bowl"},{"floor":48,"key":"Anchor"},{"floor":48,"key":"Oddly Smooth Stone"}],"event_choices":[{"event_name":"Bonfire Elementals","player_choice":"BASIC","floor":4,"damage_taken":0},{"event_name":"Golden Idol","player_choice":"Take Damage","floor":5,"damage_taken":0},{"event_name":"Liars Game","player_choice":"agreed","floor":12,"damage_taken":0},{"event_name":"Nest","player_choice":"Stole From Cult","floor":22,"damage_taken":0},{"event_name":"The Lab","player_choice":"Got Potions","floor":38,"damage_taken":0},{"event_name":"Winding Halls","player_choice":"Embrace Madness","floor":39,"damage_taken":0}],"is_beta":true,"boss_relics":[{"not_picked":["White Beast Statue","Astrolabe"],"picked":"Black Star"},{"not_picked":["Coffee Dripper","Tiny House"],"picked":"Sozu"}],"items_purged_floors":[3,11,14,19,37],"is_endless":false,"potions_floor_spawned":[2,7,16,25,28,29,30,31,36,42,44],"ascension_level":0}