{"gold_per_floor":[113,288,258,269,286,286,312,325,349,349,39,59,9,21,21,126,126,136,147,147,167,167,202,202,218,218,25,25,55,55,87,87,87],"floor_reached":33,"playtime":9181,"items_purged":["Strike_R","Doubt","Strike_R+1"],"score":373,"play_id":"0815b298-f7f0-4900-b26e-584602f045e1","local_time":"20190916122436","is_ascension_mode":true,"campfire_choices":[{"data":"Body Slam","floor":6,"key":"SMITH"},{"floor":10,"key":"REST"},{"floor":15,"key":"REST"},{"data":"Shrug It Off","floor":24,"key":"SMITH"},{"data":"Shrug It Off","floor":28,"key":"SMITH"},{"data":"Bash","floor":32,"key":"SMITH"}],"neow_cost":"NONE","seed_source_timestamp":20641029256400,"circlet_count":0,"master_deck":["Strike_R+1","Strike_R+1","Strike_R+1","Defend_R+1","Defend_R+1","Defend_R+1","Defend_R+1","Bash+1","Body Slam+1","Shrug It Off+1","Shrug It Off+1"],"relics":["Burning Blood","NeowsBlessing","Ancient Tea Set","Lantern","Membership Card","Dream Catcher","Busted Crown","MutagenicStrength","Anchor","FossilizedHelix","Pear","Blue Candle","Bag of Marbles"],"potions_floor_usage":[7,7,16,23,31,33],"damage_taken":[{"damage":0,"enemies":"Jaw Worm","floor":1,"turns":1},{"damage":0,"enemies":"Small Slimes","floor":4,"turns":2},{"damage":0,"enemies":"Cultist","floor":5,"turns":1},{"damage":25,"enemies":"3 Sentries","floor":7,"turns":10},{"damage":36,"enemies":"Exordium Thugs","floor":8,"turns":9},{"damage":5,"enemies":"Looter","floor":12,"turns":2},{"damage":7,"enemies":"Blue Slaver","floor":14,"turns":5},{"damage":73,"enemies":"The Guardian","floor":16,"turns":21},{"damage":31,"enemies":"2 Thieves","floor":18,"turns":4},{"damage":0,"enemies":"3 Byrds","floor":19,"turns":8},{"damage":4,"enemies":"Snecko","floor":21,"turns":5},{"damage":12,"enemies":"Book of Stabbing","floor":23,"turns":5},{"damage":0,"enemies":"Chosen and Byrds","floor":25,"turns":5},{"damage":0,"enemies":"Slavers","floor":29,"turns":8},{"damage":0,"enemies":"Book of Stabbing","floor":31,"turns":4},{"damage":93,"enemies":"Collector","floor":33,"turns":14}],"seed_played":"2036110648540970392","potions_obtained":[{"floor":1,"key":"Fire Potion"},{"floor":3,"key":"SkillPotion"},{"floor":3,"key":"FearPotion"},{"floor":16,"key":"SteroidPotion"},{"floor":18,"key":"FearPotion"},{"floor":19,"key":"LiquidBronze"}],"is_trial":false,"path_per_floor":["M","?","?","M","M","R","E","M","T","R","$","M","$","M","R","B",null,"M","M","?","M","?","E","R","M","T","$","R","E","$","E","R","B"],"character_chosen":"IRONCLAD","items_purchased":["Membership Card","Dream Catcher","Pear"],"campfire_rested":2,"item_purchase_floors":[11,11,27],"current_hp_per_floor":[80,80,80,80,80,80,61,31,31,55,55,56,56,55,79,12,80,55,61,61,63,63,57,57,63,63,73,73,79,79,85,85,0],"gold":87,"neow_bonus":"THREE_ENEMY_KILL","is_prod":false,"is_daily":false,"chose_seed":false,"campfire_upgraded":4,"win_rate":0,"timestamp":1568651076,"path_taken":["M","?","?","M","?","R","E","M","T","R","?","M","$","M","R","BOSS","M","M","?","M","?","E","R","M","T","$","R","E","?","E","R","BOSS"],"build_version":"2019-07-17","purchased_purges":3,"victory":false,"max_hp_per_floor":[80,80,80,80,80,80,80,80,80,80,80,80,80,80,80,80,80,80,80,80,80,80,80,80,80,80,90,90,90,90,90,90,90],"card_choices":[{"not_picked":["Battle Trance","Armaments","Havoc"],"picked":"SKIP","floor":1},{"not_picked":["Anger","Sentinel","Thunderclap"],"picked":"SKIP","floor":4},{"not_picked":["Armaments","Inflame"],"picked":"Body Slam","floor":5},{"not_picked":["Sword Boomerang","Iron Wave","Bloodletting"],"picked":"SKIP","floor":7},{"not_picked":["Pommel Strike","Combust"],"picked":"Shrug It Off","floor":8},{"not_picked":["Sentinel","Seeing Red","Anger"],"picked":"SKIP","floor":12},{"not_picked":["Uppercut","Whirlwind","Cleave"],"picked":"SKIP","floor":14},{"not_picked":["Sword Boomerang"],"picked":"SKIP","floor":18},{"not_picked":["True Grit"],"picked":"SKIP","floor":19},{"not_picked":[],"picked":"Shrug It Off","floor":21},{"not_picked":["Dropkick"],"picked":"SKIP","floor":23},{"not_picked":["Perfected Strike"],"picked":"SKIP","floor":25},{"not_picked":["Havoc"],"picked":"SKIP","floor":29},{"not_picked":["Dual Wield"],"picked":"SKIP","floor":31}],"player_experience":519921,"relics_obtained":[{"floor":7,"key":"Ancient Tea Set"},{"floor":9,"key":"Lantern"},{"floor":23,"key":"Anchor"},{"floor":26,"key":"FossilizedHelix"},{"floor":29,"key":"Blue Candle"},{"floor":31,"key":"Bag of Marbles"}],"event_choices":[{"damage_healed":0,"gold_gain":175,"player_choice":"AGREE","damage_taken":0,"max_hp_gain":0,"max_hp_loss":0,"event_name":"Liars Game","floor":2,"gold_loss":0,"cards_obtained":["Doubt"]},{"damage_healed":0,"gold_gain":0,"player_choice":"Bought 2 Potions","damage_taken":0,"max_hp_gain":0,"max_hp_loss":0,"event_name":"The Woman in Blue","floor":3,"gold_loss":0},{"damage_healed":0,"gold_gain":0,"player_choice":"Simplicity","damage_taken":0,"max_hp_gain":0,"max_hp_loss":0,"event_name":"Back to Basics","floor":20,"gold_loss":0,"cards_upgraded":["Strike_R","Strike_R","Strike_R","Strike_R","Defend_R","Defend_R","Defend_R","Defend_R"]},{"damage_healed":0,"gold_gain":0,"player_choice":"Inject Mutagens","damage_taken":0,"relics_obtained":["MutagenicStrength"],"max_hp_gain":0,"max_hp_loss":0,"event_name":"Drug Dealer","floor":22,"gold_loss":0}],"is_beta":false,"boss_relics":[{"not_picked":["Pandora\u0027s Box","Ectoplasm"],"picked":"Busted Crown"}],"items_purged_floors":[11,13,27],"is_endless":false,"potions_floor_spawned":[1,4,5,16,18,19,21],"killed_by":"Collector","ascension_level":1}