{"gold_per_floor":[112,130,143,218,218,249,279,319,342,342,342,342,367,408,408,498,498,518,539,539,562,562,605,605,641,641,641,86,86,86,110,110,110],"floor_reached":33,"playtime":3386,"items_purged":["Pain"],"score":579,"play_id":"fae11878-c2db-46b9-8ab6-8b115c1f24e1","local_time":"20190806183728","is_ascension_mode":true,"campfire_choices":[{"floor":10.0,"key":"REST"},{"data":"Zap","floor":12.0,"key":"SMITH"},{"data":"Fusion","floor":15.0,"key":"SMITH"},{"data":"Redo","floor":27.0,"key":"SMITH"},{"data":"Static Discharge","floor":29.0,"key":"SMITH"},{"data":"Seek","floor":32.0,"key":"SMITH"}],"neow_cost":"CURSE","seed_source_timestamp":1779112071566459,"circlet_count":0,"master_deck":["AscendersBane","Strike_B","Defend_B","Defend_B","Defend_B","Zap+1","Dualcast+1","Fusion+1","Steam","Lockon","Steam","Compile Driver","Machine Learning","Conserve Battery","Doom and Gloom","All For One","Seek+1","Cold Snap","Redo+1","Ball Lightning","Lockon","Cold Snap+1","Biased Cognition","Capacitor+1","Static Discharge+1","Barrage+1"],"special_seed":0,"relics":["Cracked Core","Golden Idol","Ancient Tea Set","Juzu Bracelet","Letter Opener","Bronze Scales","Bag of Preparation","Coffee Dripper","WarpedTongs","Darkstone Periapt","Dodecahedron","Mango","Happy Flower","TheAbacus"],"potions_floor_usage":[33,33],"damage_taken":[{"damage":1.0,"enemies":"Cultist","floor":1.0,"turns":3.0},{"damage":3.0,"enemies":"Small Slimes","floor":2.0,"turns":3.0},{"damage":0.0,"enemies":"2 Louse","floor":3.0,"turns":3.0},{"damage":30.0,"enemies":"3 Sentries","floor":6.0,"turns":7.0},{"damage":14.0,"enemies":"Lagavulin","floor":8.0,"turns":8.0},{"damage":1.0,"enemies":"2 Fungi Beasts","floor":13.0,"turns":3.0},{"damage":14.0,"enemies":"3 Sentries","floor":14.0,"turns":4.0},{"damage":0.0,"enemies":"Slime Boss","floor":16.0,"turns":7.0},{"damage":0.0,"enemies":"Chosen","floor":18.0,"turns":4.0},{"damage":15.0,"enemies":"2 Thieves","floor":19.0,"turns":4.0},{"damage":2.0,"enemies":"Cultist and Chosen","floor":21.0,"turns":4.0},{"damage":39.0,"enemies":"Slavers","floor":23.0,"turns":4.0},{"damage":15.0,"enemies":"Book of Stabbing","floor":25.0,"turns":4.0},{"damage":8.0,"enemies":"3 Cultists","floor":31.0,"turns":3.0},{"damage":28,"enemies":"Champ","floor":33,"turns":3}],"seed_played":"3118942908068804524","potions_obtained":[{"floor":2.0,"key":"SteroidPotion"},{"floor":3.0,"key":"Dexterity Potion"},{"floor":13.0,"key":"Regen Potion"},{"floor":18.0,"key":"Dexterity Potion"}],"is_trial":false,"path_per_floor":["M","M","M","?","?","E","?","E","T","R","?","R","M","E","R","B",null,"M","M","?","M","?","E","?","E","T","R","$","R","?","M","R","B"],"character_chosen":"DEFECT","items_purchased":["Static Discharge","Happy Flower","TheAbacus","SkillPotion","Poison Potion"],"campfire_rested":1,"item_purchase_floors":[28,28,28,28,28],"current_hp_per_floor":[67,64,64,53,53,23,23,9,9,29,29,29,28,26,26,26,58,58,43,43,41,41,2,25,10,24,24,24,24,24,16,16,0],"gold":110,"neow_bonus":"TRANSFORM_TWO_CARDS","is_prod":false,"is_daily":false,"chose_seed":false,"campfire_upgraded":5,"win_rate":0,"timestamp":1565141848,"path_taken":["M","M","?","?","?","E","?","E","T","R","?","R","M","E","R","BOSS","M","M","?","M","?","E","?","E","T","R","$","R","?","M","R","BOSS"],"build_version":"2019-07-17","purchased_purges":1,"victory":false,"max_hp_per_floor":[75,75,75,75,69,69,69,69,69,69,69,69,69,69,69,69,69,69,69,69,69,69,69,69,69,83,83,83,83,83,83,83,83],"card_choices":[{"not_picked":["Rip and Tear","Chaos"],"picked":"Lockon","floor":1.0},{"not_picked":["Hologram","Turbo"],"picked":"Steam","floor":2.0},{"not_picked":["Auto Shields","Barrage"],"picked":"Compile Driver","floor":3.0},{"not_picked":["Blizzard","Cold Snap"],"picked":"Machine Learning","floor":6.0},{"not_picked":["Hologram","Gash"],"picked":"Conserve Battery","floor":8.0},{"not_picked":["Hologram","Stack"],"picked":"Doom and Gloom","floor":13.0},{"not_picked":["Darkness","Stack"],"picked":"All For One","floor":14.0},{"not_picked":["Meteor Strike","Machine Learning"],"picked":"Seek","floor":16.0},{"not_picked":["Chaos","Hologram"],"picked":"Cold Snap","floor":18.0},{"not_picked":["Beam Cell","Doom and Gloom"],"picked":"Redo","floor":19.0},{"not_picked":["Sweeping Beam","Heatsinks"],"picked":"Cold Snap+1","floor":21.0},{"not_picked":["Leap+1","Reprogram"],"picked":"Biased Cognition","floor":23.0},{"not_picked":["Conserve Battery","BootSequence"],"picked":"Capacitor+1","floor":25.0},{"not_picked":["Turbo","Go for the Eyes+1"],"picked":"Barrage+1","floor":31.0}],"player_experience":604039,"relics_obtained":[{"floor":6.0,"key":"Ancient Tea Set"},{"floor":8.0,"key":"Letter Opener"},{"floor":9.0,"key":"Bronze Scales"},{"floor":14.0,"key":"Bag of Preparation"},{"floor":23.0,"key":"Darkstone Periapt"},{"floor":25.0,"key":"Dodecahedron"},{"floor":26.0,"key":"Mango"}],"event_choices":[{"damage_healed":0.0,"max_hp_gain":0.0,"max_hp_loss":0.0,"gold_gain":75.0,"event_name":"World of Goop","player_choice":"Gather Gold","floor":4.0,"gold_loss":0.0,"damage_taken":11.0},{"damage_healed":0.0,"max_hp_gain":0.0,"max_hp_loss":6.0,"gold_gain":0.0,"event_name":"Golden Idol","player_choice":"Lose Max HP","floor":5.0,"gold_loss":0.0,"damage_taken":0.0,"relics_obtained":["Golden Idol"]},{"damage_healed":0.0,"max_hp_gain":0.0,"max_hp_loss":0.0,"gold_gain":30.0,"event_name":"Dead Adventurer","player_choice":"Searched \u00273\u0027 times","floor":7.0,"gold_loss":0.0,"damage_taken":0.0,"relics_obtained":["Juzu Bracelet"]},{"cards_removed":["Doubt"],"damage_healed":0.0,"max_hp_gain":0.0,"max_hp_loss":0.0,"gold_gain":0.0,"event_name":"Living Wall","player_choice":"Forget","floor":11.0,"gold_loss":0.0,"damage_taken":0.0},{"damage_healed":0.0,"max_hp_gain":0.0,"max_hp_loss":0.0,"gold_gain":0.0,"cards_transformed":["Strike_B","Strike_B"],"event_name":"Drug Dealer","player_choice":"Became Test Subject","floor":20.0,"gold_loss":0.0,"damage_taken":0.0,"cards_obtained":["Ball Lightning","Lockon"]},{"damage_healed":0.0,"max_hp_gain":0.0,"max_hp_loss":0.0,"gold_gain":0.0,"event_name":"Accursed Blacksmith","player_choice":"Rummage","floor":22.0,"gold_loss":0.0,"damage_taken":0.0,"relics_obtained":["WarpedTongs"],"cards_obtained":["Pain"]},{"damage_healed":23.0,"max_hp_gain":0.0,"max_hp_loss":0.0,"gold_gain":0.0,"event_name":"The Library","player_choice":"Heal","floor":24.0,"gold_loss":0.0,"damage_taken":0.0},{"damage_healed":0.0,"max_hp_gain":0.0,"max_hp_loss":0.0,"gold_gain":0.0,"event_name":"Upgrade Shrine","player_choice":"Upgraded","floor":30.0,"gold_loss":0.0,"damage_taken":0.0,"cards_upgraded":["Dualcast"]}],"is_beta":false,"boss_relics":[{"not_picked":["Orrery","Fusion Hammer"],"picked":"Coffee Dripper"}],"items_purged_floors":[28],"is_endless":false,"potions_floor_spawned":[2,3,13,18,31],"killed_by":"Champ","ascension_level":13}