{"path_per_floor":["M","?","M","?","M","R","M","R","T","$","M","M","R","M","R"],"character_chosen":"DEFECT","items_purchased":["Hyperbeam","Gash","Madness"],"gold_per_floor":[215,215,228,403,417,417,434,434,434,27,39,54,54,70,70,70],"floor_reached":16,"campfire_rested":0,"playtime":1238,"current_hp_per_floor":[62,67,67,67,60,60,51,51,51,51,35,35,35,40,40,0],"items_purged":["Doubt"],"gold":70,"score":136,"play_id":"71d886a8-5572-4cb7-ad2a-151c18d934b9","local_time":"20180505113617","is_prod":false,"is_daily":false,"chose_seed":false,"is_ascension_mode":true,"campfire_upgraded":4,"timestamp":1525545377,"path_taken":["M","?","M","?","?","R","M","R","T","?","M","M","R","M","R","BOSS"],"build_version":"2018-05-03","seed_source_timestamp":0,"purchased_purges":1,"victory":false,"master_deck":["Strike_B","Strike_B","Strike_B","Strike_B","Defend_B","Defend_B","Defend_B","Defend_B","Zap+1","Dualcast","Genetic Algorithm","Go for the Eyes+1","Hologram+1","Conserve Battery","Hyperbeam+1","Gash","Madness","Reboot","Self Repair","Axe Kick"],"max_hp_per_floor":[75,80,80,80,80,80,80,80,80,80,80,80,80,80,80,80],"relics":["Cracked Core","Mummified Hand"],"card_choices":[{"not_picked":["Melter","Go for the Eyes"],"picked":"Genetic Algorithm","floor":1.0},{"not_picked":["Sweeping Beam","Streamline"],"picked":"Go for the Eyes","floor":3.0},{"not_picked":["Turbo","Barrage"],"picked":"Hologram","floor":5.0},{"not_picked":["Doom and Gloom","Go for the Eyes"],"picked":"Conserve Battery","floor":7.0},{"not_picked":["Coolheaded","Hologram"],"picked":"Reboot","floor":11.0},{"not_picked":["BootSequence","Undo"],"picked":"Self Repair","floor":12.0},{"not_picked":["Go for the Eyes","Capacitor"],"picked":"Axe Kick","floor":14.0}],"player_experience":545735,"potions_floor_usage":[16,16,16],"damage_taken":[{"damage":6.0,"enemies":"2 Louse","floor":1.0,"turns":3.0},{"damage":0.0,"enemies":"Cultist","floor":3.0,"turns":3.0},{"damage":7.0,"enemies":"2 Fungi Beasts","floor":5.0,"turns":4.0},{"damage":9.0,"enemies":"Exordium Wildlife","floor":7.0,"turns":5.0},{"damage":16.0,"enemies":"Large Slime","floor":11.0,"turns":5.0},{"damage":0.0,"enemies":"Lots of Slimes","floor":12.0,"turns":1.0},{"damage":2.0,"enemies":"Exordium Thugs","floor":14.0,"turns":5.0},{"damage":57,"enemies":"Hexaghost","floor":16,"turns":12}],"event_choices":[{"event_name":"Big Fish","player_choice":"Donut","floor":2.0,"damage_taken":0.0},{"event_name":"Liars Game","player_choice":"agreed","floor":4.0,"damage_taken":0.0}],"boss_relics":[],"potions_floor_spawned":[1,5,12,14],"seed_played":"4068777243373898509","killed_by":"Hexaghost","ascension_level":9,"is_trial":false}