{"gold_per_floor":[112,112,112,127,127,127,13,13,13,13,13,47,47,68,68,68],"floor_reached":16,"playtime":314,"items_purged":[],"score":192,"play_id":"e346393c-c5f7-4bfa-971c-91e8f37d3221","local_time":"20190914133846","is_ascension_mode":true,"campfire_choices":[{"data":"Bash","floor":6.0,"key":"SMITH"},{"data":"Flex","floor":8.0,"key":"SMITH"},{"floor":10.0,"key":"REST"},{"floor":15.0,"key":"REST"}],"neow_cost":"NONE","seed_source_timestamp":128358455099,"circlet_count":0,"master_deck":["AscendersBane","Strike_R","Strike_R","Strike_R","Strike_R","Defend_R","Defend_R","Defend_R","Defend_R","Bash+1","Bludgeon","Seeing Red","Thunderclap","Flex+1","Whirlwind","Disarm"],"special_seed":0,"relics":["Burning Blood","Golden Idol","Pear","Gremlin Horn","Lizard Tail"],"potions_floor_usage":[16],"damage_taken":[{"damage":9.0,"enemies":"Jaw Worm","floor":1.0,"turns":3.0},{"damage":0.0,"enemies":"2 Louse","floor":4.0,"turns":2.0},{"damage":40.0,"enemies":"Lagavulin","floor":12.0,"turns":5.0},{"damage":0.0,"enemies":"Small Slimes","floor":14.0,"turns":2.0},{"damage":105,"enemies":"Hexaghost","floor":16,"turns":11}],"seed_played":"5376768388553577636","potions_obtained":[{"floor":4.0,"key":"DuplicationPotion"}],"is_trial":false,"path_per_floor":["M","?","?","M","?","R","$","R","T","R","$","E","?","M","R","B"],"character_chosen":"IRONCLAD","items_purchased":["Flex","Whirlwind"],"campfire_rested":2,"item_purchase_floors":[7,7],"current_hp_per_floor":[65,65,39,45,37,37,37,37,37,62,62,28,28,34,59,0],"gold":68,"neow_bonus":"ONE_RANDOM_RARE_CARD","is_prod":false,"is_daily":false,"chose_seed":false,"campfire_upgraded":2,"win_rate":0,"timestamp":1568486326,"path_taken":["M","?","?","M","?","R","$","R","T","R","$","E","?","M","R","BOSS"],"build_version":"2019-09-12","purchased_purges":0,"victory":false,"max_hp_per_floor":[75,75,75,75,85,85,85,85,85,85,85,85,85,85,85,85],"card_choices":[{"not_picked":["Clash","Perfected Strike","Body Slam"],"picked":"SKIP","floor":1.0},{"not_picked":["Headbutt","Wild Strike"],"picked":"Thunderclap","floor":4.0},{"not_picked":["Thunderclap","Uppercut"],"picked":"Disarm","floor":12.0},{"not_picked":["Hemokinesis","Perfected Strike","Havoc"],"picked":"SKIP","floor":14.0}],"player_experience":1313254,"relics_obtained":[{"floor":9.0,"key":"Gremlin Horn"},{"floor":12.0,"key":"Lizard Tail"}],"event_choices":[{"damage_healed":0.0,"max_hp_gain":0.0,"max_hp_loss":0.0,"gold_gain":0.0,"cards_transformed":["Strike_R"],"event_name":"Living Wall","player_choice":"Change","floor":2.0,"gold_loss":0.0,"damage_taken":0.0,"cards_obtained":["Seeing Red"]},{"damage_healed":0.0,"max_hp_gain":0.0,"max_hp_loss":0.0,"gold_gain":0.0,"event_name":"Golden Idol","player_choice":"Take Damage","floor":3.0,"gold_loss":0.0,"damage_taken":26.0,"relics_obtained":["Golden Idol"]},{"damage_healed":0.0,"max_hp_gain":0.0,"max_hp_loss":0.0,"gold_gain":0.0,"event_name":"Scrap Ooze","player_choice":"Success","floor":5.0,"gold_loss":0.0,"damage_taken":18.0,"relics_obtained":["Pear"]},{"damage_healed":0.0,"max_hp_gain":0.0,"max_hp_loss":0.0,"gold_gain":0.0,"event_name":"Liars Game","player_choice":"Ignored","floor":13.0,"gold_loss":0.0,"damage_taken":0.0}],"is_beta":true,"boss_relics":[],"items_purged_floors":[],"is_endless":false,"potions_floor_spawned":[4],"killed_by":"Hexaghost","ascension_level":20}