{"path_per_floor":["M","$","M","M","?","R","$","M","T","E","$","?","R","M","R","B",null,"M","$","?","?","?","R","?","R","T","T","M","M","R","M","R","B",null,"M","$","M","M","M","R","M","?","T","R","M","M","R","E","R"],"character_chosen":"IRONCLAD","items_purchased":["Flex","Singing Bowl","Bag of Marbles","Battle Trance"],"gold_per_floor":[112,37,51,64,64,64,64,74,100,130,81,81,81,93,93,198,198,216,60,60,60,60,60,60,60,60,85,101,112,112,131,131,234,234,246,20,39,54,72,72,82,0,300,300,313,330,330,359,359,359],"floor_reached":50,"campfire_rested":5,"playtime":1083,"current_hp_per_floor":[71,71,66,59,59,59,59,42,42,22,22,15,15,7,31,27,67,62,62,46,46,46,46,46,46,46,46,51,27,46,54,54,53,60,52,52,46,9,17,38,51,51,51,51,45,39,63,59,82,0],"items_purged":["Writhe"],"gold":359,"score":663,"play_id":"d9264235-197f-423d-9044-0bba735d8275","local_time":"20180408025250","is_prod":false,"is_daily":false,"is_ascension_mode":true,"campfire_upgraded":6,"timestamp":1523170370,"path_taken":["M","$","M","M","?","R","$","?","T","E","?","?","R","M","R","BOSS","M","$","?","?","?","R","?","R","T","?","M","?","R","M","R","BOSS","M","$","M","M","M","R","M","?","T","R","?","M","R","E","R","BOSS"],"build_version":"2018-04-05v2","purchased_purges":1,"victory":false,"master_deck":["Defend_R","Defend_R","Defend_R","Bash+1","Limit Break+1","Whirlwind+1","Twin Strike","Bloodletting+1","Flex+1","Corruption","Thunderclap","Double Tap+1","Shrug It Off","Necronomicurse","Decay","Bite","Bite","Bite","Bite","Bite","Inflame+1","Flex+1","Battle Trance","Shrug It Off+1","Decay"],"max_hp_per_floor":[80,80,80,80,80,80,80,80,80,80,80,80,80,80,80,80,80,80,80,80,80,80,80,56,56,56,56,56,58,60,60,60,62,62,64,64,66,68,70,70,72,72,72,72,74,76,78,80,82,82],"relics":["Burning Blood","Dream Catcher","Ancient Tea Set","Sozu","Singing Bowl","Necronomicon","Blue Candle","Orichalcum","Cursed Key","Bag of Marbles","Red Mask","Old Coin","Matryoshka"],"card_choices":[{"not_picked":["Brutality","Exhume"],"picked":"Limit Break","floor":0},{"not_picked":["True Grit","Flex"],"picked":"Whirlwind","floor":1},{"not_picked":["Perfected Strike","Warcry"],"picked":"Twin Strike","floor":3},{"not_picked":["Havoc","Entrench"],"picked":"Bloodletting","floor":10},{"not_picked":["Anger","Battle Trance"],"picked":"Corruption","floor":14},{"not_picked":["Wild Strike","Body Slam"],"picked":"Thunderclap","floor":15},{"not_picked":["Bludgeon","Juggernaut"],"picked":"Double Tap","floor":16},{"not_picked":["Body Slam","Cleave"],"picked":"Shrug It Off","floor":18},{"not_picked":["Body Slam","Dropkick"],"picked":"Inflame","floor":28},{"not_picked":["Clash","Pommel Strike"],"picked":"Flex","floor":31},{"not_picked":["Clash","Entrench"],"picked":"Shrug It Off","floor":40}],"player_experience":327570,"potions_floor_usage":[38,45,50],"damage_taken":[{"damage":7,"enemies":"2 Louse","floor":1,"turns":3},{"damage":11,"enemies":"Cultist","floor":3,"turns":4},{"damage":13,"enemies":"Jaw Worm","floor":4,"turns":4},{"damage":23,"enemies":"Red Slaver","floor":8,"turns":3},{"damage":26,"enemies":"3 Sentries","floor":10,"turns":5},{"damage":14,"enemies":"Exordium Wildlife","floor":14,"turns":4},{"damage":10,"enemies":"Slime Boss","floor":16,"turns":7},{"damage":11,"enemies":"2 Thieves","floor":18,"turns":2},{"damage":1,"enemies":"Chosen","floor":28,"turns":1},{"damage":40,"enemies":"Snake Plant","floor":29,"turns":5},{"damage":0,"enemies":"Snecko","floor":31,"turns":1},{"damage":31,"enemies":"Champ","floor":33,"turns":6},{"damage":18,"enemies":"3 Darklings","floor":35,"turns":2},{"damage":18,"enemies":"Orb Walker","floor":37,"turns":3},{"damage":53,"enemies":"4 Shapes","floor":38,"turns":3},{"damage":0,"enemies":"3 Darklings","floor":39,"turns":1},{"damage":11,"enemies":"Maw","floor":41,"turns":6},{"damage":20,"enemies":"4 Shapes","floor":45,"turns":3},{"damage":20,"enemies":"Sphere and 2 Shapes","floor":46,"turns":2},{"damage":16,"enemies":"Nemesis","floor":48,"turns":3},{"damage":92,"enemies":"Time Eater","floor":50,"turns":5}],"event_choices":[{"event_name":"Upgrade Shrine","player_choice":"Upgraded","floor":5,"damage_taken":0},{"event_name":"Golden Wing","player_choice":"Card Removal","floor":12,"damage_taken":0},{"event_name":"Cursed Tome","player_choice":"Obtained Book","floor":20,"damage_taken":0},{"event_name":"Drug Dealer","player_choice":"Ignored","floor":21,"damage_taken":0},{"event_name":"Forgotten Altar","player_choice":"Smashed Altar","floor":22,"damage_taken":0},{"event_name":"Vampires","player_choice":"Became a vampire","floor":24,"damage_taken":0},{"event_name":"Tomb of Lord Red Mask","player_choice":"Paid","floor":42,"damage_taken":0}],"boss_relics":[{"not_picked":["Orrery","Eternal Feather"],"picked":"Sozu"},{"not_picked":["Snecko Eye","Mark of Pain"],"picked":"Cursed Key"}],"potions_floor_spawned":[1,3,8,18,37,41,45,48],"seed_played":"6489434237232125363","killed_by":"Time Eater","ascension_level":7,"is_trial":false}