{"path_per_floor":["M","?","$","?","$","E","?","R","T","M","E","R","M","$","R","B",null,"M","$","M","?","M","R","E","M","T","?","M","?"],"character_chosen":"THE_SILENT","items_purchased":["Accuracy","Blade Dance","Bandage Up"],"gold_per_floor":[118,293,146,146,46,72,147,147,195,214,242,242,262,185,185,286,286,296,192,210,210,223,223,257,257,257,257,270,270,270],"floor_reached":30,"campfire_rested":0,"playtime":994,"current_hp_per_floor":[70,70,70,70,70,70,59,59,66,66,65,65,64,64,64,54,77,74,74,64,48,39,39,3,12,12,12,5,5,0],"items_purged":["Doubt","Strike_G"],"gold":270,"score":281,"play_id":"9076e792-80e7-4f1e-bea5-16c71fa55697","local_time":"20180516130219","is_prod":false,"is_daily":false,"chose_seed":false,"is_ascension_mode":false,"campfire_upgraded":4,"timestamp":1526490139,"path_taken":["M","?","$","?","$","E","?","R","T","?","E","R","M","?","R","BOSS","M","$","M","?","?","R","E","?","T","?","M","?","M"],"build_version":"2018-05-15","seed_source_timestamp":1265662264433045,"purchased_purges":2,"victory":false,"master_deck":["Defend_G","Defend_G","Defend_G","Defend_G","Defend_G","Strike_G","Strike_G","Survivor","Neutralize+1","Dagger Spray","Accuracy+1","Venomology+1","Backflip","All Out Attack","Burst","Accuracy","Blade Dance+1","Storm of Steel","Bandage Up","Cloak And Dagger","Quick Slash","A Thousand Cuts"],"max_hp_per_floor":[70,70,70,70,70,70,70,70,77,77,77,77,77,77,77,77,77,77,77,77,77,77,77,77,82,82,82,82,82,82],"relics":["Ring of the Snake","NeowsBlessing","Gambling Chip","Strawberry","Dream Catcher","Philosopher\u0027s Stone","Nilry\u0027s Codex","Gremlin Horn","Toxic Egg 2"],"card_choices":[{"not_picked":["Terror","Flying Knee"],"picked":"Dagger Spray","floor":1},{"not_picked":["Outmaneuver","Terror"],"picked":"Backflip","floor":6},{"not_picked":["PiercingWail","Bouncing Flask"],"picked":"All Out Attack","floor":10},{"not_picked":["Choke","Bane"],"picked":"Burst","floor":11},{"not_picked":["Backflip","Flying Knee"],"picked":"Accuracy","floor":13},{"not_picked":["Night Terror","Tactician"],"picked":"Storm of Steel","floor":16},{"not_picked":["Endless Agony","Acrobatics","Poisoned Stab"],"picked":"SKIP","floor":18},{"not_picked":["Dagger Throw","Noxious Fumes"],"picked":"Cloak And Dagger","floor":20},{"not_picked":["Underhanded Strike","Eviscerate"],"picked":"Quick Slash","floor":22},{"not_picked":["Poisoned Stab+1","Flechettes"],"picked":"A Thousand Cuts","floor":24},{"not_picked":["Deadly Poison+1","Dagger Throw","Slice"],"picked":"SKIP","floor":28}],"player_experience":467876,"potions_floor_usage":[13,13,16,16,16,18,20,20,24,24,25,25,28,30,30],"damage_taken":[{"damage":0,"enemies":"Small Slimes","floor":1,"turns":1},{"damage":0,"enemies":"Lagavulin","floor":6,"turns":1},{"damage":0,"enemies":"2 Louse","floor":10,"turns":1},{"damage":1,"enemies":"3 Sentries","floor":11,"turns":4},{"damage":1,"enemies":"Jaw Worm","floor":13,"turns":4},{"damage":10,"enemies":"Slime Boss","floor":16,"turns":8},{"damage":3,"enemies":"3 Byrds","floor":18,"turns":4},{"damage":14,"enemies":"Spheric Guardian","floor":20,"turns":3},{"damage":13,"enemies":"Centurion and Healer","floor":22,"turns":7},{"damage":41,"enemies":"Book of Stabbing","floor":24,"turns":6},{"damage":0,"enemies":"Snecko","floor":25,"turns":3},{"damage":11,"enemies":"Snake Plant","floor":28,"turns":4},{"damage":14,"enemies":"3 Cultists","floor":30,"turns":2}],"relics_obtained":[{"floor":6,"key":"Gambling Chip"},{"floor":9,"key":"Strawberry"},{"floor":11,"key":"Dream Catcher"},{"floor":21,"key":"Nilry\u0027s Codex"},{"floor":24,"key":"Gremlin Horn"},{"floor":26,"key":"Toxic Egg 2"}],"event_choices":[{"event_name":"Liars Game","player_choice":"agreed","floor":2,"damage_taken":0},{"event_name":"Living Wall","player_choice":"Change","floor":4,"damage_taken":0},{"event_name":"World of Goop","player_choice":"Gather Gold","floor":7,"damage_taken":0},{"event_name":"Cursed Tome","player_choice":"Obtained Book","floor":21,"damage_taken":0},{"event_name":"Purifier","player_choice":"One Purge","floor":27,"damage_taken":0},{"event_name":"Ghosts","player_choice":"Ignored","floor":29,"damage_taken":0}],"boss_relics":[{"not_picked":["Tiny House","Orrery"],"picked":"Philosopher\u0027s Stone"}],"potions_floor_spawned":[1,6,16,20,24,25],"seed_played":"6882210612708262053","killed_by":"3 Cultists","ascension_level":0,"potions_obtained":[{"floor":1,"key":"Dexterity Potion"},{"floor":6,"key":"GhostInAJar"},{"floor":16,"key":"Swift Potion"},{"floor":20,"key":"SteroidPotion"},{"floor":24,"key":"Fruit Juice"}],"is_trial":false}