{"path_per_floor":["M","M","M","M","?","R","E","M","T","R","?","R","M","M","R","B",null,"M","M","?","M","$","R","E","R","T","R","M","$","M","M","R","B",null,"M","$","M","$","M","R","M","R","T","?","R","M","T","M","R","B"],"character_chosen":"IRONCLAD","items_purchased":["Unceasing Top","Corruption"],"gold_per_floor":[112,130,150,164,264,264,289,305,305,305,305,305,319,331,331,436,436,455,468,468,485,124,124,150,150,150,150,164,64,78,98,98,202,202,219,94,106,29,44,44,64,64,64,64,64,83,83,101,101,101],"floor_reached":51,"campfire_rested":0,"playtime":1141,"current_hp_per_floor":[81,81,80,76,76,76,63,69,69,69,62,62,66,72,72,78,88,88,88,88,76,76,76,51,51,51,51,51,51,57,59,59,32,88,88,88,88,88,88,88,87,87,87,87,87,88,88,88,88,56],"items_purged":["Defend_R","Defend_R","Bash"],"gold":101,"score":723,"play_id":"404d2673-cc5f-4bae-a14e-07f6c52f8c28","local_time":"20180418171939","is_prod":false,"is_daily":false,"chose_seed":false,"is_ascension_mode":false,"campfire_upgraded":12,"timestamp":1524086379,"path_taken":["M","M","M","M","?","R","E","M","T","R","?","R","M","M","R","BOSS","M","M","?","M","$","R","E","R","T","R","M","$","M","M","R","BOSS","M","$","M","$","M","R","?","R","T","?","R","?","?","M","R","BOSS"],"build_version":"2018-04-12","seed_source_timestamp":1531398844993258,"purchased_purges":3,"victory":true,"master_deck":["Flex+1","Clash+1","Clash+1","Carnage+1","Pummel+1","Flex+1","Offering+1","Headbutt+1","Dual Wield+1","Dual Wield+1","Dual Wield+1","Seeing Red+1","Shrug It Off","Body Slam+1","Anger+1","Uppercut","Thunderclap","Reckless Charge","Flex+1","Corruption+1"],"max_hp_per_floor":[88,88,88,88,88,88,88,88,88,88,88,88,88,88,88,88,88,88,88,88,88,88,88,88,88,88,88,88,88,88,88,88,88,88,88,88,88,88,88,88,88,88,88,88,88,88,88,88,88,88],"relics":["Burning Blood","Anchor","Mercury Hourglass","Cursed Key","Unceasing Top","Centennial Puzzle","Pandora\u0027s Box"],"card_choices":[{"not_picked":["Seeing Red","Bloodletting"],"picked":"Flex","floor":1},{"not_picked":["Corruption","Cleave"],"picked":"Clash","floor":2},{"not_picked":["Warcry","Havoc"],"picked":"Clash","floor":3},{"not_picked":["Spot Weakness","Havoc"],"picked":"Carnage","floor":4},{"not_picked":["Ghostly Armor","Reckless Charge"],"picked":"Pummel","floor":7},{"not_picked":["Sentinel","Warcry"],"picked":"Flex","floor":13},{"not_picked":["Exhume","Barricade"],"picked":"Offering","floor":16},{"not_picked":["Armaments","Sword Boomerang"],"picked":"Headbutt","floor":18},{"not_picked":["Uppercut","Warcry"],"picked":"Dual Wield","floor":21},{"not_picked":["Corruption","Body Slam"],"picked":"Dual Wield","floor":24},{"not_picked":["Shockwave","Havoc"],"picked":"Seeing Red","floor":31},{"not_picked":["Intimidate","Juggernaut"],"picked":"Flex","floor":37}],"player_experience":375671,"potions_floor_usage":[16,16,24,50,50],"damage_taken":[{"damage":13,"enemies":"Jaw Worm","floor":1,"turns":3},{"damage":6,"enemies":"Cultist","floor":2,"turns":3},{"damage":7,"enemies":"2 Louse","floor":3,"turns":3},{"damage":10,"enemies":"Looter","floor":4,"turns":2},{"damage":19,"enemies":"Gremlin Nob","floor":7,"turns":4},{"damage":0,"enemies":"2 Fungi Beasts","floor":8,"turns":2},{"damage":2,"enemies":"Blue Slaver","floor":13,"turns":2},{"damage":0,"enemies":"3 Louse","floor":14,"turns":1},{"damage":0,"enemies":"Slime Boss","floor":16,"turns":7},{"damage":0,"enemies":"Shell Parasite","floor":18,"turns":2},{"damage":4,"enemies":"2 Thieves","floor":19,"turns":2},{"damage":18,"enemies":"Cultist and Chosen","floor":21,"turns":3},{"damage":31,"enemies":"Gremlin Leader","floor":24,"turns":3},{"damage":6,"enemies":"3 Cultists","floor":28,"turns":3},{"damage":0,"enemies":"Snecko","floor":30,"turns":1},{"damage":4,"enemies":"Chosen and Byrds","floor":31,"turns":2},{"damage":33,"enemies":"Automaton","floor":33,"turns":6},{"damage":4,"enemies":"Orb Walker","floor":35,"turns":1},{"damage":4,"enemies":"3 Darklings","floor":37,"turns":2},{"damage":4,"enemies":"Maw","floor":39,"turns":2},{"damage":7,"enemies":"4 Shapes","floor":41,"turns":4},{"damage":4,"enemies":"Sphere and 2 Shapes","floor":46,"turns":1},{"damage":4,"enemies":"3 Darklings","floor":48,"turns":1},{"damage":38,"enemies":"Donu and Deca","floor":50,"turns":4}],"event_choices":[{"event_name":"Wheel of Change","player_choice":"Gold","floor":5,"damage_taken":0},{"event_name":"Golden Wing","player_choice":"Card Removal","floor":11,"damage_taken":0},{"event_name":"The Library","player_choice":"Read","floor":20,"damage_taken":0},{"event_name":"Upgrade Shrine","player_choice":"Upgraded","floor":44,"damage_taken":0}],"boss_relics":[{"not_picked":["Sozu","Philosopher\u0027s Stone"],"picked":"Cursed Key"},{"not_picked":["Orrery","Runic Pyramid"],"picked":"Pandora\u0027s Box"}],"potions_floor_spawned":[1,2,8,13,16,21,24,28,31,35,39,48],"seed_played":"6831609282884673758","ascension_level":0,"is_trial":false}