{"gold_per_floor":[117,117,130,305,3,3,83,83,83,141,205,205,3,69,69,191,191,230,79,145,60,151,151,252,252,275,275,275,342,94,160,160,293,293,340,347,153,160,260,323,448,141,141,168,168,211,211,271,271,321,321,321,23,76,101],"floor_reached":56,"playtime":14909,"items_purged":["Doubt","Strike_P","Defend_P","Strike_P"],"score":1649,"play_id":"04a8d80a-a45d-4081-a261-5a72c74ea93a","local_time":"20190912083027","is_ascension_mode":true,"campfire_choices":[{"data":"HandOfGreed","floor":6.0,"key":"SMITH"},{"data":"Wallop","floor":12.0,"key":"SMITH"},{"data":"Eruption","floor":15.0,"key":"SMITH"},{"data":"Protect","floor":23.0,"key":"SMITH"},{"data":"Adaptation","floor":25.0,"key":"SMITH"},{"data":"1","floor":28.0,"key":"LIFT"},{"data":"2","floor":32.0,"key":"LIFT"},{"data":"3","floor":45.0,"key":"LIFT"},{"data":"HandOfGreed","floor":47.0,"key":"SMITH"},{"floor":49.0,"key":"RECALL"},{"data":"Adaptation","floor":52.0,"key":"SMITH"}],"neow_cost":"NONE","seed_source_timestamp":0,"circlet_count":0,"master_deck":["Strike_P+1","Strike_P","Eruption+1","Vigilance","FearNoEvil+1","Protect+1","HandOfGreed+1","Wireheading","Wallop+1","Halt+1","Clarity+1","ThirdEye+1","EmptyBody+1","Omniscience+1","Adaptation+1","DeceiveReality+1","EmptyMind+1","SpiritShield+1","Swivel+1","DeceiveReality+1","MentalFortress+1","InnerPeace+1","Adaptation+1","Establishment","Vengeance+1","Brilliance+1","FlowState+1","Meditate+1","InnerPeace+1","Protect+1","HandOfGreed+1","Collect+1","Crescendo+1","Crescendo+1"],"special_seed":0,"relics":["PureWater","Blood Vial","Toxic Egg 2","Eternal Feather","Thread and Needle","HandDrill","Velvet Choker","ClockworkSouvenir","Pen Nib","PreservedInsect","CeramicFish","Girya","Orrery","Matryoshka","Coffee Dripper","Bag of Marbles","Bird Faced Urn","Bag of Preparation","Oddly Smooth Stone","Ginger","OrangePellets","Whetstone","Centennial Puzzle"],"potions_floor_usage":[55,55],"damage_taken":[{"damage":0.0,"enemies":"2 Louse","floor":1.0,"turns":2.0},{"damage":7.0,"enemies":"Jaw Worm","floor":3.0,"turns":2.0},{"damage":17.0,"enemies":"3 Sentries","floor":7.0,"turns":4.0},{"damage":18.0,"enemies":"Lagavulin","floor":10.0,"turns":6.0},{"damage":0.0,"enemies":"Small Slimes","floor":11.0,"turns":3.0},{"damage":5.0,"enemies":"Exordium Thugs","floor":14.0,"turns":3.0},{"damage":2.0,"enemies":"Hexaghost","floor":16.0,"turns":9.0},{"damage":0.0,"enemies":"Shell Parasite","floor":18.0,"turns":3.0},{"damage":3.0,"enemies":"3 Byrds","floor":20.0,"turns":6.0},{"damage":0.0,"enemies":"3 Cultists","floor":22.0,"turns":5.0},{"damage":10.0,"enemies":"Slavers","floor":24.0,"turns":10.0},{"damage":3.0,"enemies":"Chosen and Byrds","floor":29.0,"turns":5.0},{"damage":0.0,"enemies":"Book of Stabbing","floor":31.0,"turns":5.0},{"damage":14.0,"enemies":"Collector","floor":33.0,"turns":11.0},{"damage":9.0,"enemies":"3 Darklings","floor":35.0,"turns":7.0},{"damage":0.0,"enemies":"3 Shapes","floor":39.0,"turns":4.0},{"damage":0.0,"enemies":"Reptomancer","floor":40.0,"turns":2.0},{"damage":0.0,"enemies":"Mind Bloom Boss Battle","floor":41.0,"turns":7.0},{"damage":0.0,"enemies":"Transient","floor":44.0,"turns":5.0},{"damage":0.0,"enemies":"Spire Growth","floor":46.0,"turns":5.0},{"damage":0.0,"enemies":"Nemesis","floor":48.0,"turns":7.0},{"damage":8.0,"enemies":"Donu and Deca","floor":50.0,"turns":8.0},{"damage":0.0,"enemies":"Shield and Spear","floor":54.0,"turns":4.0},{"damage":0,"enemies":"The Heart","floor":55,"turns":9}],"seed_played":"-3452499805363029417","potions_obtained":[{"floor":10.0,"key":"Weak Potion"},{"floor":14.0,"key":"Dexterity Potion"},{"floor":16.0,"key":"GamblersBrew"},{"floor":20.0,"key":"Block Potion"},{"floor":24.0,"key":"StancePotion"},{"floor":40.0,"key":"LiquidBronze"},{"floor":46.0,"key":"Fire Potion"}],"is_trial":false,"path_per_floor":["M","?","M","?","$","R","E","T","T","E","M","R","$","M","R","B",null,"M","$","M","?","M","R","E","R","T","?","R","M","$","E","R","B",null,"M","?","$","?","M","E","?","$","T","M","R","M","R","E","R","B",null,"R","$","E","B",null],"character_chosen":"WATCHER","items_purchased":["HandOfGreed","Wireheading","ThirdEye+1","HandDrill","ClockworkSouvenir","Orrery","Vengeance+1","Protect+1","SteroidPotion","Bag of Preparation","OrangePellets","Whetstone"],"campfire_rested":0,"item_purchase_floors":[5,5,13,13,19,30,30,37,37,42,53,53],"current_hp_per_floor":[65,65,58,58,58,58,41,41,41,25,27,36,36,33,42,42,59,61,61,60,60,62,65,55,65,65,65,65,62,62,64,65,51,62,55,55,55,55,57,59,61,61,61,65,65,65,65,65,65,61,64,65,65,65,65],"gold":101,"neow_bonus":"REMOVE_CARD","is_prod":false,"is_daily":false,"chose_seed":false,"campfire_upgraded":7,"win_rate":0,"timestamp":1568302227,"path_taken":["M","?","M","?","?","R","E","?","T","E","M","R","$","?","R","BOSS","BOSS","M","$","M","?","M","R","E","R","T","?","R","M","$","E","R","BOSS","M","?","?","?","M","E","?","$","T","M","R","M","R","E","R","BOSS","R","$","E","BOSS"],"build_version":"2019-09-11v2","purchased_purges":4,"victory":true,"max_hp_per_floor":[65,65,65,65,65,65,65,65,65,65,65,65,65,65,65,65,65,65,65,65,65,65,65,65,65,65,65,65,65,65,65,65,65,65,65,65,65,65,65,65,65,65,65,65,65,65,65,65,65,65,65,65,65,65,65],"card_choices":[{"not_picked":["CrushJoints","BowlingBash"],"picked":"FearNoEvil","floor":1.0},{"not_picked":["Weave","SpiritShield"],"picked":"Protect","floor":3.0},{"not_picked":["InnerPeace","Sanctity"],"picked":"Wallop","floor":7.0},{"not_picked":["StepAndStrike","Sanctity+1"],"picked":"Halt+1","floor":10.0},{"not_picked":["Conclude","FlyingSleeves"],"picked":"Clarity+1","floor":11.0},{"not_picked":["FollowUp","EmptyFist"],"picked":"EmptyBody+1","floor":14.0},{"not_picked":["MasterReality","BattleHymn"],"picked":"Omniscience+1","floor":16.0},{"not_picked":["Wireheading","JustLucky+1"],"picked":"Adaptation","floor":18.0},{"not_picked":["Halt+1","EmptyBody+1"],"picked":"DeceiveReality+1","floor":20.0},{"not_picked":["Collect+1","Tantrum+1"],"picked":"EmptyMind+1","floor":22.0},{"not_picked":["Ragnarok","Conclude"],"picked":"SpiritShield+1","floor":24.0},{"not_picked":["BowlingBash","ClearTheMind+1"],"picked":"Swivel+1","floor":29.0},{"not_picked":["Wireheading","CrushJoints"],"picked":"DeceiveReality+1","floor":30.0},{"not_picked":["Consecrate","Alpha+1"],"picked":"MentalFortress+1","floor":30.0},{"not_picked":["SpiritShield+1","Protect+1"],"picked":"InnerPeace+1","floor":30.0},{"not_picked":["JustLucky","Conclude"],"picked":"Adaptation","floor":30.0},{"not_picked":["Prostrate+1","SandsOfTime"],"picked":"Establishment","floor":30.0},{"not_picked":["WreathOfFlame+1","Consecrate"],"picked":"Brilliance+1","floor":31.0},{"not_picked":["Wish+1","LessonLearned"],"picked":"FlowState+1","floor":33.0},{"not_picked":["PathToVictory+1","EmptyMind+1"],"picked":"Meditate+1","floor":35.0},{"not_picked":["Flash of Steel","Enlightenment+1"],"picked":"HandOfGreed","floor":38.0},{"not_picked":["CarveReality","Establishment","Collect+1"],"picked":"SKIP","floor":39.0},{"not_picked":["CarveReality","Establishment"],"picked":"Collect+1","floor":39.0},{"not_picked":["ThirdEye+1","ForeignInfluence+1"],"picked":"Crescendo+1","floor":40.0},{"not_picked":["WreathOfFlame+1","EmptyMind+1"],"picked":"Crescendo+1","floor":44.0},{"not_picked":["Scrawl+1","CutThroughFate+1","Swivel+1"],"picked":"SKIP","floor":46.0},{"not_picked":["Halt+1","Evaluate+1","Weave"],"picked":"SKIP","floor":48.0},{"not_picked":["Judgement+1","BowlingBash+1","Blasphemy+1"],"picked":"SKIP","floor":54.0}],"player_experience":94267,"relics_obtained":[{"floor":7.0,"key":"Blood Vial"},{"floor":8.0,"key":"Toxic Egg 2"},{"floor":9.0,"key":"Eternal Feather"},{"floor":10.0,"key":"Thread and Needle"},{"floor":24.0,"key":"PreservedInsect"},{"floor":26.0,"key":"CeramicFish"},{"floor":27.0,"key":"Girya"},{"floor":31.0,"key":"Matryoshka"},{"floor":40.0,"key":"Bag of Marbles"},{"floor":41.0,"key":"Bird Faced Urn"},{"floor":43.0,"key":"Oddly Smooth Stone"},{"floor":48.0,"key":"Ginger"},{"floor":54.0,"key":"Centennial Puzzle"}],"event_choices":[{"cards_removed":["Defend_P"],"damage_healed":0.0,"max_hp_gain":0.0,"max_hp_loss":0.0,"gold_gain":0.0,"event_name":"Living Wall","player_choice":"Forget","floor":2.0,"gold_loss":0.0,"damage_taken":0.0},{"damage_healed":0.0,"max_hp_gain":0.0,"max_hp_loss":0.0,"gold_gain":175.0,"event_name":"Liars Game","player_choice":"AGREE","floor":4.0,"gold_loss":0.0,"damage_taken":0.0,"cards_obtained":["Doubt"]},{"damage_healed":0.0,"max_hp_gain":0.0,"max_hp_loss":0.0,"gold_gain":0.0,"event_name":"Addict","player_choice":"Obtained Relic","floor":21.0,"gold_loss":85.0,"damage_taken":0.0,"relics_obtained":["Pen Nib"]},{"damage_healed":0.0,"max_hp_gain":0.0,"max_hp_loss":0.0,"gold_gain":0.0,"event_name":"Wheel of Change","player_choice":"Relic","floor":27.0,"gold_loss":0.0,"damage_taken":0.0},{"damage_healed":0.0,"max_hp_gain":0.0,"max_hp_loss":0.0,"gold_gain":0.0,"cards_transformed":["Defend_P"],"event_name":"Transmorgrifier","player_choice":"Transformed","floor":36.0,"gold_loss":0.0,"damage_taken":0.0,"cards_obtained":["InnerPeace"]},{"damage_healed":0.0,"max_hp_gain":0.0,"max_hp_loss":0.0,"gold_gain":0.0,"event_name":"SensoryStone","player_choice":"Memory 1","floor":38.0,"gold_loss":0.0,"damage_taken":0.0},{"damage_healed":0.0,"max_hp_gain":0.0,"max_hp_loss":0.0,"gold_gain":0.0,"event_name":"MindBloom","player_choice":"Fight","floor":41.0,"gold_loss":0.0,"damage_taken":0.0}],"is_beta":true,"boss_relics":[{"not_picked":["Snecko Eye","Runic Pyramid"],"picked":"Velvet Choker"},{"not_picked":["Empty Cage","Fusion Hammer"],"picked":"Coffee Dripper"}],"items_purged_floors":[5,30,37,42],"is_endless":false,"potions_floor_spawned":[10,14,16,20,24,40,41,46],"ascension_level":5}