{"gold_per_floor":[109,384,27,43,61,61,95,70,70,147,157,157,176,192,192,268,268,285,285,285,285,305,305,335,353,353,353,372,390,410,410,410,483,483,498,498,56,56,56,56,75,75,75,89,107,107],"floor_reached":46,"playtime":1303,"items_purged":["Regret"],"score":884,"play_id":"68dcec6d-de62-4846-8dfb-2d16ba3d0a70","local_time":"20190915164611","is_ascension_mode":true,"campfire_choices":[{"data":"Armaments","floor":6.0,"key":"SMITH"},{"floor":15.0,"key":"REST"},{"data":"Fire Breathing","floor":23.0,"key":"SMITH"},{"floor":27.0,"key":"REST"},{"floor":32.0,"key":"REST"},{"floor":40.0,"key":"REST"},{"floor":42.0,"key":"REST"}],"neow_cost":"NONE","seed_source_timestamp":96489506589200,"circlet_count":0,"master_deck":["AscendersBane","Strike_R","Strike_R","Strike_R","Strike_R","Defend_R","Defend_R","Defend_R","Defend_R","Bash","Dramatic Entrance","Armaments+1","Fire Breathing+1","Sword Boomerang+1","Reckless Charge+1","Shrug It Off","Whirlwind+1","Disarm","Twin Strike+1","Reaper+1","Uppercut+1","Fiend Fire+1","Inflame+1","Shockwave","Panacea","True Grit+1","Pommel Strike+1"],"special_seed":0,"relics":["Burning Blood","Molten Egg 2","StrikeDummy","Frozen Egg 2","Busted Crown","Lizard Tail","Bottled Lightning","Fusion Hammer","Vajra","Blue Candle","Bronze Scales"],"potions_floor_usage":[],"damage_taken":[{"damage":3.0,"enemies":"2 Louse","floor":1.0,"turns":2.0},{"damage":6.0,"enemies":"Cultist","floor":4.0,"turns":3.0},{"damage":11.0,"enemies":"Small Slimes","floor":5.0,"turns":3.0},{"damage":32.0,"enemies":"Gremlin Nob","floor":7.0,"turns":4.0},{"damage":5.0,"enemies":"Blue Slaver","floor":11.0,"turns":2.0},{"damage":15.0,"enemies":"Exordium Thugs","floor":13.0,"turns":4.0},{"damage":0.0,"enemies":"2 Fungi Beasts","floor":14.0,"turns":2.0},{"damage":36.0,"enemies":"The Guardian","floor":16.0,"turns":12.0},{"damage":12.0,"enemies":"3 Byrds","floor":18.0,"turns":3.0},{"damage":10.0,"enemies":"Chosen","floor":22.0,"turns":5.0},{"damage":43.0,"enemies":"Gremlin Leader","floor":24.0,"turns":6.0},{"damage":21.0,"enemies":"Snake Plant","floor":25.0,"turns":5.0},{"damage":21.0,"enemies":"Sentry and Sphere","floor":28.0,"turns":5.0},{"damage":17.0,"enemies":"Cultist and Chosen","floor":29.0,"turns":5.0},{"damage":18.0,"enemies":"Snake Plant","floor":30.0,"turns":4.0},{"damage":95.0,"enemies":"Automaton","floor":33.0,"turns":12.0},{"damage":5.0,"enemies":"Orb Walker","floor":35.0,"turns":3.0},{"damage":35.0,"enemies":"3 Darklings","floor":41.0,"turns":6.0},{"damage":16.0,"enemies":"Jaw Worm Horde","floor":44.0,"turns":2.0},{"damage":64.0,"enemies":"Transient","floor":45.0,"turns":6.0},{"damage":33,"enemies":"Maw","floor":46,"turns":5}],"seed_played":"-7584662924523185575","potions_obtained":[{"floor":5.0,"key":"EssenceOfSteel"},{"floor":14.0,"key":"Fruit Juice"},{"floor":16.0,"key":"Dexterity Potion"},{"floor":18.0,"key":"Poison Potion"},{"floor":21.0,"key":"Swift Potion"},{"floor":28.0,"key":"Energy Potion"},{"floor":29.0,"key":"SpeedPotion"},{"floor":33.0,"key":"Fire Potion"},{"floor":41.0,"key":"EssenceOfSteel"}],"is_trial":false,"path_per_floor":["M","?","$","M","M","R","E","$","T","?","M","?","M","M","R","B",null,"M","?","?","?","M","R","E","M","T","R","M","M","M","?","R","B",null,"M","?","$","?","T","R","M","R","T","M","M","M"],"character_chosen":"IRONCLAD","items_purchased":["Molten Egg 2","Shrug It Off","Vajra","Inflame+1","Shockwave","FearPotion","Panacea"],"campfire_rested":5,"item_purchase_floors":[3,8,37,37,37,37,37],"current_hp_per_floor":[71,71,71,71,66,66,40,40,40,40,41,41,32,38,67,37,69,63,63,63,63,59,59,39,29,29,53,43,32,25,25,49,21,65,66,66,66,66,66,76,70,76,76,66,17,0],"gold":107,"neow_bonus":"RANDOM_COLORLESS","is_prod":false,"is_daily":false,"chose_seed":false,"campfire_upgraded":2,"win_rate":0,"timestamp":1568583971,"path_taken":["M","?","$","M","?","R","E","$","T","?","M","?","M","M","R","BOSS","M","?","?","?","M","R","E","?","T","R","M","M","M","?","R","BOSS","M","?","$","?","?","R","M","R","T","?","M","M"],"build_version":"2019-09-12","purchased_purges":1,"victory":false,"max_hp_per_floor":[75,75,75,75,75,75,75,75,75,75,75,75,75,75,80,80,80,80,80,80,80,80,80,80,80,80,80,80,80,80,80,80,80,80,80,80,80,76,76,76,76,76,76,76,76,76],"card_choices":[{"not_picked":["Body Slam","Havoc"],"picked":"Armaments","floor":1.0},{"not_picked":["Warcry","Reckless Charge+1"],"picked":"Fire Breathing","floor":4.0},{"not_picked":["Flame Barrier","Sentinel"],"picked":"Sword Boomerang+1","floor":5.0},{"not_picked":["Hemokinesis+1","Blood for Blood+1"],"picked":"Reckless Charge+1","floor":7.0},{"not_picked":["Shrug It Off","Dropkick+1"],"picked":"Whirlwind+1","floor":11.0},{"not_picked":["Combust+1","Iron Wave+1"],"picked":"Disarm","floor":13.0},{"not_picked":["Heavy Blade+1","Flex"],"picked":"Twin Strike+1","floor":14.0},{"not_picked":["Bludgeon+1","Limit Break"],"picked":"Reaper+1","floor":16.0},{"not_picked":["Headbutt+1"],"picked":"SKIP","floor":18.0},{"not_picked":["Cleave+1"],"picked":"SKIP","floor":22.0},{"not_picked":["Rupture+1"],"picked":"SKIP","floor":24.0},{"not_picked":["Thunderclap+1"],"picked":"SKIP","floor":25.0},{"not_picked":["Pummel+1"],"picked":"SKIP","floor":28.0},{"not_picked":["Entrench"],"picked":"SKIP","floor":29.0},{"not_picked":["Iron Wave+1"],"picked":"SKIP","floor":30.0},{"not_picked":[],"picked":"Fiend Fire+1","floor":33.0},{"not_picked":["Reckless Charge+1"],"picked":"SKIP","floor":35.0},{"not_picked":[],"picked":"True Grit+1","floor":41.0},{"not_picked":["Thunderclap+1"],"picked":"SKIP","floor":44.0},{"not_picked":[],"picked":"Pommel Strike+1","floor":45.0}],"player_experience":1329818,"relics_obtained":[{"floor":7.0,"key":"StrikeDummy"},{"floor":9.0,"key":"Frozen Egg 2"},{"floor":24.0,"key":"Lizard Tail"},{"floor":26.0,"key":"Bottled Lightning"},{"floor":39.0,"key":"Blue Candle"},{"floor":43.0,"key":"Bronze Scales"}],"event_choices":[{"damage_healed":0.0,"max_hp_gain":0.0,"max_hp_loss":0.0,"gold_gain":275.0,"event_name":"Golden Shrine","player_choice":"Desecrate","floor":2.0,"gold_loss":0.0,"damage_taken":0.0,"cards_obtained":["Regret"]},{"damage_healed":0.0,"max_hp_gain":0.0,"max_hp_loss":0.0,"gold_gain":77.0,"event_name":"Golden Wing","player_choice":"Gained Gold","floor":10.0,"gold_loss":0.0,"damage_taken":0.0},{"cards_removed":["Strike_R"],"damage_healed":0.0,"max_hp_gain":0.0,"max_hp_loss":0.0,"gold_gain":0.0,"event_name":"Purifier","player_choice":"Purged","floor":12.0,"gold_loss":0.0,"damage_taken":0.0},{"damage_healed":0.0,"max_hp_gain":0.0,"max_hp_loss":0.0,"gold_gain":0.0,"event_name":"The Library","player_choice":"Read","floor":19.0,"gold_loss":0.0,"damage_taken":0.0,"cards_obtained":["Uppercut"]},{"damage_healed":0.0,"max_hp_gain":0.0,"max_hp_loss":0.0,"gold_gain":0.0,"event_name":"The Mausoleum","player_choice":"Ignored","floor":20.0,"gold_loss":0.0,"damage_taken":0.0},{"damage_healed":0.0,"max_hp_gain":0.0,"max_hp_loss":0.0,"gold_gain":0.0,"event_name":"Lab","player_choice":"Got Potions","floor":21.0,"gold_loss":0.0,"damage_taken":0.0},{"damage_healed":0.0,"max_hp_gain":0.0,"max_hp_loss":0.0,"gold_gain":0.0,"event_name":"Vampires","player_choice":"Ignored","floor":31.0,"gold_loss":0.0,"damage_taken":0.0},{"damage_healed":0.0,"max_hp_gain":0.0,"max_hp_loss":0.0,"gold_gain":0.0,"event_name":"Tomb of Lord Red Mask","player_choice":"Ignored","floor":36.0,"gold_loss":0.0,"damage_taken":0.0},{"damage_healed":0.0,"max_hp_gain":0.0,"max_hp_loss":4.0,"gold_gain":0.0,"event_name":"Winding Halls","player_choice":"Max HP","floor":38.0,"gold_loss":0.0,"damage_taken":0.0}],"is_beta":true,"boss_relics":[{"not_picked":["Philosopher\u0027s Stone","Pandora\u0027s Box"],"picked":"Busted Crown"},{"not_picked":["Calling Bell","Velvet Choker"],"picked":"Fusion Hammer"}],"items_purged_floors":[3],"is_endless":false,"potions_floor_spawned":[5,14,16,18,28,29,33,41],"killed_by":"Maw","ascension_level":20}