{"gold_per_floor":[17,35,135,145,164,164,199,199,229,240,252,252,271,288,288,288],"floor_reached":16,"playtime":499,"items_purged":[],"score":168,"play_id":"316cf130-b8df-487e-90aa-17c16e3de735","local_time":"20180729215026","is_ascension_mode":true,"campfire_choices":[{"data":"Body Slam","floor":6,"key":"SMITH"},{"data":"Body Slam","floor":12,"key":"SMITH"},{"data":"Double Tap","floor":15,"key":"SMITH"}],"neow_cost":"NO_GOLD","seed_source_timestamp":331531356834246,"circlet_count":0,"master_deck":["Strike_R","Strike_R","Strike_R","Strike_R","Strike_R","Defend_R","Defend_R","Defend_R","Defend_R","Bash","Sword Boomerang","Body Slam+1","Inflame+1","Body Slam+1","Shrug It Off","Double Tap+1"],"relics":["Burning Blood","Boot","Tiny Chest"],"potions_floor_usage":[7,13,16,16],"damage_taken":[{"damage":2,"enemies":"Small Slimes","floor":1,"turns":4},{"damage":11,"enemies":"Cultist","floor":2,"turns":4},{"damage":3,"enemies":"2 Louse","floor":4,"turns":4},{"damage":12,"enemies":"2 Fungi Beasts","floor":5,"turns":4},{"damage":36,"enemies":"Lagavulin","floor":7,"turns":7},{"damage":11,"enemies":"Blue Slaver","floor":10,"turns":4},{"damage":10,"enemies":"Large Slime","floor":11,"turns":4},{"damage":5,"enemies":"Gremlin Gang","floor":13,"turns":5},{"damage":12,"enemies":"Exordium Wildlife","floor":14,"turns":4},{"damage":43,"enemies":"The Guardian","floor":16,"turns":9}],"seed_played":"-8541947690108473699","potions_obtained":[{"floor":1,"key":"Block Potion"},{"floor":5,"key":"LiquidBronze"},{"floor":10,"key":"SkillPotion"},{"floor":11,"key":"SkillPotion"},{"floor":14,"key":"Energy Potion"}],"is_trial":false,"path_per_floor":["M","M","?","M","M","R","E","?","T","M","M","R","M","M","R"],"character_chosen":"IRONCLAD","items_purchased":[],"campfire_rested":0,"item_purchase_floors":[],"current_hp_per_floor":[92,87,87,90,84,84,54,54,54,49,45,45,46,40,40,0],"gold":288,"neow_bonus":"TWENTY_PERCENT_HP_BONUS","is_prod":false,"is_daily":false,"chose_seed":false,"campfire_upgraded":3,"win_rate":0,"timestamp":1532915426,"path_taken":["M","M","?","M","M","R","E","?","T","M","M","R","M","M","R","BOSS"],"build_version":"2018-07-26","purchased_purges":0,"victory":false,"max_hp_per_floor":[96,96,96,96,96,96,96,96,96,96,96,96,96,96,96,96],"card_choices":[{"not_picked":["Rupture","Power Through"],"picked":"Sword Boomerang","floor":1},{"not_picked":["Warcry","Seeing Red"],"picked":"Body Slam","floor":2},{"not_picked":["Rage","Flex","Clash"],"picked":"SKIP","floor":4},{"not_picked":["Metallicize","Body Slam","Combust"],"picked":"SKIP","floor":5},{"not_picked":["Clash","Perfected Strike"],"picked":"Inflame","floor":7},{"not_picked":["Pummel","Metallicize"],"picked":"Body Slam","floor":10},{"not_picked":["Havoc","Carnage"],"picked":"Shrug It Off","floor":11},{"not_picked":["Sword Boomerang","Warcry","True Grit"],"picked":"SKIP","floor":13},{"not_picked":["Ghostly Armor","Bloodletting"],"picked":"Double Tap","floor":14}],"player_experience":850419,"relics_obtained":[{"floor":7,"key":"Boot"},{"floor":9,"key":"Tiny Chest"}],"event_choices":[{"event_name":"Golden Shrine","player_choice":"Pray","floor":3,"damage_taken":0},{"event_name":"Living Wall","player_choice":"Grow","floor":8,"damage_taken":0}],"is_beta":true,"boss_relics":[],"items_purged_floors":[],"is_endless":false,"potions_floor_spawned":[1,5,10,11,14],"killed_by":"The Guardian","ascension_level":7}