{"gold_per_floor":[164,9,9,26,39,39,71,71,71,82,47,62,62,62,62,157,157,173,173,183,183,197,197],"floor_reached":23,"playtime":653,"items_purged":[],"score":229,"play_id":"6d81a44e-95b7-44e5-8c1c-45a654992c26","local_time":"20181018161929","is_ascension_mode":true,"campfire_choices":[{"data":"Scrape","floor":6,"key":"SMITH"},{"data":"Rip and Tear","floor":8,"key":"SMITH"},{"floor":15,"key":"REST"}],"neow_cost":"NONE","seed_source_timestamp":953902375185383,"circlet_count":0,"master_deck":["Strike_B","Strike_B","Strike_B","Strike_B+1","Defend_B","Defend_B+1","Defend_B","Defend_B","Zap+1","Dualcast","Gash","Rip and Tear+1","Scrape+1","Rebound","Ball Lightning","Gash","Echo Form+1","Gash","Steam","Genetic Algorithm"],"relics":["Tiny House","Bag of Marbles","Bird Faced Urn","Ginger","Cursed Key"],"potions_floor_usage":[0,22,23,23],"damage_taken":[{"damage":7,"enemies":"Jaw Worm","floor":1,"turns":4},{"damage":3,"enemies":"2 Louse","floor":4,"turns":2},{"damage":0,"enemies":"Small Slimes","floor":5,"turns":1},{"damage":40,"enemies":"3 Sentries","floor":7,"turns":6},{"damage":4,"enemies":"Red Slaver","floor":10,"turns":2},{"damage":0,"enemies":"Exordium Wildlife","floor":12,"turns":1},{"damage":28,"enemies":"Slime Boss","floor":16,"turns":6},{"damage":35,"enemies":"2 Thieves","floor":18,"turns":4},{"damage":22,"enemies":"3 Byrds","floor":20,"turns":4},{"damage":33,"enemies":"Shelled Parasite and Fungi","floor":22,"turns":4},{"damage":32,"enemies":"Book of Stabbing","floor":23,"turns":4}],"seed_played":"-6697129884703496884","potions_obtained":[{"floor":0,"key":"Fruit Juice"},{"floor":4,"key":"Dexterity Potion"},{"floor":5,"key":"Swift Potion"},{"floor":7,"key":"SneckoOil"},{"floor":20,"key":"Explosive Potion"}],"is_trial":false,"path_per_floor":["M","$","?","M","M","R","E","R","T","M","?","M","?","?","R","B",null,"M","?","M","?","M"],"character_chosen":"DEFECT","items_purchased":["Bag of Marbles"],"campfire_rested":1,"item_purchase_floors":[2],"current_hp_per_floor":[78,78,61,58,58,58,18,18,18,14,35,35,35,35,60,32,85,52,52,32,60,29,0],"gold":197,"neow_bonus":"BOSS_RELIC","is_prod":false,"is_daily":false,"chose_seed":false,"campfire_upgraded":2,"win_rate":0,"timestamp":1539893969,"path_taken":["M","$","?","?","M","R","E","R","T","M","?","M","?","?","R","BOSS","M","?","M","?","M","E"],"build_version":"2018-10-17v3","purchased_purges":0,"victory":false,"max_hp_per_floor":[85,85,85,85,85,85,85,85,85,85,85,85,85,85,85,85,85,85,85,85,85,85,85],"card_choices":[{"not_picked":["Steam","Barrage"],"picked":"Gash","floor":0},{"not_picked":["Blizzard","Sweeping Beam"],"picked":"Rip and Tear","floor":1},{"not_picked":["White Noise","Go for the Eyes"],"picked":"Scrape","floor":4},{"not_picked":["Compile Driver","Static Discharge"],"picked":"Rebound","floor":5},{"not_picked":["Turbo","Cold Snap"],"picked":"Ball Lightning","floor":7},{"not_picked":["Chaos","Undo"],"picked":"Gash","floor":10},{"not_picked":["Melter","Sweeping Beam","Steam"],"picked":"SKIP","floor":12},{"not_picked":["Seek","Multi-Cast"],"picked":"Echo Form","floor":16},{"not_picked":["Redo","Steam"],"picked":"Gash","floor":18},{"not_picked":["Storm","Steam","Cold Snap"],"picked":"SKIP","floor":20},{"not_picked":["Storm","Cold Snap"],"picked":"Steam","floor":20},{"not_picked":["Leap","Turbo"],"picked":"Genetic Algorithm","floor":22}],"player_experience":936161,"relics_obtained":[{"floor":7,"key":"Bird Faced Urn"},{"floor":9,"key":"Ginger"}],"event_choices":[{"damage_healed":0,"gold_gain":0,"player_choice":"Entered Light","damage_taken":17,"max_hp_gain":0,"max_hp_loss":0,"event_name":"Shining Light","floor":3,"gold_loss":0,"cards_upgraded":["Defend_B","Strike_B"]},{"damage_healed":21,"gold_gain":0,"player_choice":"Healed","damage_taken":0,"max_hp_gain":0,"max_hp_loss":0,"event_name":"The Cleric","floor":11,"gold_loss":35},{"damage_healed":0,"gold_gain":0,"player_choice":"Ignored","damage_taken":0,"max_hp_gain":0,"max_hp_loss":0,"event_name":"Liars Game","floor":13,"gold_loss":0},{"damage_healed":0,"gold_gain":30,"player_choice":"Searched \u00272\u0027 times","damage_taken":0,"max_hp_gain":0,"max_hp_loss":0,"event_name":"Dead Adventurer","floor":14,"gold_loss":0},{"damage_healed":0,"gold_gain":0,"player_choice":"Forge","damage_taken":0,"max_hp_gain":0,"max_hp_loss":0,"event_name":"Accursed Blacksmith","floor":19,"gold_loss":0,"cards_upgraded":["Echo Form"]},{"damage_healed":28,"gold_gain":0,"player_choice":"Heal","damage_taken":0,"max_hp_gain":0,"max_hp_loss":0,"event_name":"The Library","floor":21,"gold_loss":0}],"is_beta":true,"boss_relics":[{"not_picked":["Runic Pyramid","Astrolabe"],"picked":"Cursed Key"}],"items_purged_floors":[],"is_endless":false,"potions_floor_spawned":[4,5,7,18,20],"killed_by":"Book of Stabbing","ascension_level":4}