{"gold_per_floor":[140,165,165,183,201,201,235,43,43,69,69,69,69,69,69,169,169,169,169,169,169,169,169,94,94,94,94,94,94,94,94,94,94,94,94,94,94,94,94,94,94,94,94,94,94,94,54,54,54,54],"floor_reached":50,"playtime":963,"items_purged":["Strike_R"],"score":802,"play_id":"337482f9-96e4-4a83-bdfc-e06d32f7827a","local_time":"20181020005854","is_ascension_mode":true,"campfire_choices":[{"data":"Inflame","floor":6.0,"key":"SMITH"},{"data":"Whirlwind","floor":13.0,"key":"SMITH"},{"floor":15.0,"key":"REST"},{"data":"Demon Form","floor":23.0,"key":"SMITH"},{"data":"Whirlwind","floor":25.0,"key":"SMITH"},{"data":"Flash of Steel","floor":28.0,"key":"SMITH"},{"data":"Sword Boomerang","floor":30.0,"key":"SMITH"},{"data":"Feel No Pain","floor":32.0,"key":"SMITH"},{"floor":40.0,"key":"REST"},{"floor":42.0,"key":"REST"},{"floor":49.0,"key":"REST"}],"neow_cost":"NONE","seed_source_timestamp":2585276028556,"circlet_count":0,"master_deck":["Strike_R","Strike_R","Strike_R+1","Strike_R","Defend_R","Defend_R","Defend_R","Defend_R","Bash+1","Inflame+1","Whirlwind+1","Sword Boomerang+1","Feel No Pain+1","Flash of Steel+1","Demon Form+1","Whirlwind+1","Reaper","Burning Pact"],"special_seed":0,"relics":["Burning Blood","Tiny Chest","Art of War","Whetstone","Chemical X","Mercury Hourglass","Dead Branch","Ectoplasm","Bottled Tornado","Lantern","Cursed Key","Mummified Hand","Spirit Poop","Red Skull"],"potions_floor_usage":[50,50],"damage_taken":[{"damage":6.0,"enemies":"Cultist","floor":1.0,"turns":3.0},{"damage":0.0,"enemies":"Small Slimes","floor":4.0,"turns":3.0},{"damage":12.0,"enemies":"Jaw Worm","floor":5.0,"turns":3.0},{"damage":40.0,"enemies":"Lagavulin","floor":7.0,"turns":4.0},{"damage":16.0,"enemies":"Gremlin Nob","floor":10.0,"turns":3.0},{"damage":0.0,"enemies":"Slime Boss","floor":16.0,"turns":6.0},{"damage":11.0,"enemies":"Shell Parasite","floor":18.0,"turns":3.0},{"damage":0.0,"enemies":"3 Byrds","floor":19.0,"turns":2.0},{"damage":21.0,"enemies":"Snake Plant","floor":22.0,"turns":3.0},{"damage":0.0,"enemies":"3 Cultists","floor":27.0,"turns":1.0},{"damage":56.0,"enemies":"Collector","floor":33.0,"turns":5.0},{"damage":32.0,"enemies":"3 Shapes","floor":35.0,"turns":1.0},{"damage":11.0,"enemies":"Orb Walker","floor":37.0,"turns":2.0},{"damage":30.0,"enemies":"Maw","floor":38.0,"turns":4.0},{"damage":19.0,"enemies":"Giant Head","floor":41.0,"turns":5.0},{"damage":4.0,"enemies":"Sphere and 2 Shapes","floor":44.0,"turns":3.0},{"damage":3.0,"enemies":"Transient","floor":46.0,"turns":5.0},{"damage":27.0,"enemies":"Reptomancer","floor":48.0,"turns":3.0},{"damage":115,"enemies":"Awakened One","floor":50,"turns":6}],"seed_played":"2021422060634979675","potions_obtained":[{"floor":1.0,"key":"Weak Potion"},{"floor":5.0,"key":"SkillPotion"},{"floor":18.0,"key":"Explosive Potion"},{"floor":33.0,"key":"Swift Potion"},{"floor":38.0,"key":"LiquidBronze"},{"floor":44.0,"key":"Explosive Potion"},{"floor":46.0,"key":"Weak Potion"}],"is_trial":false,"path_per_floor":["M","T","?","M","M","R","E","$","T","E","?","?","R","$","R","B",null,"M","M","?","T","M","R","$","R","T","M","R","$","R","?","R","B",null,"M","?","M","M","T","R","E","R","T","M","?","M","$","E","R"],"character_chosen":"IRONCLAD","items_purchased":["Chemical X","Burning Pact"],"campfire_rested":4,"item_purchase_floors":[8,47],"current_hp_per_floor":[72,72,77,83,77,77,43,43,43,33,33,33,33,33,58,64,80,75,81,85,85,70,70,70,70,70,76,76,76,76,76,76,26,70,44,65,60,36,36,61,48,73,73,83,83,85,85,64,85,0],"gold":54,"neow_bonus":"RANDOM_COMMON_RELIC","is_prod":false,"is_daily":false,"chose_seed":false,"campfire_upgraded":7,"win_rate":0,"timestamp":1540011534,"path_taken":["M","?","?","M","M","R","E","$","T","E","?","?","R","$","R","BOSS","M","M","?","?","M","R","?","R","T","?","R","$","R","?","R","BOSS","M","?","M","M","?","R","E","R","T","M","?","M","?","E","R","BOSS"],"build_version":"2018-10-18","purchased_purges":1,"victory":false,"max_hp_per_floor":[80,80,85,85,85,85,85,85,85,85,85,85,85,85,85,85,85,85,85,85,85,85,85,85,85,85,85,85,85,85,85,85,85,85,85,85,85,85,85,85,85,85,85,85,85,85,85,85,85,85],"card_choices":[{"not_picked":["Flame Barrier","Rage"],"picked":"Inflame","floor":1.0},{"not_picked":["Headbutt","Shrug It Off"],"picked":"Whirlwind","floor":4.0},{"not_picked":["Bludgeon","Sever Soul"],"picked":"Sword Boomerang","floor":5.0},{"not_picked":["Cleave","True Grit","Power Through"],"picked":"SKIP","floor":7.0},{"not_picked":["Sentinel","Pommel Strike"],"picked":"Feel No Pain","floor":10.0},{"not_picked":["Reaper","Bludgeon"],"picked":"Demon Form","floor":16.0},{"not_picked":["Havoc+1","Sword Boomerang","Pommel Strike"],"picked":"SKIP","floor":18.0},{"not_picked":["Cleave+1","Clothesline"],"picked":"Whirlwind","floor":19.0},{"not_picked":["Thunderclap","Inflame+1","Metallicize"],"picked":"SKIP","floor":22.0},{"not_picked":["Burning Pact","Heavy Blade","Cleave"],"picked":"SKIP","floor":27.0},{"not_picked":["Bludgeon","Dark Embrace"],"picked":"Reaper","floor":33.0},{"not_picked":["Uppercut+1","Iron Wave+1","Pommel Strike+1"],"picked":"SKIP","floor":35.0},{"not_picked":["Headbutt+1","Wild Strike","Twin Strike+1"],"picked":"SKIP","floor":37.0},{"not_picked":["Anger","Rupture","Iron Wave+1"],"picked":"SKIP","floor":38.0},{"not_picked":["Dark Embrace","Uppercut","Sword Boomerang"],"picked":"SKIP","floor":41.0},{"not_picked":["Iron Wave","Sever Soul+1","Warcry+1"],"picked":"SKIP","floor":44.0},{"not_picked":["Infernal Blade","Headbutt","Heavy Blade+1"],"picked":"SKIP","floor":46.0},{"not_picked":["Hemokinesis+1","Rupture+1","Barricade"],"picked":"SKIP","floor":48.0},{"not_picked":["Hemokinesis+1","Rupture+1","Barricade"],"picked":"SKIP","floor":48.0}],"player_experience":942517,"relics_obtained":[{"floor":2.0,"key":"Art of War"},{"floor":7.0,"key":"Whetstone"},{"floor":9.0,"key":"Mercury Hourglass"},{"floor":10.0,"key":"Dead Branch"},{"floor":21.0,"key":"Bottled Tornado"},{"floor":26.0,"key":"Lantern"},{"floor":41.0,"key":"Mummified Hand"},{"floor":48.0,"key":"Red Skull"}],"event_choices":[{"damage_healed":0.0,"max_hp_gain":5.0,"max_hp_loss":0.0,"gold_gain":0.0,"event_name":"Big Fish","player_choice":"Donut","floor":3.0,"gold_loss":0.0,"damage_taken":0.0},{"damage_healed":0.0,"max_hp_gain":0.0,"max_hp_loss":0.0,"gold_gain":0.0,"event_name":"Shining Light","player_choice":"Ignored","floor":11.0,"gold_loss":0.0,"damage_taken":0.0},{"damage_healed":0.0,"max_hp_gain":0.0,"max_hp_loss":0.0,"gold_gain":0.0,"event_name":"Match and Keep!","player_choice":"1 cards matched","floor":12.0,"gold_loss":0.0,"damage_taken":0.0,"cards_obtained":["Flash of Steel"]},{"damage_healed":4.0,"max_hp_gain":0.0,"max_hp_loss":0.0,"gold_gain":0.0,"event_name":"Wheel of Change","player_choice":"Full Heal","floor":20.0,"gold_loss":0.0,"damage_taken":0.0},{"damage_healed":0.0,"max_hp_gain":0.0,"max_hp_loss":0.0,"gold_gain":0.0,"event_name":"Vampires","player_choice":"Ignored","floor":31.0,"gold_loss":0.0,"damage_taken":0.0},{"damage_healed":21.0,"max_hp_gain":0.0,"max_hp_loss":0.0,"gold_gain":0.0,"event_name":"Winding Halls","player_choice":"Writhe","floor":36.0,"gold_loss":0.0,"damage_taken":0.0,"cards_obtained":["Writhe"]},{"cards_removed":["Writhe"],"damage_healed":0.0,"max_hp_gain":0.0,"max_hp_loss":0.0,"gold_gain":0.0,"event_name":"Bonfire Elementals","player_choice":"Offered Curse","floor":45.0,"gold_loss":0.0,"damage_taken":0.0,"relics_obtained":["Spirit Poop"]}],"is_beta":true,"boss_relics":[{"not_picked":["Orrery","Runic Cube"],"picked":"Ectoplasm"},{"not_picked":["Empty Cage","Coffee Dripper"],"picked":"Cursed Key"}],"items_purged_floors":[24],"is_endless":false,"potions_floor_spawned":[1,5,18,33,38,44,46],"killed_by":"Awakened One","ascension_level":9}