{"gold_per_floor":[209,209,209,220,220,220,247,359,434,434,210,210,245,192,192,289,289,306,206,222,232,243,243,343,353,353,353,353,372,386,45,45,143,363,382,382,401,78,78,78,78,94,94,107,125,143,143,193,193,205],"floor_reached":51,"playtime":1212,"items_purged":["Strike_R","Strike_R","Strike_R"],"score":978,"play_id":"3aee2d0a-f83a-47d9-ba9c-93bf94a829f4","local_time":"20190422024106","is_ascension_mode":true,"campfire_choices":[{"data":"Bash","floor":6,"key":"SMITH"},{"data":"Defend_R","floor":10,"key":"SMITH"},{"data":"Defend_R","floor":12,"key":"SMITH"},{"data":"Strike_R","floor":15,"key":"SMITH"},{"data":"Limit Break","floor":23,"key":"SMITH"},{"data":"Flex","floor":27,"key":"SMITH"},{"floor":32,"key":"REST"},{"floor":40,"key":"REST"},{"floor":49,"key":"REST"}],"neow_cost":"NONE","seed_source_timestamp":5309745936058431,"circlet_count":0,"master_deck":["Strike_R+1","Defend_R","Defend_R+1","Defend_R+1","Injury","Whirlwind+1","Sword Boomerang+1","Sword Boomerang+1","Limit Break+1","Flex+1","Sword Boomerang+1","Uppercut+1","Anger+1","strawberrySpire:Spite+1","Twin Strike+1","Sword Boomerang+1","strawberrySpire:Beatdown+1","Shrug It Off+1","Finesse","ReplayTheSpireMod:Stacked+1","Bandage Up","Voices"],"relics":["Burning Blood","NeowsBlessing","Replay:Towering Pillar of Hats","Molten Egg 2","Du-Vu Doll","hubris:BottledRain","hubris:MobiusCoin","SnailShell","Replay:Rubber Ducky","Lizard Tail","Bird Faced Urn","Bottled Flame","infinitespire:EmpoweringShard","Bag of Marbles","Empty Cage","hubris:MysteriousPyramids","strawberrySpire:DirtyLipstick","Ring of Greed","infinitespire:Midas Blood","Smiling Mask","Ring of Panic"],"potions_floor_usage":[24,25,33,33],"damage_taken":[{"damage":0,"enemies":"2 Louse","floor":1,"turns":1},{"damage":0,"enemies":"Small Slimes","floor":4,"turns":1},{"damage":0,"enemies":"3 Sentries","floor":7,"turns":1},{"damage":0,"enemies":"Cultist","floor":8,"turns":2},{"damage":3,"enemies":"Gremlin Nob","floor":13,"turns":3},{"damage":20,"enemies":"Slime Boss","floor":16,"turns":7},{"damage":5,"enemies":"3 Byrds","floor":18,"turns":4},{"damage":7,"enemies":"Chosen","floor":20,"turns":2},{"damage":26,"enemies":"Centurion and Healer","floor":21,"turns":5},{"damage":10,"enemies":"Chosen and Byrds","floor":22,"turns":5},{"damage":22,"enemies":"Colosseum Slavers","floor":24,"turns":4},{"damage":15,"enemies":"Colosseum Nobs","floor":24,"turns":3},{"damage":34,"enemies":"Shelled Parasite and Fungi","floor":25,"turns":4},{"damage":18,"enemies":"Cultist and Chosen","floor":29,"turns":4},{"damage":1,"enemies":"Chosen and Byrds","floor":30,"turns":3},{"damage":52,"enemies":"conspire:MysteriousRune","floor":33,"turns":7},{"damage":7,"enemies":"Orb Walker","floor":35,"turns":3},{"damage":43,"enemies":"3 Shapes","floor":37,"turns":5},{"damage":0,"enemies":"Transient","floor":42,"turns":5},{"damage":28,"enemies":"4 Shapes","floor":44,"turns":4},{"damage":7,"enemies":"3 Darklings","floor":45,"turns":3},{"damage":8,"enemies":"Maw","floor":46,"turns":5},{"damage":40,"enemies":"hubris:GrandSnecko","floor":50,"turns":8}],"seed_played":"-7180870521877943897","potions_obtained":[{"floor":8,"key":"Reflective Coating"},{"floor":16,"key":"PowerPotion"},{"floor":18,"key":"GamblersBrew"},{"floor":24,"key":"Dexterity Potion"},{"floor":30,"key":"Flashbang"},{"floor":35,"key":"PowerPotion"},{"floor":41,"key":"Poison Potion"}],"is_trial":false,"path_per_floor":["M","?","?","M","?","R","E","M","T","R","$","R","E","$","R","B",null,"M","$","M","M","M","R","?","M","T","R","?","M","M","$","R","B",null,"M","?","M","$","?","R","?","M","T","M","M","M","?","?","R","B",null],"character_chosen":"IRONCLAD","items_purchased":["SnailShell","Sword Boomerang+1","Bag of Marbles","Regen Potion","hubris:MysteriousPyramids","Finesse"],"campfire_rested":3,"item_purchase_floors":[11,14,31,31,38,38],"current_hp_per_floor":[78,78,78,80,80,80,80,80,80,80,80,80,80,80,80,66,77,78,78,77,57,53,53,28,46,46,46,38,26,31,31,55,24,66,65,65,28,28,28,52,52,58,58,36,35,33,33,33,57,25],"gold":205,"neow_bonus":"THREE_ENEMY_KILL","is_prod":false,"is_daily":false,"chose_seed":false,"campfire_upgraded":6,"win_rate":0,"timestamp":1555915266,"path_taken":["M","?","?","M","?","R","E","?","T","R","$","R","E","$","R","BOSS","M","$","?","M","?","R","?","M","T","R","?","?","M","$","R","BOSS","M","?","M","$","?","R","?","M","T","?","M","M","?","?","R","BOSS"],"build_version":"2019-01-23","purchased_purges":3,"victory":true,"max_hp_per_floor":[80,80,80,80,80,80,80,80,80,80,80,80,80,80,80,80,80,80,80,80,80,80,80,80,80,80,80,80,80,80,80,80,80,80,80,80,80,80,80,80,80,80,80,80,80,80,80,80,80,80],"card_choices":[{"not_picked":["Cleave","strawberrySpire:ZonePlayer"],"picked":"Shrug It Off","floor":1},{"not_picked":["Shrug It Off","Entrench"],"picked":"Whirlwind+1","floor":4},{"not_picked":["Seeing Red","Sentinel"],"picked":"Sword Boomerang+1","floor":7},{"not_picked":["strawberrySpire:DebrisPile","Abandon","strawberrySpire:ZonePlayer+1"],"picked":"SKIP","floor":8},{"not_picked":["conspire:Charge+1","strawberrySpire:DraftPunk","Power Through"],"picked":"SKIP","floor":13},{"not_picked":["strawberrySpire:Beatdown+1","Replay:Many Hands"],"picked":"Limit Break","floor":16},{"not_picked":["strawberrySpire:ZonePlayer+1","Shrug It Off"],"picked":"Flex","floor":18},{"not_picked":["Cleave+1","Massacre+1"],"picked":"Sword Boomerang+1","floor":20},{"not_picked":["Flex","True Grit+1","Uppercut+1"],"picked":"SKIP","floor":21},{"not_picked":["Flex","True Grit+1"],"picked":"Uppercut+1","floor":21},{"not_picked":["strawberrySpire:PowerStomp+1","Berserk"],"picked":"Anger+1","floor":22},{"not_picked":["Shrug It Off","Flame Barrier"],"picked":"strawberrySpire:Spite+1","floor":24},{"not_picked":["Pummel+1","strawberrySpire:FireDrill+1"],"picked":"Twin Strike+1","floor":25},{"not_picked":["Thunderclap+1","Whirlwind+1","Cleave+1"],"picked":"SKIP","floor":29},{"not_picked":["Perfected Strike+1","Anger+1"],"picked":"Sword Boomerang+1","floor":30},{"not_picked":["conspire:Purge","Impervious"],"picked":"strawberrySpire:Beatdown+1","floor":33},{"not_picked":["strawberrySpire:ZonePlayer+1","Twin Strike+1"],"picked":"Shrug It Off+1","floor":35},{"not_picked":["Pommel Strike+1","Sword Boomerang+1","strawberrySpire:Endurance+1"],"picked":"SKIP","floor":37},{"not_picked":["Flame Barrier","Headbutt+1","Burning Pact+1"],"picked":"SKIP","floor":42},{"not_picked":["Searing Blow+1","Spot Weakness","hubris:ReadiedAction+1"],"picked":"SKIP","floor":44},{"not_picked":["Flame Barrier","ReplayTheSpireMod:Muscle Training"],"picked":"ReplayTheSpireMod:Stacked+1","floor":45},{"not_picked":["Abandon","conspire:ExplosiveBarrier","Defy Death+1"],"picked":"SKIP","floor":46},{"not_picked":["strawberrySpire:Flashback","Panache"],"picked":"Bandage Up","floor":47}],"player_experience":743811,"relics_obtained":[{"floor":2,"key":"Replay:Towering Pillar of Hats"},{"floor":7,"key":"hubris:BottledRain"},{"floor":9,"key":"hubris:MobiusCoin"},{"floor":13,"key":"Replay:Rubber Ducky"},{"floor":24,"key":"Bird Faced Urn"},{"floor":24,"key":"Bottled Flame"},{"floor":26,"key":"infinitespire:EmpoweringShard"},{"floor":43,"key":"strawberrySpire:DirtyLipstick"},{"floor":48,"key":"Ring of Greed"},{"floor":48,"key":"infinitespire:Midas Blood"},{"floor":48,"key":"Smiling Mask"},{"floor":48,"key":"Ring of Panic"}],"event_choices":[{"cards_removed":["Shrug It Off"],"damage_healed":0,"gold_gain":0,"player_choice":"Gave Card","damage_taken":0,"relics_obtained":["Du-Vu Doll"],"max_hp_gain":0,"max_hp_loss":0,"event_name":"WeMeetAgain","floor":5,"gold_loss":0},{"damage_healed":0,"gold_gain":0,"player_choice":"Fight","damage_taken":0,"max_hp_gain":0,"max_hp_loss":0,"event_name":"Colosseum","floor":24,"gold_loss":0},{"damage_healed":0,"gold_gain":0,"player_choice":"Fought Nobs","damage_taken":0,"max_hp_gain":0,"max_hp_loss":0,"event_name":"Colosseum","floor":24,"gold_loss":0},{"damage_healed":0,"gold_gain":0,"player_choice":"","damage_taken":8,"max_hp_gain":0,"max_hp_loss":0,"event_name":"Knowing Skull","floor":28,"potions_obtained":[],"gold_loss":0,"cards_obtained":[]},{"cards_removed":["Bash"],"damage_healed":0,"gold_gain":0,"player_choice":"Removed Attack","damage_taken":0,"max_hp_gain":0,"max_hp_loss":0,"event_name":"Falling","floor":36,"gold_loss":0},{"damage_healed":0,"gold_gain":0,"player_choice":"Got Potions","damage_taken":0,"max_hp_gain":0,"max_hp_loss":0,"event_name":"Lab","floor":41,"gold_loss":0},{"damage_healed":0,"gold_gain":0,"player_choice":"Memory 1","damage_taken":0,"max_hp_gain":0,"max_hp_loss":0,"event_name":"SensoryStone","floor":47,"gold_loss":0}],"is_beta":false,"boss_relics":[{"not_picked":["Tiny House","Ectoplasm"],"picked":"Lizard Tail"},{"not_picked":["hubris:GrandSneckoEye","Ring of Chaos"],"picked":"Empty Cage"}],"items_purged_floors":[11,19,31],"is_endless":false,"potions_floor_spawned":[8,16,18,24,24,30,35,42],"ascension_level":7}