{"path_per_floor":["M","?","M","M","M","R","M","M","T","$","M","?","$","M","R","B",null,"M","M","?","M","M","R","E","M","T","?","R","M","?","M","R","B",null,"M","?","M","$","M","R","M","M","T","$","M","M","R","?","R"],"character_chosen":"IRONCLAD","items_purchased":["AttackPotion","Sword Boomerang","Oddly Smooth Stone"],"gold_per_floor":[16,16,32,51,64,64,77,94,94,94,113,113,113,123,123,227,227,241,252,252,270,281,281,315,335,335,260,260,278,311,326,326,428,428,441,663,679,553,566,566,576,592,592,299,317,328,328,428,428,428],"floor_reached":50,"campfire_rested":2,"playtime":1498,"item_purchase_floors":[38,44,44],"current_hp_per_floor":[95,88,83,89,82,82,86,79,89,89,95,88,88,79,79,8,106,90,92,92,58,42,42,24,13,13,13,59,51,57,59,59,17,106,77,77,83,83,88,88,90,56,56,56,45,47,47,47,92,0],"items_purged":["Parasite","Injury"],"gold":428,"score":489,"play_id":"40ba15d9-11c4-4ca7-a511-4548564ca618","local_time":"20180519175509","is_prod":false,"is_daily":false,"chose_seed":false,"is_ascension_mode":false,"campfire_upgraded":3,"timestamp":1526766909,"campfire_choices":[{"data":"Perfected Strike","floor":6,"key":"SMITH"},{"data":"Perfected Strike","floor":15,"key":"SMITH"},{"data":"1","floor":23,"key":"LIFT"},{"floor":28,"key":"REST"},{"data":"2","floor":32,"key":"LIFT"},{"data":"3","floor":40,"key":"LIFT"},{"data":"Flex","floor":47,"key":"SMITH"},{"floor":49,"key":"REST"}],"path_taken":["M","?","M","M","M","R","M","M","T","?","M","?","?","M","R","BOSS","M","M","?","M","M","R","E","M","T","?","R","M","?","M","R","BOSS","M","?","?","$","M","R","M","?","T","$","M","M","R","?","R","BOSS"],"build_version":"2018-05-18","seed_source_timestamp":1541928766353970,"purchased_purges":2,"victory":false,"master_deck":["Strike_R+1","Strike_R+1","Strike_R+1","Strike_R+1","Strike_R+1","Defend_R+1","Defend_R+1","Defend_R+1","Bash","Thunderclap","Sword Boomerang","Perfected Strike+1","Perfected Strike+1","Shrug It Off","Flex","Offering","Anger","Whirlwind+1","Flex+1","Rage","Flex+1","Sword Boomerang","Double Tap","True Grit+1","Armaments+1","Headbutt+1","Sword Boomerang","Reaper","Cleave+1"],"max_hp_per_floor":[96,96,96,96,96,96,96,96,106,106,106,106,106,106,106,106,106,106,106,106,106,106,106,106,106,106,106,106,106,106,106,106,106,106,106,106,106,103,103,103,103,103,103,103,103,103,103,103,103,103],"relics":["Burning Blood","Pen Nib","Pear","Calling Bell","Regal Pillow","Pantograph","Girya","Anchor","Matryoshka","Red Mask","Cursed Key","Oddly Smooth Stone"],"card_choices":[{"not_picked":["Clash","Hemokinesis"],"picked":"Thunderclap","floor":1},{"not_picked":["Entrench","Thunderclap","Fire Breathing"],"picked":"SKIP","floor":3},{"not_picked":["Shockwave","Pommel Strike"],"picked":"Sword Boomerang","floor":4},{"not_picked":["Entrench","Reckless Charge"],"picked":"Perfected Strike","floor":5},{"not_picked":["Shrug It Off","Corruption"],"picked":"Perfected Strike","floor":7},{"not_picked":["Carnage","Body Slam"],"picked":"Shrug It Off","floor":8},{"not_picked":["Clash","True Grit"],"picked":"Flex","floor":11},{"not_picked":["Body Slam","Sever Soul","Havoc"],"picked":"SKIP","floor":14},{"not_picked":["Juggernaut","Brutality"],"picked":"Offering","floor":16},{"not_picked":["Wild Strike+1","Thunderclap"],"picked":"Anger","floor":18},{"not_picked":["Flex","Flame Barrier"],"picked":"Whirlwind+1","floor":19},{"not_picked":["Spot Weakness+1","Heavy Blade","Twin Strike"],"picked":"SKIP","floor":21},{"not_picked":["Rampage","Sentinel"],"picked":"Flex","floor":22},{"not_picked":["Shockwave+1","Barricade"],"picked":"Rage","floor":24},{"not_picked":["Iron Wave","Anger+1","Hemokinesis"],"picked":"SKIP","floor":25},{"not_picked":["Warcry","Headbutt+1"],"picked":"Flex+1","floor":29},{"not_picked":["Power Through","Disarm+1"],"picked":"Sword Boomerang","floor":31},{"not_picked":["Exhume","Barricade"],"picked":"Double Tap","floor":33},{"not_picked":["Iron Wave","Warcry+1"],"picked":"True Grit+1","floor":35},{"not_picked":["Rage+1","Heavy Blade"],"picked":"Armaments+1","floor":37},{"not_picked":["Dual Wield+1","Corruption","Searing Blow+1"],"picked":"SKIP","floor":39},{"not_picked":["True Grit","Power Through+1"],"picked":"Headbutt+1","floor":41},{"not_picked":["Flex","Clothesline+1","Pommel Strike"],"picked":"SKIP","floor":42},{"not_picked":["Perfected Strike","Corruption+1"],"picked":"Reaper","floor":45},{"not_picked":["Evolve+1","Clothesline"],"picked":"Cleave+1","floor":46}],"player_experience":471008,"potions_floor_usage":[14,16,18,24,33,33,33,45,50,50],"damage_taken":[{"damage":7,"enemies":"Small Slimes","floor":1,"turns":5},{"damage":11,"enemies":"Jaw Worm","floor":3,"turns":3},{"damage":0,"enemies":"2 Louse","floor":4,"turns":2},{"damage":13,"enemies":"2 Fungi Beasts","floor":5,"turns":3},{"damage":2,"enemies":"Blue Slaver","floor":7,"turns":2},{"damage":13,"enemies":"Exordium Wildlife","floor":8,"turns":4},{"damage":0,"enemies":"2 Fungi Beasts","floor":11,"turns":3},{"damage":15,"enemies":"Large Slime","floor":14,"turns":3},{"damage":77,"enemies":"Hexaghost","floor":16,"turns":8},{"damage":22,"enemies":"3 Byrds","floor":18,"turns":5},{"damage":4,"enemies":"Chosen","floor":19,"turns":3},{"damage":40,"enemies":"Snake Plant","floor":21,"turns":4},{"damage":22,"enemies":"Centurion and Healer","floor":22,"turns":3},{"damage":34,"enemies":"Book of Stabbing","floor":24,"turns":3},{"damage":17,"enemies":"Chosen and Byrds","floor":25,"turns":4},{"damage":14,"enemies":"Sentry and Sphere","floor":29,"turns":5},{"damage":0,"enemies":"Masked Bandits","floor":30,"turns":2},{"damage":4,"enemies":"Snecko","floor":31,"turns":2},{"damage":73,"enemies":"Automaton","floor":33,"turns":10},{"damage":35,"enemies":"Flame Bruiser 1 Orb","floor":35,"turns":3},{"damage":0,"enemies":"Orb Walker","floor":37,"turns":2},{"damage":1,"enemies":"Flame Bruiser 2 Orb","floor":39,"turns":3},{"damage":4,"enemies":"Spire Growth","floor":41,"turns":2},{"damage":40,"enemies":"Maw","floor":42,"turns":6},{"damage":17,"enemies":"3 Darklings","floor":45,"turns":4},{"damage":4,"enemies":"Flame Bruiser 2 Orb","floor":46,"turns":3},{"damage":115,"enemies":"Donu and Deca","floor":50,"turns":5}],"relics_obtained":[{"floor":9,"key":"Pear"},{"floor":17,"key":"Regal Pillow"},{"floor":17,"key":"Pantograph"},{"floor":17,"key":"Girya"},{"floor":24,"key":"Anchor"},{"floor":26,"key":"Matryoshka"},{"floor":30,"key":"Red Mask"}],"event_choices":[{"event_name":"Scrap Ooze","player_choice":"success","floor":2,"damage_taken":7},{"event_name":"Golden Wing","player_choice":"Card Removal","floor":12,"damage_taken":0},{"event_name":"Back to Basics","player_choice":"Simplicity","floor":20,"damage_taken":0},{"event_name":"Beggar","player_choice":"Gave Gold","floor":27,"damage_taken":0},{"event_name":"Masked Bandits","player_choice":"Fought over 278 gold","floor":30,"damage_taken":0},{"event_name":"Tomb of Lord Red Mask","player_choice":"Wore Mask","floor":36,"damage_taken":0},{"event_name":"Golden Shrine","player_choice":"Pray","floor":48,"damage_taken":0}],"boss_relics":[{"not_picked":["Sozu","Pandora\u0027s Box"],"picked":"Calling Bell"},{"not_picked":["Eternal Feather","Velvet Choker"],"picked":"Cursed Key"}],"items_purged_floors":[38,44],"potions_floor_spawned":[3,4,7,16,21,22,25,31,35,37,41,42],"seed_played":"-4414317504204568809","killed_by":"Donu and Deca","ascension_level":0,"potions_obtained":[{"floor":3,"key":"Energy Potion"},{"floor":4,"key":"Explosive Potion"},{"floor":7,"key":"Fire Potion"},{"floor":16,"key":"BloodPotion"},{"floor":21,"key":"Swift Potion"},{"floor":22,"key":"Strength Potion"},{"floor":25,"key":"SpeedPotion"},{"floor":35,"key":"EssenceOfSteel"},{"floor":37,"key":"Regen Potion"}],"is_trial":false}