{"path_per_floor":["M","?","?","M","?","E","R","$","T","M","R","M","M","M","R","B",null,"M","$","M","$","?","R","?","M","T","R","M","?","M","$","R"],"character_chosen":"DEFECT","items_purchased":["White Noise","Conserve Battery","Bandage Up","Bag of Marbles","Defragment"],"gold_per_floor":[114,194,194,208,208,240,240,168,240,260,260,275,293,313,313,408,408,421,24,36,36,36,36,36,52,52,52,65,65,85,17,17,17],"floor_reached":33,"campfire_rested":3,"playtime":1103,"current_hp_per_floor":[74,74,79,68,52,28,28,28,28,28,28,22,15,15,39,22,80,57,57,55,55,55,55,55,30,30,54,44,44,14,14,38,0],"items_purged":["Hologram"],"gold":17,"score":247,"play_id":"36b48bab-12ca-41ff-b588-62d370fa66f3","local_time":"20180428202713","is_prod":false,"is_daily":false,"chose_seed":false,"is_ascension_mode":false,"campfire_upgraded":2,"timestamp":1524961633,"path_taken":["M","?","?","M","?","E","R","$","T","M","R","M","?","M","R","BOSS","M","$","M","$","?","R","?","M","T","R","M","?","M","?","R","BOSS"],"build_version":"2018-04-27v3","seed_source_timestamp":2406697295448883,"purchased_purges":1,"victory":false,"master_deck":["Zap","Dualcast","Rebound+1","Ball Lightning+1","Static Discharge+1","Streamline","Chill","Creative AI","White Noise+1","Chill","Hello World","Tempest","Coolheaded","Nova+1","Stack","Hologram","Hologram","Cold Snap+1","Conserve Battery","Bandage Up","Recycle","Stack","Prime","Defragment"],"max_hp_per_floor":[75,75,80,80,80,80,80,80,80,80,80,80,80,80,80,80,80,80,80,80,80,80,80,80,80,80,80,80,80,80,80,80,80],"relics":["Astrolabe","Peace Pipe","Darkstone Periapt","Pandora\u0027s Box","Bag of Marbles","Oddly Smooth Stone","Toolbox"],"card_choices":[{"not_picked":["Beam Cell","Genetic Algorithm"],"picked":"Streamline","floor":1},{"not_picked":["Leap","Beam Cell"],"picked":"Chill","floor":4},{"not_picked":["Seek","Self Repair"],"picked":"Creative AI","floor":6},{"not_picked":["Skim","Beam Cell"],"picked":"Chill","floor":10},{"not_picked":["Barrage","Turbo"],"picked":"Hello World","floor":12},{"not_picked":["Impulse","Axe Kick"],"picked":"Tempest","floor":13},{"not_picked":["Scrape","Axe Kick"],"picked":"Coolheaded","floor":14},{"not_picked":["Redo","Machine Learning"],"picked":"Nova","floor":16},{"not_picked":["Coolheaded","Streamline"],"picked":"Cold Snap","floor":18},{"not_picked":["Blaster","Beam Cell"],"picked":"Recycle","floor":20},{"not_picked":["Turbo","Skim"],"picked":"Stack","floor":25},{"not_picked":["Turbo","Sweeping Beam"],"picked":"Prime","floor":28}],"player_experience":410602,"potions_floor_usage":[13,16],"damage_taken":[{"damage":1,"enemies":"2 Louse","floor":1,"turns":2},{"damage":11,"enemies":"Jaw Worm","floor":4,"turns":2},{"damage":24,"enemies":"Lagavulin","floor":6,"turns":4},{"damage":0,"enemies":"Cultist","floor":10,"turns":4},{"damage":6,"enemies":"Large Slime","floor":12,"turns":5},{"damage":7,"enemies":"Exordium Thugs","floor":13,"turns":4},{"damage":0,"enemies":"Blue Slaver","floor":14,"turns":2},{"damage":17,"enemies":"Slime Boss","floor":16,"turns":7},{"damage":23,"enemies":"Shell Parasite","floor":18,"turns":4},{"damage":6,"enemies":"3 Byrds","floor":20,"turns":5},{"damage":29,"enemies":"Cultist and Chosen","floor":25,"turns":7},{"damage":14,"enemies":"Centurion and Healer","floor":28,"turns":5},{"damage":34,"enemies":"Snecko","floor":30,"turns":6},{"damage":50,"enemies":"Collector","floor":33,"turns":5}],"event_choices":[{"event_name":"Golden Wing","player_choice":"Gained Gold","floor":2,"damage_taken":0},{"event_name":"Big Fish","player_choice":"Donut","floor":3,"damage_taken":0},{"event_name":"Shining Light","player_choice":"Entered Light","floor":5,"damage_taken":0},{"event_name":"The Mausoleum","player_choice":"Yes","floor":22,"damage_taken":0},{"event_name":"Ghosts","player_choice":"Ignored","floor":24,"damage_taken":0},{"event_name":"Drug Dealer","player_choice":"Ignored","floor":29,"damage_taken":0}],"boss_relics":[{"not_picked":["Lizard Tail","Inserter"],"picked":"Pandora\u0027s Box"}],"potions_floor_spawned":[6,10,14,20,30],"seed_played":"8347016965420891212","killed_by":"Collector","ascension_level":0,"is_trial":false}