{"path_per_floor":["M","M","?","M","?","E","R","?","T","?","M","E","M","E","R","B",null,"M","?","M","M","$","E","R","?","T","R","?","E","R","M","R","B",null,"M","M","M","$","M"],"character_chosen":"IRONCLAD","items_purchased":["Metallicize","Panacea","Metallicize","Panache"],"gold_per_floor":[110,130,130,146,96,128,128,128,128,128,139,168,179,207,207,311,311,323,238,250,265,11,37,37,37,63,63,63,97,97,113,113,211,211,223,241,259,34,53,53],"floor_reached":40,"campfire_rested":0,"playtime":5319,"current_hp_per_floor":[70,68,68,72,72,65,65,65,65,58,52,36,36,41,41,32,72,58,58,57,66,66,49,49,49,49,49,49,49,49,56,56,44,72,51,57,47,47,50,0],"items_purged":["Defend_R"],"gold":53,"score":446,"play_id":"139951db-794f-4d34-8ea1-e47795ce6e61","local_time":"20180404114459","is_prod":false,"is_daily":false,"is_ascension_mode":false,"campfire_upgraded":6,"timestamp":1522867499,"path_taken":["M","M","?","M","?","E","R","?","T","?","?","E","M","E","R","BOSS","M","?","M","M","$","E","R","?","T","R","?","E","R","M","R","BOSS","M","M","M","$","M","E"],"build_version":"2018-03-29v2","purchased_purges":1,"victory":false,"master_deck":["Bash","Flame Barrier","Body Slam","Inflame+1","Anger+1","Reaper","Heavy Blade+1","Bludgeon","Dropkick","Flex+1","Perfected Strike","Dark Embrace","Demon Form","Shrug It Off+1","Dual Wield","Double Tap+1","Metallicize","Panacea","Pommel Strike+1","Feed+1","Heavy Blade","Limit Break","Dropkick+1","Feed+1","Carnage+1","Anger","Infernal Blade+1","Clash+1","Metallicize","Panache","Heavy Blade+1"],"max_hp_per_floor":[72,72,72,72,72,72,72,72,72,72,72,72,72,72,72,72,72,72,72,72,72,72,72,72,72,72,72,72,72,72,72,72,72,72,72,72,72,72,80,80],"relics":["Burning Blood","Oddly Smooth Stone","Dodecahedron","Pantograph","Meat on the Bone","Velvet Choker","Mummified Hand","Sundial","Anchor","Nloth\u0027s Gift","Vajra","Astrolabe"],"card_choices":[{"not_picked":["Sword Boomerang","Reaper"],"picked":"Inflame","floor":1},{"not_picked":["Twin Strike","Pommel Strike"],"picked":"Anger","floor":2},{"not_picked":["Fire Breathing","Offering"],"picked":"Heavy Blade","floor":4},{"not_picked":["Pummel","Body Slam"],"picked":"Bludgeon","floor":6},{"not_picked":["Body Slam","True Grit"],"picked":"Dropkick","floor":11},{"not_picked":["Twin Strike","Carnage"],"picked":"Flex","floor":12},{"not_picked":["True Grit","Intimidate"],"picked":"Perfected Strike","floor":13},{"not_picked":["Rupture","Carnage"],"picked":"Dark Embrace","floor":14},{"not_picked":["Dark Embrace","Juggernaut"],"picked":"Demon Form","floor":16},{"not_picked":["Body Slam","Intimidate"],"picked":"Shrug It Off","floor":18},{"not_picked":["Intimidate","Armaments"],"picked":"Dual Wield","floor":20},{"not_picked":["Body Slam","Ghostly Armor"],"picked":"Double Tap","floor":21},{"not_picked":["Ghostly Armor","Power Through"],"picked":"Pommel Strike","floor":23},{"not_picked":["Clothesline","Clash"],"picked":"Feed","floor":29},{"not_picked":["Ghostly Armor","True Grit"],"picked":"Heavy Blade","floor":31},{"not_picked":["Reaper","Double Tap"],"picked":"Limit Break","floor":33},{"not_picked":["Cleave","Dropkick"],"picked":"Anger","floor":35},{"not_picked":["Body Slam","Thunderclap"],"picked":"Infernal Blade","floor":36},{"not_picked":["Flex","Twin Strike"],"picked":"Clash","floor":37},{"not_picked":["Brutality","Pommel Strike"],"picked":"Heavy Blade","floor":39}],"player_experience":37130,"potions_floor_usage":[6,12,14,21,21,31,33,33,39,39],"damage_taken":[{"damage":8,"enemies":"Small Slimes","floor":1,"turns":4},{"damage":8,"enemies":"Jaw Worm","floor":2,"turns":5},{"damage":0,"enemies":"Cultist","floor":4,"turns":3},{"damage":25,"enemies":"3 Sentries","floor":6,"turns":9},{"damage":12,"enemies":"3 Louse","floor":11,"turns":3},{"damage":30,"enemies":"Lagavulin","floor":12,"turns":6},{"damage":12,"enemies":"Blue Slaver","floor":13,"turns":2},{"damage":16,"enemies":"Gremlin Nob","floor":14,"turns":4},{"damage":58,"enemies":"Slime Boss","floor":16,"turns":8},{"damage":20,"enemies":"Spheric Guardian","floor":18,"turns":4},{"damage":20,"enemies":"2 Thieves","floor":20,"turns":4},{"damage":2,"enemies":"Snake Plant","floor":21,"turns":5},{"damage":51,"enemies":"Book of Stabbing","floor":23,"turns":4},{"damage":20,"enemies":"Slavers","floor":29,"turns":4},{"damage":10,"enemies":"Cultist and Chosen","floor":31,"turns":4},{"damage":34,"enemies":"Automaton","floor":33,"turns":7},{"damage":27,"enemies":"3 Darklings","floor":35,"turns":6},{"damage":0,"enemies":"Orb Walker","floor":36,"turns":2},{"damage":16,"enemies":"3 Darklings","floor":37,"turns":3},{"damage":11,"enemies":"4 Shapes","floor":39,"turns":3},{"damage":71,"enemies":"2 Orb Walkers","floor":40,"turns":3}],"event_choices":[{"event_name":"Living Wall","player_choice":"Change","floor":3,"damage_taken":0},{"event_name":"The Cleric","player_choice":"Card Removal","floor":5,"damage_taken":0},{"event_name":"Big Fish","player_choice":"Box","floor":8,"damage_taken":0},{"event_name":"Golden Wing","player_choice":"Card Removal","floor":10,"damage_taken":0},{"event_name":"Addict","player_choice":"Obtained Relic","floor":19,"damage_taken":0},{"event_name":"Back to Basics","player_choice":"Elegance","floor":25,"damage_taken":0},{"event_name":"N\u0027loth","player_choice":"Traded a Toolbox","floor":28,"damage_taken":0}],"boss_relics":[{"not_picked":["Black Blood","Runic Dome"],"picked":"Velvet Choker"},{"not_picked":["White Beast Statue","Philosopher\u0027s Stone"],"picked":"Astrolabe"}],"potions_floor_spawned":[2,4,6,16,20,21,23,31,35,37],"seed_played":"-2385618469414658072","killed_by":"2 Orb Walkers","ascension_level":0,"is_trial":false}