{"path_per_floor":["M","M","M","M","$","R","E","R","T","R","M","M","R","M","R"],"character_chosen":"THE_SILENT","items_purchased":["Caltrops"],"gold_per_floor":[119,131,141,156,89,89,123,123,147,147,162,172,172,189,189],"floor_reached":16,"campfire_rested":4,"playtime":1002,"current_hp_per_floor":[64,64,52,52,52,52,26,47,47,68,55,37,58,58,70],"items_purged":[],"gold":189,"score":104,"play_id":"2bf713c5-d85d-4be0-835a-dbb179c8c3f5","is_prod":false,"is_daily":false,"is_ascension_mode":false,"campfire_upgraded":1,"path_taken":["M","M","M","M","$","R","E","R","T","R","M","M","R","?","R","BOSS"],"build_version":"2018-02-12-PROD1","purchased_purges":0,"victory":false,"master_deck":["Defend_G","Defend_G","Defend_G","Defend_G","Defend_G","Strike_G","Strike_G","Strike_G","Strike_G","Strike_G","Survivor","Neutralize","Deflect","All Out Attack","Dash","Dagger Throw","Skewer","Riddle With Holes","Wraith Form","Dagger Spray","Heel Hook","Caltrops+1","Riddle With Holes","Flying Knee","Escape Plan","Bouncing Flask"],"max_hp_per_floor":[70,70,70,70,70,70,70,70,70,70,70,70,70,70,70],"relics":["Orrery","Snake Skull","Ancient Tea Set"],"card_choices":[{"not_picked":["Burst","Prepared"],"picked":"Deflect"},{"not_picked":["Quick Slash","Outmaneuver"],"picked":"All Out Attack"},{"not_picked":["Flechettes","Noxious Fumes"],"picked":"Dash"},{"not_picked":["Poisoned Stab","Outmaneuver"],"picked":"Dagger Throw"},{"not_picked":["Dash","Calculated Gamble"],"picked":"Skewer"},{"not_picked":["Dagger Throw","Catalyst"],"picked":"Riddle With Holes"},{"not_picked":["Acrobatics","Outmaneuver"],"picked":"Wraith Form"},{"not_picked":["Quick Slash","Deadly Poison"],"picked":"Dagger Spray"},{"not_picked":["Dagger Throw","Dagger Spray"],"picked":"Heel Hook"},{"not_picked":["Dash","Outmaneuver"],"picked":"Riddle With Holes"},{"not_picked":["Dash","Acrobatics"],"picked":"Flying Knee"},{"not_picked":["Eviscerate","Dodge and Roll"],"picked":"Escape Plan"},{"not_picked":["Flechettes","Deadly Poison"],"picked":"Bouncing Flask"}],"player_experience":12756,"potions_floor_usage":[],"damage_taken":[{"damage":6,"enemies":"Blue Slaver","floor":1,"turns":5},{"damage":0,"enemies":"Small Slimes","floor":2,"turns":3},{"damage":12,"enemies":"2 Louse","floor":3,"turns":3},{"damage":0,"enemies":"Looter","floor":4,"turns":3},{"damage":26,"enemies":"Gremlin Nob","floor":7,"turns":5},{"damage":13,"enemies":"Gremlin Gang","floor":11,"turns":4},{"damage":18,"enemies":"Exordium Wildlife","floor":12,"turns":3},{"damage":0,"enemies":"Looter","floor":14,"turns":2},{"damage":74,"enemies":"Hexaghost","floor":16,"turns":9}],"event_choices":[],"boss_relics":[],"potions_floor_spawned":[1,4,7],"seed_played":"2455673612005920200","killed_by":"Hexaghost","ascension_level":0,"is_trial":false}