{"gold_per_floor":[118,132,36,52,0,0,19,101,124,134,134,134,161,177,177,251,251,271,321,44,60,60,60,88,88,113,129,129,155,170,170,170,247,297,311,176,190,200,200],"floor_reached":39,"playtime":1530,"items_purged":[],"score":807,"play_id":"42d0c9bb-abd0-48b1-b52e-9f025a001a76","local_time":"20190917030330","is_ascension_mode":true,"campfire_choices":[{"data":"A Thousand Cuts","floor":6.0,"key":"SMITH"},{"data":"Caltrops","floor":12.0,"key":"SMITH"},{"data":"Caltrops","floor":15.0,"key":"SMITH"},{"floor":23.0,"key":"REST"},{"floor":25.0,"key":"REST"},{"floor":28.0,"key":"REST"},{"floor":32.0,"key":"REST"}],"neow_cost":"NONE","seed_source_timestamp":219289483747300,"circlet_count":0,"master_deck":["AscendersBane","Strike_G","Strike_G","Strike_G+1","Strike_G","Strike_G","Defend_G+1","Defend_G","Defend_G","Defend_G","Defend_G","Survivor","Neutralize+1","Dagger Spray","Backflip+1","Caltrops+1","A Thousand Cuts+1","Quick Slash","Heel Hook","Caltrops+1","Tools of the Trade","Choke+1","Footwork","Apotheosis","Blur","Shame","PiercingWail","Blade Dance","Finesse","Deep Breath","Blade Dance+1","After Image","Deflect","Acrobatics+1","Escape Plan","Finesse","Calculated Gamble+1","Acrobatics"],"special_seed":0,"relics":["Ring of the Snake","Pantograph","InkBottle","War Paint","Sozu","Vajra","Regal Pillow","Juzu Bracelet","Dream Catcher","Tiny House"],"potions_floor_usage":[],"damage_taken":[{"damage":15.0,"enemies":"Cultist","floor":1.0,"turns":7.0},{"damage":2.0,"enemies":"Small Slimes","floor":2.0,"turns":3.0},{"damage":0.0,"enemies":"Jaw Worm","floor":4.0,"turns":5.0},{"damage":0.0,"enemies":"Looter","floor":5.0,"turns":5.0},{"damage":22.0,"enemies":"Lots of Slimes","floor":7.0,"turns":4.0},{"damage":5.0,"enemies":"Red Slaver","floor":10.0,"turns":4.0},{"damage":19.0,"enemies":"Gremlin Nob","floor":13.0,"turns":4.0},{"damage":0.0,"enemies":"Exordium Wildlife","floor":14.0,"turns":4.0},{"damage":63.0,"enemies":"Slime Boss","floor":16.0,"turns":9.0},{"damage":11.0,"enemies":"Spheric Guardian","floor":18.0,"turns":4.0},{"damage":15.0,"enemies":"Chosen","floor":21.0,"turns":5.0},{"damage":24.0,"enemies":"Slavers","floor":24.0,"turns":7.0},{"damage":18.0,"enemies":"Centurion and Healer","floor":27.0,"turns":6.0},{"damage":21.0,"enemies":"Cultist and Chosen","floor":30.0,"turns":7.0},{"damage":28.0,"enemies":"Champ","floor":33.0,"turns":12.0},{"damage":10.0,"enemies":"3 Shapes","floor":35.0,"turns":4.0},{"damage":18.0,"enemies":"Orb Walker","floor":37.0,"turns":5.0},{"damage":31.0,"enemies":"3 Darklings","floor":38.0,"turns":8.0},{"damage":6,"enemies":"Sphere and 2 Shapes","floor":39,"turns":2}],"seed_played":"5364764824138010856","potions_obtained":[{"floor":2.0,"key":"Weak Potion"},{"floor":7.0,"key":"SteroidPotion"},{"floor":13.0,"key":"Explosive Potion"},{"floor":16.0,"key":"SkillPotion"}],"is_trial":false,"path_per_floor":["M","M","$","M","M","R","M","T","T","M","?","R","E","M","R","B",null,"M","?","$","M","?","R","E","R","T","M","R","T","M","?","R","B",null,"M","$","M","M","M"],"character_chosen":"THE_SILENT","items_purchased":["Backflip","Caltrops","Footwork","Apotheosis","Escape Plan","Finesse"],"campfire_rested":4,"item_purchase_floors":[3,3,20,20,36,36],"current_hp_per_floor":[44,42,42,42,42,42,20,20,20,15,66,66,47,47,47,3,50,39,33,33,18,18,37,13,47,47,29,63,63,42,24,58,38,64,54,54,36,5,0],"gold":200,"neow_bonus":"UPGRADE_CARD","is_prod":false,"is_daily":false,"chose_seed":false,"campfire_upgraded":3,"win_rate":0,"timestamp":1568707410,"path_taken":["M","M","$","?","M","R","M","?","T","M","?","R","E","M","R","BOSS","M","?","?","?","?","R","E","R","T","M","R","?","M","?","R","BOSS","M","?","M","M","M"],"build_version":"2019-09-16","purchased_purges":0,"victory":false,"max_hp_per_floor":[66,66,66,66,66,66,66,66,66,66,66,66,66,66,66,66,66,66,66,66,66,66,66,66,66,66,66,66,66,66,66,66,66,71,71,71,71,71,71],"card_choices":[{"not_picked":["Dodge and Roll","Underhanded Strike"],"picked":"Dagger Spray","floor":1.0},{"not_picked":["Dagger Throw","Dagger Spray","Finisher"],"picked":"SKIP","floor":2.0},{"not_picked":["Dash","Dagger Spray"],"picked":"A Thousand Cuts","floor":4.0},{"not_picked":["Sucker Punch","Deadly Poison"],"picked":"Predator","floor":5.0},{"not_picked":["Slice","Flying Knee"],"picked":"Quick Slash","floor":7.0},{"not_picked":["Dodge and Roll","Reflex"],"picked":"Heel Hook","floor":10.0},{"not_picked":["Riddle With Holes","Underhanded Strike","Accuracy"],"picked":"SKIP","floor":13.0},{"not_picked":["Phantasmal Killer","Dagger Spray"],"picked":"Caltrops","floor":14.0},{"not_picked":["Malaise","Unload"],"picked":"Tools of the Trade","floor":16.0},{"not_picked":["Eviscerate","Underhanded Strike"],"picked":"Choke+1","floor":18.0},{"not_picked":["Outmaneuver","Bane"],"picked":"Blur","floor":21.0},{"not_picked":["Choke","Blade Dance","Infinite Blades"],"picked":"SKIP","floor":24.0},{"not_picked":["Deadly Poison","Bane"],"picked":"PiercingWail","floor":27.0},{"not_picked":["Corpse Explosion","Skewer"],"picked":"Blade Dance","floor":30.0},{"not_picked":["Outmaneuver","Tactician"],"picked":"Blade Dance+1","floor":32.0},{"not_picked":["Grand Finale","Storm of Steel"],"picked":"After Image","floor":33.0},{"not_picked":["Eviscerate","Slice"],"picked":"Deflect","floor":34.0},{"not_picked":["Choke","All Out Attack+1"],"picked":"Acrobatics+1","floor":35.0},{"not_picked":["Quick Slash","Acrobatics"],"picked":"Calculated Gamble+1","floor":37.0},{"not_picked":["Bane+1","Endless Agony"],"picked":"Acrobatics","floor":38.0}],"player_experience":1363599,"relics_obtained":[{"floor":8.0,"key":"Pantograph"},{"floor":9.0,"key":"InkBottle"},{"floor":13.0,"key":"War Paint"},{"floor":24.0,"key":"Regal Pillow"},{"floor":26.0,"key":"Juzu Bracelet"},{"floor":29.0,"key":"Dream Catcher"}],"event_choices":[{"cards_removed":["Predator"],"damage_healed":51.0,"max_hp_gain":0.0,"max_hp_loss":0.0,"gold_gain":0.0,"event_name":"Bonfire Elementals","player_choice":"Offered Uncommon","floor":11.0,"gold_loss":0.0,"damage_taken":0.0},{"damage_healed":0.0,"max_hp_gain":0.0,"max_hp_loss":0.0,"gold_gain":50.0,"event_name":"FaceTrader","player_choice":"Touch","floor":19.0,"gold_loss":0.0,"damage_taken":6.0},{"damage_healed":0.0,"max_hp_gain":0.0,"max_hp_loss":0.0,"gold_gain":0.0,"event_name":"Addict","player_choice":"Stole Relic","floor":22.0,"gold_loss":0.0,"damage_taken":0.0,"relics_obtained":["Vajra"],"cards_obtained":["Shame"]},{"damage_healed":0.0,"max_hp_gain":0.0,"max_hp_loss":0.0,"gold_gain":0.0,"event_name":"Knowing Skull","player_choice":"CARD CARD ","floor":31.0,"potions_obtained":[],"gold_loss":0.0,"damage_taken":18.0,"cards_obtained":["Finesse","Deep Breath"]}],"is_beta":true,"boss_relics":[{"not_picked":["WristBlade","Velvet Choker"],"picked":"Sozu"},{"not_picked":["Pandora\u0027s Box","SacredBark"],"picked":"Tiny House"}],"items_purged_floors":[],"is_endless":false,"potions_floor_spawned":[2,7,13,16,18,24,33,37,38],"killed_by":"Sphere and 2 Shapes","ascension_level":19}