{"gold_per_floor":[112,37,50,70,87,87,87,107,134,134,134,152,172,187,187,282,282,267,0,0,16,34,34,49,49,49,64,76,76,96,96,96,96],"floor_reached":33,"playtime":14349,"items_purged":["Strike_R"],"score":270,"play_id":"7979dc8c-aada-42b2-a62c-b03d27d364a3","local_time":"20190914043040","is_ascension_mode":false,"campfire_choices":[{"data":"Rage","floor":6,"key":"SMITH"},{"data":"Offering","floor":10,"key":"SMITH"},{"data":"Bash","floor":15,"key":"SMITH"},{"floor":23,"key":"REST"},{"floor":25,"key":"REST"},{"floor":29,"key":"REST"},{"floor":32,"key":"REST"}],"neow_cost":"PERCENT_DAMAGE","seed_source_timestamp":2406193030275200,"circlet_count":0,"master_deck":["Strike_R+1","Strike_R","Strike_R","Defend_R","Defend_R+1","Defend_R","Bash+1","Offering+1","Rage+1","Shrug It Off","Shrug It Off","Double Tap","Flex+1","Seeing Red","Ghostly","Ghostly","Ghostly","Ghostly","Ghostly"],"relics":["Burning Blood"],"potions_floor_usage":[4,16,16,22,27,30,30],"damage_taken":[{"damage":1,"enemies":"Cultist","floor":1,"turns":4},{"damage":2,"enemies":"Jaw Worm","floor":3,"turns":5},{"damage":0,"enemies":"2 Louse","floor":4,"turns":3},{"damage":9,"enemies":"Large Slime","floor":5,"turns":7},{"damage":6,"enemies":"3 Louse","floor":8,"turns":4},{"damage":6,"enemies":"2 Fungi Beasts","floor":12,"turns":4},{"damage":1,"enemies":"Large Slime","floor":13,"turns":8},{"damage":3,"enemies":"Red Slaver","floor":14,"turns":6},{"damage":24,"enemies":"Hexaghost","floor":16,"turns":9},{"damage":18,"enemies":"2 Thieves","floor":18,"turns":4},{"damage":22,"enemies":"3 Byrds","floor":21,"turns":9},{"damage":47,"enemies":"Snecko","floor":22,"turns":8},{"damage":23,"enemies":"Shelled Parasite and Fungi","floor":24,"turns":15},{"damage":23,"enemies":"Centurion and Healer","floor":27,"turns":16},{"damage":29,"enemies":"Cultist and Chosen","floor":28,"turns":7},{"damage":23,"enemies":"Snecko","floor":30,"turns":4},{"damage":46,"enemies":"Automaton","floor":33,"turns":6}],"seed_played":"4246531428940652102","potions_obtained":[{"floor":1,"key":"LiquidBronze"},{"floor":3,"key":"Fruit Juice"},{"floor":4,"key":"LiquidBronze"},{"floor":12,"key":"Ancient Potion"},{"floor":16,"key":"Ancient Potion"},{"floor":18,"key":"SteroidPotion"},{"floor":28,"key":"GamblersBrew"}],"is_trial":false,"path_per_floor":["M","$","M","M","M","R","?","M","T","R","?","M","M","M","R","B",null,"M","?","?","M","M","R","M","R","T","M","M","R","M","?","R","B"],"character_chosen":"IRONCLAD","items_purchased":[],"campfire_rested":4,"item_purchase_floors":[],"current_hp_per_floor":[61,61,65,76,73,73,73,73,73,73,56,56,61,64,64,46,85,73,73,73,57,16,41,24,49,49,32,9,34,17,17,29,0],"gold":96,"neow_bonus":"THREE_RARE_CARDS","is_prod":false,"is_daily":false,"chose_seed":false,"campfire_upgraded":3,"win_rate":0,"timestamp":1568449840,"path_taken":["M","$","M","M","?","R","?","M","T","R","?","M","M","M","R","BOSS","M","?","?","M","M","R","M","R","T","M","M","R","M","?","R","BOSS"],"build_version":"2019-07-17","purchased_purges":1,"victory":false,"max_hp_per_floor":[80,80,80,85,85,85,85,85,85,85,85,85,85,85,85,85,85,85,85,85,85,85,85,85,85,85,85,85,85,85,42,42,42],"card_choices":[{"not_picked":["Bludgeon","Juggernaut"],"picked":"Offering","floor":0},{"not_picked":["Pummel","Thunderclap","Twin Strike"],"picked":"SKIP","floor":1},{"not_picked":["Sword Boomerang","Combust","Anger"],"picked":"SKIP","floor":3},{"not_picked":["Wild Strike","Thunderclap"],"picked":"Rage","floor":4},{"not_picked":["Headbutt","Clash"],"picked":"Shrug It Off","floor":5},{"not_picked":["Iron Wave","Clash","Hemokinesis"],"picked":"SKIP","floor":8},{"not_picked":["Flex","Pommel Strike"],"picked":"Shrug It Off","floor":12},{"not_picked":["Dropkick","Perfected Strike","Pommel Strike"],"picked":"SKIP","floor":13},{"not_picked":["Dual Wield","Double Tap","Cleave"],"picked":"SKIP","floor":14},{"not_picked":["Reaper","Berserk"],"picked":"Double Tap","floor":16},{"not_picked":["Headbutt","Armaments","Anger"],"picked":"SKIP","floor":18},{"not_picked":["Headbutt+1","Battle Trance","Sword Boomerang"],"picked":"SKIP","floor":21},{"not_picked":["Uppercut","Pummel","Warcry"],"picked":"SKIP","floor":22},{"not_picked":["Rampage","Battle Trance","Clothesline+1"],"picked":"SKIP","floor":24},{"not_picked":["Wild Strike","Anger"],"picked":"Flex+1","floor":27},{"not_picked":["Thunderclap","Wild Strike+1"],"picked":"Seeing Red","floor":28},{"not_picked":["Battle Trance","Twin Strike+1","Searing Blow"],"picked":"SKIP","floor":30}],"player_experience":425226,"relics_obtained":[],"event_choices":[{"cards_removed":["Defend_R"],"damage_healed":0,"gold_gain":0,"player_choice":"Forget","damage_taken":0,"max_hp_gain":0,"max_hp_loss":0,"event_name":"Living Wall","floor":7,"gold_loss":0},{"damage_healed":0,"gold_gain":0,"player_choice":"Entered Light","damage_taken":17,"max_hp_gain":0,"max_hp_loss":0,"event_name":"Shining Light","floor":11,"gold_loss":0,"cards_upgraded":["Strike_R","Defend_R"]},{"damage_healed":0,"gold_gain":0,"player_choice":"Paid Fearfully","damage_taken":0,"max_hp_gain":0,"max_hp_loss":0,"event_name":"Masked Bandits","floor":19,"gold_loss":267},{"cards_removed":["Strike_R"],"damage_healed":0,"gold_gain":0,"player_choice":"Elegance","damage_taken":0,"max_hp_gain":0,"max_hp_loss":0,"event_name":"Back to Basics","floor":20,"gold_loss":0},{"damage_healed":0,"gold_gain":0,"player_choice":"Became a Ghost","damage_taken":0,"max_hp_gain":0,"max_hp_loss":43,"event_name":"Ghosts","floor":31,"gold_loss":0,"cards_obtained":["Ghostly","Ghostly","Ghostly","Ghostly","Ghostly"]}],"is_beta":false,"boss_relics":[{"not_picked":["Runic Cube","Philosopher\u0027s Stone","Sozu"]}],"items_purged_floors":[2],"is_endless":false,"potions_floor_spawned":[1,3,4,12,16,18,28],"killed_by":"Automaton","ascension_level":0}