{"path_per_floor":["M","$","M","M","M","R","?","?","T","R","M","M","M","E","R"],"character_chosen":"IRONCLAD","items_purchased":["Body Slam","Armaments"],"gold_per_floor":[418,264,280,293,311,311,311,311,335,335,360,380,404,437,437,437],"floor_reached":16,"campfire_rested":0,"playtime":587,"item_purchase_floors":[2,2],"current_hp_per_floor":[70,70,72,72,49,49,49,54,54,54,47,53,54,37,37,0],"items_purged":["Strike_R"],"gold":437,"score":104,"play_id":"7e85a2be-2259-43ae-a090-bb9b41bfae61","local_time":"20180527214746","is_prod":false,"is_daily":false,"chose_seed":false,"is_ascension_mode":false,"campfire_upgraded":3,"win_rate":0,"timestamp":1527472066,"campfire_choices":[{"data":"Body Slam","floor":6,"key":"SMITH"},{"data":"Armaments","floor":10,"key":"SMITH"},{"data":"Offering","floor":15,"key":"SMITH"}],"path_taken":["M","$","M","M","M","R","?","?","T","R","M","M","?","E","R","BOSS"],"build_version":"2018-05-25","seed_source_timestamp":421032365659890,"purchased_purges":1,"victory":false,"master_deck":["Strike_R","Strike_R","Strike_R","Strike_R","Defend_R","Defend_R","Defend_R","Defend_R","Bash","Body Slam+1","Armaments+1","Pummel","Heavy Blade","Flame Barrier","Offering+1"],"max_hp_per_floor":[72,72,72,72,72,72,67,72,72,72,72,72,72,72,72,72],"relics":["Burning Blood","Old Coin","Golden Idol","Bag of Marbles","Pen Nib"],"card_choices":[{"not_picked":["Infernal Blade","Second Wind","Anger"],"picked":"SKIP","floor":1},{"not_picked":["Dropkick","Flex","Perfected Strike"],"picked":"SKIP","floor":3},{"not_picked":["Sword Boomerang","Evolve"],"picked":"Pummel","floor":4},{"not_picked":["Cleave","Anger","Wild Strike"],"picked":"SKIP","floor":5},{"not_picked":["Warcry","Searing Blow"],"picked":"Heavy Blade","floor":11},{"not_picked":["Power Through","Twin Strike","Heavy Blade"],"picked":"SKIP","floor":12},{"not_picked":["Whirlwind","Inflame"],"picked":"Flame Barrier","floor":13},{"not_picked":["Rampage","Perfected Strike"],"picked":"Offering","floor":14}],"player_experience":506673,"potions_floor_usage":[3,14],"damage_taken":[{"damage":8,"enemies":"2 Louse","floor":1,"turns":4},{"damage":0,"enemies":"Small Slimes","floor":3,"turns":2},{"damage":6,"enemies":"Jaw Worm","floor":4,"turns":5},{"damage":29,"enemies":"Large Slime","floor":5,"turns":9},{"damage":13,"enemies":"Exordium Thugs","floor":11,"turns":4},{"damage":0,"enemies":"Blue Slaver","floor":12,"turns":2},{"damage":5,"enemies":"Looter","floor":13,"turns":2},{"damage":23,"enemies":"Lagavulin","floor":14,"turns":6},{"damage":37,"enemies":"Hexaghost","floor":16,"turns":10}],"relics_obtained":[{"floor":9,"key":"Bag of Marbles"},{"floor":14,"key":"Pen Nib"}],"event_choices":[{"event_name":"Golden Idol","player_choice":"Lose Max HP","floor":7,"damage_taken":0},{"event_name":"Big Fish","player_choice":"Donut","floor":8,"damage_taken":0}],"boss_relics":[],"items_purged_floors":[2],"potions_floor_spawned":[1,12,14],"seed_played":"2607637564324581162","killed_by":"Hexaghost","ascension_level":0,"potions_obtained":[{"floor":1,"key":"Explosive Potion"},{"floor":12,"key":"Fire Potion"},{"floor":14,"key":"Energy Potion"}],"is_trial":false}