{"gold_per_floor":[115,65,65,65,65,65,65,77,104,123,174,189,189,110,110,124,124,228,228,246,96,96,108,108,108,108],"floor_reached":26,"playtime":505,"items_purged":["Strike_R"],"score":309,"play_id":"616633ad-c7ca-4f12-b173-a19295fda9ba","local_time":"20190422020438","is_ascension_mode":true,"campfire_choices":[{"data":"Sword Boomerang","floor":13,"key":"SMITH"},{"data":"BarbarianYell","floor":15,"key":"SMITH"},{"floor":17,"key":"REST"},{"data":"Limit Break","floor":25,"key":"SMITH"}],"neow_cost":"NONE","seed_source_timestamp":5308281228057990,"circlet_count":0,"master_deck":["Strike_R","Strike_R","Strike_R","Defend_R","Defend_R","Defend_R","Defend_R","Bash","strawberrySpire:Taunt","Limit Break+1","Sword Boomerang+1","BarbarianYell+1","Twin Strike","BarbarianYell"],"relics":["Burning Blood","NeowsBlessing","conspire:Flyswatter","CultistMask","King of Hearts","conspire:GiftBox","aspiration:HangmansNoose","Mark of Pain","MutagenicStrength"],"potions_floor_usage":[26],"damage_taken":[{"damage":0,"enemies":"Small Slimes","floor":1,"turns":1},{"damage":0,"enemies":"2 Louse","floor":8,"turns":1},{"damage":0,"enemies":"Lagavulin","floor":9,"turns":1},{"damage":11,"enemies":"Cultist","floor":10,"turns":5},{"damage":6,"enemies":"Looter","floor":12,"turns":5},{"damage":20,"enemies":"Exordium Thugs","floor":16,"turns":5},{"damage":37,"enemies":"Hexaghost","floor":18,"turns":9},{"damage":24,"enemies":"conspire:FuzzyDice","floor":20,"turns":8},{"damage":32,"enemies":"3 Byrds","floor":23,"turns":6},{"damage":30,"enemies":"conspire:HollyBat","floor":26,"turns":6}],"seed_played":"1711659954784863770","potions_obtained":[{"floor":8,"key":"Languid Potion"},{"floor":9,"key":"Strength Potion"},{"floor":10,"key":"Languid Potion"},{"floor":16,"key":"SteroidPotion"}],"is_trial":false,"path_per_floor":["M","?","PTL","PTL","?","?","?","M","E","M","T","M","R","$","R","M","R","B",null,"M","$","?","M","?","R","M"],"character_chosen":"IRONCLAD","items_purchased":["BarbarianYell","BarbarianYell"],"campfire_rested":1,"item_purchase_floors":[14,21],"current_hp_per_floor":[78,78,78,78,36,36,36,42,48,43,43,43,43,43,43,29,53,22,66,48,48,48,22,22,22,0],"gold":108,"neow_bonus":"THREE_ENEMY_KILL","is_prod":false,"is_daily":false,"chose_seed":false,"campfire_upgraded":3,"win_rate":0,"timestamp":1555913078,"path_taken":["M","?","PTL","PTL","?","?","?","M","E","?","T","M","R","$","R","M","R","BOSS","M","$","?","M","?","R","M"],"build_version":"2019-01-23","purchased_purges":1,"victory":false,"max_hp_per_floor":[80,80,80,80,80,80,80,80,80,80,80,80,80,80,80,80,80,80,80,80,80,80,80,80,80,80],"card_choices":[{"not_picked":["Burning Pact","Feel No Pain"],"picked":"strawberrySpire:Taunt","floor":1},{"not_picked":["Seeing Red","Entrench","strawberrySpire:ZonePlayer"],"picked":"SKIP","floor":8},{"not_picked":["strawberrySpire:FortFortyFour","Exhume"],"picked":"Limit Break","floor":9},{"not_picked":["Havoc","Clothesline"],"picked":"Sword Boomerang","floor":10},{"not_picked":["strawberrySpire:Conflagrate","ReplayTheSpireMod:Stacked","strawberrySpire:Overwork"],"picked":"SKIP","floor":12},{"not_picked":["Clothesline","Warcry","Spot Weakness"],"picked":"SKIP","floor":16},{"not_picked":["strawberrySpire:Endurance","Run Through"],"picked":"Twin Strike","floor":20},{"not_picked":["strawberrySpire:Taunt","Anger","Dual Wield"],"picked":"SKIP","floor":23}],"player_experience":743306,"relics_obtained":[{"floor":9,"key":"King of Hearts"},{"floor":11,"key":"aspiration:HangmansNoose"}],"event_choices":[{"cards_removed":["Strike_R"],"damage_healed":0,"gold_gain":0,"player_choice":"Card Removal","damage_taken":0,"max_hp_gain":0,"max_hp_loss":0,"event_name":"The Cleric","floor":2,"gold_loss":50},{"damage_healed":0,"gold_gain":0,"player_choice":"Success","damage_taken":42,"relics_obtained":["conspire:Flyswatter"],"max_hp_gain":0,"max_hp_loss":0,"event_name":"Scrap Ooze","floor":5,"gold_loss":0},{"damage_healed":0,"gold_gain":0,"player_choice":"Ignored","damage_taken":0,"max_hp_gain":0,"max_hp_loss":0,"event_name":"Liars Game","floor":6,"gold_loss":0},{"damage_healed":0,"gold_gain":0,"player_choice":"Trade","damage_taken":0,"relics_obtained":["CultistMask"],"max_hp_gain":0,"max_hp_loss":0,"event_name":"FaceTrader","floor":7,"gold_loss":0},{"damage_healed":0,"gold_gain":0,"player_choice":"Inject Mutagens","damage_taken":0,"relics_obtained":["MutagenicStrength"],"max_hp_gain":0,"max_hp_loss":0,"event_name":"Drug Dealer","floor":22,"gold_loss":0},{"damage_healed":0,"gold_gain":0,"player_choice":"Ignored","damage_taken":0,"max_hp_gain":0,"max_hp_loss":0,"event_name":"The Mausoleum","floor":24,"gold_loss":0}],"is_beta":false,"boss_relics":[{"not_picked":["hubris:GrandSneckoEye","Pandora\u0027s Box"],"picked":"Mark of Pain"}],"items_purged_floors":[21],"is_endless":false,"potions_floor_spawned":[8,9,10,16,20],"killed_by":"conspire:HollyBat","ascension_level":7}