{"path_per_floor":["M","M","M","M","?","R","E","R","T","?","E","?","M","M","R","B",null,"M","?","M","$","M","R","E","R","T","R","E","M","E","?","R"],"character_chosen":"THE_SILENT","items_purchased":["Sadistic Nature","Madness"],"gold_per_floor":[113,125,139,155,155,155,181,181,181,131,162,162,176,196,196,297,297,317,317,335,44,60,60,94,94,94,94,121,134,159,74,74,74],"floor_reached":33,"campfire_rested":3,"playtime":3923,"current_hp_per_floor":[70,69,69,48,48,48,40,40,40,40,33,33,20,22,22,23,70,70,54,56,56,37,58,30,30,30,51,36,32,2,2,23,0],"items_purged":[],"gold":74,"score":331,"play_id":"0311c450-91e4-402b-bf6d-1614bad55ba3","local_time":"20180410005151","is_prod":false,"is_daily":false,"is_ascension_mode":true,"campfire_upgraded":4,"timestamp":1523346711,"path_taken":["M","M","M","M","?","R","E","R","T","?","E","?","M","M","R","BOSS","M","?","M","$","M","R","E","R","T","R","E","M","E","?","R","BOSS"],"build_version":"2018-04-05v2","purchased_purges":0,"victory":false,"master_deck":["Defend_G","Defend_G","Defend_G","Defend_G","Strike_G","Strike_G","Strike_G","Survivor","Neutralize+1","Concentrate+1","Prepared","Bouncing Flask+1","Bane","Catalyst+1","Deadly Poison","Tools of the Trade","Quick Slash","Masterful Stab","Tactician+1","Dodge and Roll","Deflect+1","Sadistic Nature","Madness","Underhanded Strike","Flying Knee+1","Outmaneuver"],"max_hp_per_floor":[70,70,70,70,70,70,70,70,70,70,70,70,70,70,70,70,70,70,70,70,70,70,70,70,70,70,70,70,70,70,70,70,70],"relics":["Ring of the Snake","Ancient Tea Set","Girya","Blood Vial","Runic Dome","Enchiridion","Lantern","Gambling Chip","Bottled Lightning","Mercury Hourglass","Shovel"],"card_choices":[{"not_picked":["Backflip","Malaise"],"picked":"Concentrate","floor":1},{"not_picked":["Sucker Punch","Cloak And Dagger"],"picked":"Prepared","floor":2},{"not_picked":["PiercingWail","Dagger Throw"],"picked":"Bouncing Flask","floor":3},{"not_picked":["Prepared","Predator"],"picked":"Bane","floor":4},{"not_picked":["Backstab","Deadly Poison"],"picked":"Catalyst","floor":7},{"not_picked":["Leg Sweep","Bouncing Flask"],"picked":"Deadly Poison","floor":11},{"not_picked":["Blade Dance","Glass Knife"],"picked":"Quick Slash","floor":13},{"not_picked":["Finisher","Dagger Spray"],"picked":"Masterful Stab","floor":14},{"not_picked":["Die Die Die","Unload"],"picked":"Tactician","floor":16},{"not_picked":["Riddle With Holes","Flying Knee"],"picked":"Dodge and Roll","floor":18},{"not_picked":["Dagger Spray","Flying Knee"],"picked":"Deflect","floor":20},{"not_picked":["Backstab","Outmaneuver"],"picked":"Underhanded Strike","floor":24},{"not_picked":["Sucker Punch","Slice"],"picked":"Flying Knee","floor":29},{"not_picked":["Unload","Dagger Throw"],"picked":"Outmaneuver","floor":30}],"player_experience":185365,"potions_floor_usage":[7,11,20,28,28,33,33],"damage_taken":[{"damage":0,"enemies":"Small Slimes","floor":1,"turns":5},{"damage":1,"enemies":"Cultist","floor":2,"turns":5},{"damage":0,"enemies":"2 Louse","floor":3,"turns":3},{"damage":21,"enemies":"Large Slime","floor":4,"turns":6},{"damage":8,"enemies":"Gremlin Nob","floor":7,"turns":4},{"damage":7,"enemies":"3 Sentries","floor":11,"turns":9},{"damage":15,"enemies":"3 Louse","floor":13,"turns":4},{"damage":0,"enemies":"Blue Slaver","floor":14,"turns":3},{"damage":1,"enemies":"Slime Boss","floor":16,"turns":7},{"damage":0,"enemies":"Spheric Guardian","floor":18,"turns":3},{"damage":0,"enemies":"Chosen","floor":20,"turns":2},{"damage":21,"enemies":"Snake Plant","floor":22,"turns":2},{"damage":30,"enemies":"Book of Stabbing","floor":24,"turns":6},{"damage":17,"enemies":"Slavers","floor":28,"turns":5},{"damage":6,"enemies":"3 Cultists","floor":29,"turns":4},{"damage":32,"enemies":"Gremlin Leader","floor":30,"turns":5},{"damage":25,"enemies":"Collector","floor":33,"turns":3}],"event_choices":[{"event_name":"Upgrade Shrine","player_choice":"Upgraded","floor":5,"damage_taken":0},{"event_name":"The Cleric","player_choice":"Card Removal","floor":10,"damage_taken":0},{"event_name":"Transmorgrifier","player_choice":"Transform","floor":12,"damage_taken":0},{"event_name":"Cursed Tome","player_choice":"Obtained Book","floor":19,"damage_taken":0},{"event_name":"Addict","player_choice":"Obtained Relic","floor":31,"damage_taken":0}],"boss_relics":[{"not_picked":["Orrery","Philosopher\u0027s Stone"],"picked":"Runic Dome"}],"potions_floor_spawned":[1,4,11,22,24,28,29],"seed_played":"3715948770733689220","killed_by":"Collector","ascension_level":1,"is_trial":false}