{"gold_per_floor":[113,73,73,83,83,83,116,116,116,129,141,176,233,246,246,323,323,342,359,458,11,28,28,42,42,42,52,52,52,79,17,17,90,90,105,105,118,0,0,0,17,36,36,36,36,54,54,72,72,72,72,72,12,12],"floor_reached":54,"playtime":4047,"items_purged":["Writhe"],"score":1159,"play_id":"37776d47-622d-4fb4-ab5f-3846519a8458","local_time":"20190324173848","is_ascension_mode":true,"campfire_choices":[{"data":"Bash","floor":6,"key":"SMITH"},{"data":"Metallicize","floor":8,"key":"SMITH"},{"floor":15,"key":"REST"},{"data":"Corruption","floor":23,"key":"SMITH"},{"floor":25,"key":"REST"},{"data":"Combust","floor":29,"key":"SMITH"},{"floor":32,"key":"REST"},{"data":"Barricade","floor":40,"key":"SMITH"},{"floor":47,"key":"REST"},{"floor":49,"key":"RECALL"},{"data":"Warcry","floor":52,"key":"SMITH"}],"neow_cost":"NONE","seed_source_timestamp":4319295811875,"circlet_count":0,"master_deck":["AscendersBane","Strike_R+1","Strike_R+1","Strike_R+1","Strike_R+1","Strike_R+1","Defend_R+1","Defend_R+1","Defend_R+1","Bash+1","Sentinel","Combust+1","Exhume","Inflame","Metallicize+1","Armaments","Headbutt","Spot Weakness","True Grit","Inflame","Dark Embrace","Whirlwind+1","Havoc","Feel No Pain","Feel No Pain","Warcry+1","Rupture","Corruption+1","Warcry","Ghostly Armor","Intimidate","Barricade+1","Second Wind","Flame Barrier","Sever Soul+1","Power Through+1","Feel No Pain+1","Exhume"],"relics":["Burning Blood","NeowsBlessing","Darkstone Periapt","The Courier","Self Forming Clay","Molten Egg 2","Mark of Pain","Blood Vial","Meat on the Bone","Matryoshka","Eternal Feather","Red Mask","Strawberry","Pen Nib","Potion Belt"],"potions_floor_usage":[11,11,12,16,18,19,24,30,33,37,46,54,54],"damage_taken":[{"damage":0,"enemies":"Jaw Worm","floor":1,"turns":1},{"damage":0,"enemies":"Cultist","floor":4,"turns":1},{"damage":0,"enemies":"Lagavulin","floor":7,"turns":1},{"damage":3,"enemies":"2 Louse","floor":10,"turns":2},{"damage":19,"enemies":"Gremlin Gang","floor":11,"turns":4},{"damage":31,"enemies":"Gremlin Nob","floor":12,"turns":4},{"damage":14,"enemies":"3 Sentries","floor":13,"turns":7},{"damage":8,"enemies":"2 Fungi Beasts","floor":14,"turns":4},{"damage":37,"enemies":"Slime Boss","floor":16,"turns":9},{"damage":18,"enemies":"3 Byrds","floor":18,"turns":5},{"damage":16,"enemies":"Spheric Guardian","floor":19,"turns":5},{"damage":10,"enemies":"Snecko","floor":22,"turns":6},{"damage":4,"enemies":"Snake Plant","floor":24,"turns":5},{"damage":28,"enemies":"Centurion and Healer","floor":27,"turns":6},{"damage":49,"enemies":"Gremlin Leader","floor":30,"turns":6},{"damage":16,"enemies":"Champ","floor":33,"turns":8},{"damage":7,"enemies":"Orb Walker","floor":35,"turns":4},{"damage":40,"enemies":"3 Darklings","floor":37,"turns":5},{"damage":24,"enemies":"Jaw Worm Horde","floor":41,"turns":6},{"damage":30,"enemies":"Sphere and 2 Shapes","floor":42,"turns":8},{"damage":42,"enemies":"3 Darklings","floor":46,"turns":7},{"damage":24,"enemies":"4 Shapes","floor":48,"turns":10},{"damage":57,"enemies":"Donu and Deca","floor":50,"turns":11},{"damage":105,"enemies":"Shield and Spear","floor":54,"turns":5}],"seed_played":"9146755503044527597","potions_obtained":[{"floor":1,"key":"EssenceOfSteel"},{"floor":7,"key":"SteroidPotion"},{"floor":11,"key":"Swift Potion"},{"floor":12,"key":"FearPotion"},{"floor":16,"key":"AttackPotion"},{"floor":18,"key":"BloodPotion"},{"floor":27,"key":"Swift Potion"},{"floor":33,"key":"Block Potion"},{"floor":41,"key":"Weak Potion"},{"floor":42,"key":"Strength Potion"},{"floor":46,"key":"Poison Potion"}],"is_trial":false,"path_per_floor":["M","$","?","M","?","R","E","R","T","M","M","E","?","M","R","B",null,"M","M","?","$","M","R","M","R","T","M","?","R","E","$","R","B",null,"M","?","M","?","T","R","M","M","T","$","?","M","R","M","R","B",null,"R","$","E"],"character_chosen":"IRONCLAD","items_purchased":["Combust","Feel No Pain","Feel No Pain","Warcry","Rupture","Corruption","Blood Vial","Block Potion","LiquidBronze"],"campfire_rested":4,"item_purchase_floors":[2,21,21,21,21,21,21,21,31],"current_hp_per_floor":[74,74,74,75,75,75,75,75,75,75,62,37,29,27,49,18,61,49,46,46,46,44,44,48,70,70,50,50,50,21,21,43,47,68,69,81,47,47,54,75,59,49,49,49,49,27,74,58,79,42,77,88,88,0],"gold":12,"neow_bonus":"THREE_ENEMY_KILL","is_prod":false,"is_daily":false,"chose_seed":false,"campfire_upgraded":6,"win_rate":0,"timestamp":1553445528,"path_taken":["M","$","?","?","?","R","E","R","T","?","M","E","?","M","R","BOSS","M","M","?","$","M","R","M","R","T","M","?","R","E","$","R","BOSS","M","?","M","?","?","R","M","?","T","?","?","M","R","M","R","BOSS","R","$","E"],"build_version":"2019-01-23","purchased_purges":1,"victory":false,"max_hp_per_floor":[75,75,75,75,75,75,75,75,75,75,75,75,75,75,75,75,75,75,75,75,75,75,75,75,75,75,75,75,75,75,75,75,75,75,75,81,81,81,88,88,88,88,88,88,88,88,88,88,88,88,88,88,88,88],"card_choices":[{"not_picked":["Burning Pact","Twin Strike"],"picked":"Sentinel","floor":1},{"not_picked":["Disarm","Headbutt"],"picked":"Inflame","floor":4},{"not_picked":["Brutality","Warcry"],"picked":"Metallicize","floor":7},{"not_picked":["Sword Boomerang","Warcry"],"picked":"Armaments","floor":10},{"not_picked":["Havoc","Body Slam"],"picked":"Headbutt","floor":11},{"not_picked":["Clothesline","Seeing Red"],"picked":"Spot Weakness","floor":12},{"not_picked":["Sentinel","Berserk"],"picked":"True Grit","floor":13},{"not_picked":["Twin Strike+1","Flex"],"picked":"Inflame","floor":14},{"not_picked":["Berserk","Demon Form"],"picked":"Dark Embrace","floor":16},{"not_picked":["Perfected Strike+1","Bloodletting"],"picked":"Whirlwind+1","floor":18},{"not_picked":["True Grit","Inflame+1"],"picked":"Havoc","floor":19},{"not_picked":["Twin Strike+1","Havoc"],"picked":"Anger+1","floor":22},{"not_picked":["Headbutt+1","Perfected Strike+1"],"picked":"Warcry","floor":24},{"not_picked":["Wild Strike+1","Infernal Blade"],"picked":"Ghostly Armor","floor":27},{"not_picked":["Uppercut+1","Searing Blow+1"],"picked":"Intimidate","floor":30},{"not_picked":["Impervious","Double Tap"],"picked":"Barricade","floor":33},{"not_picked":["Intimidate","Sword Boomerang+1"],"picked":"Second Wind","floor":35},{"not_picked":["Disarm+1","Perfected Strike+1"],"picked":"Flame Barrier","floor":37},{"not_picked":["Carnage+1","Spot Weakness"],"picked":"Sever Soul+1","floor":41},{"not_picked":["Rampage+1","Thunderclap+1"],"picked":"Power Through+1","floor":42},{"not_picked":["Searing Blow+1","Iron Wave+1"],"picked":"Feel No Pain+1","floor":46},{"not_picked":["Warcry","Pommel Strike+1"],"picked":"Exhume","floor":48}],"player_experience":463872,"relics_obtained":[{"floor":7,"key":"Darkstone Periapt"},{"floor":9,"key":"The Courier"},{"floor":12,"key":"Self Forming Clay"},{"floor":13,"key":"Molten Egg 2"},{"floor":26,"key":"Meat on the Bone"},{"floor":30,"key":"Matryoshka"},{"floor":39,"key":"Strawberry"},{"floor":43,"key":"Pen Nib"},{"floor":43,"key":"Potion Belt"}],"event_choices":[{"damage_healed":0,"gold_gain":0,"cards_transformed":["Defend_R"],"player_choice":"Transformed","damage_taken":0,"max_hp_gain":0,"max_hp_loss":0,"event_name":"Transmorgrifier","floor":3,"gold_loss":0,"cards_obtained":["Exhume"]},{"damage_healed":0,"gold_gain":0,"player_choice":"0 cards matched","damage_taken":0,"max_hp_gain":0,"max_hp_loss":0,"event_name":"Match and Keep!","floor":5,"gold_loss":0,"cards_obtained":[]},{"damage_healed":0,"gold_gain":30,"player_choice":"Searched \u00272\u0027 times","damage_taken":0,"max_hp_gain":0,"max_hp_loss":0,"event_name":"Dead Adventurer","floor":13,"gold_loss":0},{"damage_healed":0,"gold_gain":99,"player_choice":"Stole From Cult","damage_taken":0,"max_hp_gain":0,"max_hp_loss":0,"event_name":"Nest","floor":20,"gold_loss":0},{"damage_healed":0,"gold_gain":0,"player_choice":"Simplicity","damage_taken":0,"max_hp_gain":0,"max_hp_loss":0,"event_name":"Back to Basics","floor":28,"gold_loss":0,"cards_upgraded":["Strike_R","Strike_R","Strike_R","Strike_R","Strike_R","Defend_R","Defend_R","Defend_R"]},{"damage_healed":19,"gold_gain":0,"player_choice":"Writhe","damage_taken":0,"max_hp_gain":0,"max_hp_loss":0,"event_name":"Winding Halls","floor":36,"gold_loss":0,"cards_obtained":["Writhe"]},{"damage_healed":0,"gold_gain":0,"player_choice":"Paid","damage_taken":0,"relics_obtained":["Red Mask"],"max_hp_gain":0,"max_hp_loss":0,"event_name":"Tomb of Lord Red Mask","floor":38,"gold_loss":118},{"cards_removed":["Anger"],"damage_healed":0,"gold_gain":0,"player_choice":"Removed Attack","damage_taken":0,"max_hp_gain":0,"max_hp_loss":0,"event_name":"Falling","floor":45,"gold_loss":0}],"is_beta":false,"boss_relics":[{"not_picked":["Coffee Dripper","Runic Dome"],"picked":"Mark of Pain"},{"not_picked":["Empty Cage","Tiny House"],"picked":"Eternal Feather"}],"items_purged_floors":[53],"is_endless":false,"potions_floor_spawned":[1,7,11,12,16,18,27,33,41,42,46],"killed_by":"Shield and Spear","ascension_level":14}