{"path_per_floor":["M","M","M","M","?","R","M","?","T","R","?","M","R","M","R"],"character_chosen":"DEFECT","items_purchased":[],"gold_per_floor":[112,123,136,152,152,152,172,137,137,137,202,216,216,233,233,233],"floor_reached":16,"campfire_rested":1,"playtime":638,"current_hp_per_floor":[75,64,59,31,16,16,2,20,20,42,39,39,39,34,34,0],"items_purged":[],"gold":233,"score":94,"play_id":"7de81f6b-ee6c-4641-a936-27777c82686b","local_time":"20180508213329","is_prod":false,"is_daily":false,"chose_seed":false,"is_ascension_mode":false,"campfire_upgraded":3,"timestamp":1525829609,"path_taken":["M","M","M","M","?","R","M","?","T","R","?","M","R","M","R","BOSS"],"build_version":"2018-05-07","seed_source_timestamp":605493338984479,"purchased_purges":0,"victory":false,"master_deck":["Strike_B","Strike_B","Strike_B+1","Strike_B","Defend_B","Defend_B","Defend_B","Defend_B","Zap+1","Dualcast+1","White Noise+1","Go for the Eyes","Buffer","Prime","Stack","Rebound","Multi-Cast+1","Buffer"],"max_hp_per_floor":[75,75,75,75,75,75,75,75,75,75,75,75,75,75,75,75],"relics":["Cracked Core","Symbiotic Virus","Vajra"],"card_choices":[{"not_picked":["Barrage","Undo"],"picked":"White Noise","floor":1},{"not_picked":["Rebound","Sweeping Beam"],"picked":"Go for the Eyes","floor":2},{"not_picked":["Rebound","Reprogram"],"picked":"Buffer","floor":3},{"not_picked":["Ball Lightning","Double Energy"],"picked":"Prime","floor":4},{"not_picked":["Rebound","Cold Snap"],"picked":"Stack","floor":7},{"not_picked":["Barrage","Turbo"],"picked":"Rebound","floor":11},{"not_picked":["Static Discharge","Axe Kick"],"picked":"Multi-Cast","floor":12},{"not_picked":["Coolheaded","Skim"],"picked":"Buffer","floor":14}],"player_experience":430961,"potions_floor_usage":[11,14,16],"damage_taken":[{"damage":0,"enemies":"Small Slimes","floor":1,"turns":2},{"damage":11,"enemies":"Jaw Worm","floor":2,"turns":4},{"damage":5,"enemies":"2 Louse","floor":3,"turns":3},{"damage":28,"enemies":"Exordium Thugs","floor":4,"turns":6},{"damage":14,"enemies":"3 Louse","floor":7,"turns":3},{"damage":22,"enemies":"Lagavulin Event","floor":11,"turns":6},{"damage":0,"enemies":"Large Slime","floor":12,"turns":3},{"damage":5,"enemies":"Exordium Thugs","floor":14,"turns":4},{"damage":34,"enemies":"Hexaghost","floor":16,"turns":9}],"event_choices":[{"event_name":"Shining Light","player_choice":"Entered Light","floor":5,"damage_taken":0},{"event_name":"The Cleric","player_choice":"Healed","floor":8,"damage_taken":0},{"event_name":"Dead Adventurer","player_choice":"Searched \u00272\u0027 times","floor":11,"damage_taken":0}],"boss_relics":[],"potions_floor_spawned":[3,4,12],"seed_played":"4299326610255697303","killed_by":"Hexaghost","ascension_level":0,"is_trial":false}