{"path_per_floor":["M","?","?","?","T","M","R","E","T","E","?","R","M","M","R","B",null,"M","M","?","?"],"character_chosen":"THE_SILENT","items_purchased":[],"gold_per_floor":[115,190,190,190,237,250,250,276,324,353,417,417,433,445,445,543,543,555,568,568,493],"floor_reached":22,"campfire_rested":2,"playtime":837,"current_hp_per_floor":[70,59,59,59,59,59,59,59,59,46,38,59,59,52,70,15,70,40,20,20,20],"items_purged":[],"gold":493,"score":228,"play_id":"0c3908e5-5428-4382-a6f6-813fada51551","local_time":"20180313003835","is_prod":false,"is_daily":false,"is_ascension_mode":true,"campfire_upgraded":1,"timestamp":1520915915,"path_taken":["M","?","?","?","?","M","R","E","T","E","?","R","M","?","R","BOSS","M","M","?","?","M"],"build_version":"2018-03-09","purchased_purges":0,"victory":false,"master_deck":["Defend_G","Defend_G","Defend_G","Defend_G","Defend_G","Strike_G","Strike_G","Strike_G","Strike_G","Survivor","Neutralize+1","Backflip","Predator+1","Quick Slash+1","Catalyst+1","Backstab+1","Well Laid Plans","Slice+1","Envenom","Quick Slash+1","Malaise+1"],"max_hp_per_floor":[70,70,70,70,70,70,70,70,70,70,70,70,70,70,70,70,70,70,70,70,70],"relics":["Ring of the Snake","NeowsBlessing","Ancient Tea Set","Molten Egg 2","Snake Skull","Toxic Egg 2","Lantern","The Specimen"],"card_choices":[{"not_picked":["PiercingWail","Deadly Poison"],"picked":"Backflip"},{"not_picked":["Slice","Accuracy"],"picked":"Predator"},{"not_picked":["Poisoned Stab","Dagger Throw"],"picked":"Quick Slash"},{"not_picked":["Blade Dance","Riddle With Holes"],"picked":"Catalyst"},{"not_picked":["Slice","Eviscerate"],"picked":"Backstab"},{"not_picked":["Prepared","Underhanded Strike"],"picked":"Well Laid Plans"},{"not_picked":["Well Laid Plans","Acrobatics"],"picked":"Slice"},{"not_picked":["Die Die Die","Tools of the Trade"],"picked":"Envenom"},{"not_picked":["Accuracy","Well Laid Plans"],"picked":"Quick Slash"},{"not_picked":["Choke","Acrobatics"],"picked":"Malaise"}],"player_experience":176804,"potions_floor_usage":[11,22],"damage_taken":[{"damage":0,"enemies":"2 Louse","floor":1,"turns":1},{"damage":0,"enemies":"Jaw Worm","floor":6,"turns":1},{"damage":0,"enemies":"Lagavulin","floor":8,"turns":1},{"damage":13,"enemies":"Gremlin Nob","floor":10,"turns":4},{"damage":17,"enemies":"3 Sentries","floor":11,"turns":7},{"damage":0,"enemies":"Small Slimes","floor":13,"turns":2},{"damage":7,"enemies":"Blue Slaver","floor":14,"turns":3},{"damage":55,"enemies":"The Guardian","floor":16,"turns":11},{"damage":30,"enemies":"Spheric Guardian","floor":18,"turns":4},{"damage":20,"enemies":"Shell Parasite","floor":19,"turns":4},{"damage":33,"enemies":"Cultist and Chosen","floor":22,"turns":4}],"event_choices":[{"event_name":"World of Goop","player_choice":"Gather Gold","floor":2,"damage_taken":0},{"event_name":"Liars Game","player_choice":"disagreed","floor":3,"damage_taken":0},{"event_name":"Living Wall","player_choice":"Grow","floor":4,"damage_taken":0},{"event_name":"Dead Adventurer","player_choice":"Searched \u00273\u0027 times","floor":11,"damage_taken":0},{"event_name":"The Mausoleum","player_choice":"No","floor":20,"damage_taken":0},{"event_name":"Beggar","player_choice":"Gave Gold","floor":21,"damage_taken":0}],"boss_relics":[{"not_picked":["Black Star","Snecko Eye"],"picked":"The Specimen"}],"potions_floor_spawned":[6,8,11,14,16],"seed_played":"-767967445354966217","killed_by":"Cultist and Chosen","ascension_level":1,"is_trial":false}