{"path_per_floor":["M","?","?","?","?","E","R","M","T","$","E","M","?","E","R","B",null,"M","M","?","?","?","E","?","R","T","R","E","R","M","?","R","B",null,"M","M","$","?","M","R","E","M","T","?","M","M","M","?","R"],"character_chosen":"THE_SILENT","items_purchased":["After Image","Jack Of All Trades","Apotheosis"],"gold_per_floor":[116,116,291,291,291,321,321,332,332,7,36,56,56,86,86,183,183,200,212,112,112,27,58,58,58,130,130,161,161,174,174,174,274,274,287,300,3,57,69,69,100,118,418,418,433,445,455,455,455,455],"floor_reached":50,"campfire_rested":3,"playtime":5593,"current_hp_per_floor":[69,69,69,55,55,13,34,34,34,34,32,31,48,45,45,28,67,49,49,49,49,49,42,42,42,42,42,27,27,24,24,44,4,67,65,62,62,45,42,42,36,9,9,9,4,4,4,4,24,0],"items_purged":["Defend_G","Clumsy"],"gold":455,"score":654,"play_id":"970fe1c1-ebe9-42cd-aa6b-43b424263dc4","local_time":"20180411095520","is_prod":false,"is_daily":false,"is_ascension_mode":true,"campfire_upgraded":2,"timestamp":1523465720,"path_taken":["M","?","?","?","?","E","R","M","T","$","E","?","?","E","R","BOSS","M","M","?","?","?","E","?","R","T","R","E","R","M","?","R","BOSS","M","M","$","?","M","R","E","M","T","?","M","?","M","?","R","BOSS"],"build_version":"2018-04-05v2","purchased_purges":2,"victory":false,"master_deck":["Defend_G+1","Defend_G+1","Defend_G+1","Strike_G+1","Strike_G+1","Strike_G+1","Strike_G+1","Neutralize","Dagger Spray+1","Dagger Spray","After Image+1","Jack Of All Trades","Expertise","Well Laid Plans","Calculated Gamble","Wraith Form","Cloak And Dagger+1","Crippling Poison+1","Setup","Blur","J.A.X.","Outmaneuver+1","Infinite Blades","Acrobatics","Adrenaline","Deflect","Grand Finale","Acrobatics+1","Slice+1","Apotheosis+1","Endless Agony","Dagger Spray+1","Accuracy+1","Distraction","Bouncing Flask"],"max_hp_per_floor":[70,70,70,70,70,70,70,70,70,70,70,70,70,70,70,70,67,67,67,67,67,67,67,67,67,67,67,67,67,67,67,67,67,67,67,67,67,67,67,67,67,67,67,67,67,67,67,67,67,67],"relics":["Ring of the Snake","Shuriken","Bag of Marbles","Mercury Hourglass","Art of War","Centennial Puzzle","Astrolabe","Dodecahedron","Girya","Pantograph","Dream Catcher","Runic Dome","Shovel","Omamori","Old Coin"],"card_choices":[{"not_picked":["Quick Slash","Dodge and Roll"],"picked":"Dagger Spray","floor":1},{"not_picked":["Bane","Dagger Throw"],"picked":"Masterful Stab","floor":6},{"not_picked":["Underhanded Strike","Blade Dance"],"picked":"Dagger Spray","floor":8},{"not_picked":["Masterful Stab","Bane"],"picked":"Expertise","floor":11},{"not_picked":["Cloak And Dagger","Deadly Poison"],"picked":"Well Laid Plans","floor":12},{"not_picked":["All Out Attack","Dagger Throw"],"picked":"Calculated Gamble","floor":14},{"not_picked":["Phantasmal Killer","Glass Knife"],"picked":"Wraith Form","floor":16},{"not_picked":["Dagger Throw","Underhanded Strike"],"picked":"Setup","floor":18},{"not_picked":["Dash","Cloak And Dagger"],"picked":"Blur","floor":19},{"not_picked":["Choke","Bouncing Flask"],"picked":"Outmaneuver","floor":23},{"not_picked":["Sucker Punch","Eviscerate"],"picked":"Acrobatics","floor":28},{"not_picked":["Outmaneuver","Flying Knee"],"picked":"Adrenaline","floor":30},{"not_picked":["Catalyst","Predator"],"picked":"Deflect","floor":32},{"not_picked":["Tactician","Die Die Die"],"picked":"Grand Finale","floor":33},{"not_picked":["Deflect","Backstab"],"picked":"Acrobatics","floor":35},{"not_picked":["Deflect","Dagger Throw"],"picked":"Slice","floor":36},{"not_picked":["Calculated Gamble","Doppelganger"],"picked":"Endless Agony","floor":38},{"not_picked":["Calculated Gamble","Bane"],"picked":"Dagger Spray","floor":39},{"not_picked":["Dodge and Roll","Crippling Poison"],"picked":"Accuracy","floor":42},{"not_picked":["Bane","Dagger Spray"],"picked":"Distraction","floor":46},{"not_picked":["Deadly Poison","Eviscerate"],"picked":"Bouncing Flask","floor":47}],"player_experience":210682,"potions_floor_usage":[14,23,33,35,41,45,47,50,50],"damage_taken":[{"damage":1,"enemies":"2 Louse","floor":1,"turns":3},{"damage":42,"enemies":"Lagavulin","floor":6,"turns":7},{"damage":0,"enemies":"Cultist","floor":8,"turns":2},{"damage":2,"enemies":"3 Sentries","floor":11,"turns":3},{"damage":1,"enemies":"Jaw Worm","floor":12,"turns":3},{"damage":3,"enemies":"Gremlin Nob","floor":14,"turns":4},{"damage":17,"enemies":"Slime Boss","floor":16,"turns":7},{"damage":18,"enemies":"Chosen","floor":18,"turns":6},{"damage":0,"enemies":"3 Byrds","floor":19,"turns":4},{"damage":7,"enemies":"Book of Stabbing","floor":23,"turns":5},{"damage":15,"enemies":"Gremlin Leader","floor":28,"turns":4},{"damage":3,"enemies":"Centurion and Healer","floor":30,"turns":5},{"damage":63,"enemies":"Champ","floor":33,"turns":8},{"damage":2,"enemies":"Orb Walker","floor":35,"turns":3},{"damage":3,"enemies":"3 Darklings","floor":36,"turns":3},{"damage":17,"enemies":"Mysterious Sphere","floor":38,"turns":3},{"damage":3,"enemies":"4 Shapes","floor":39,"turns":1},{"damage":6,"enemies":"2 Orb Walkers","floor":41,"turns":3},{"damage":27,"enemies":"Maw","floor":42,"turns":5},{"damage":11,"enemies":"3 Darklings","floor":45,"turns":3},{"damage":0,"enemies":"Sphere and 2 Shapes","floor":46,"turns":3},{"damage":0,"enemies":"4 Shapes","floor":47,"turns":2},{"damage":50,"enemies":"Time Eater","floor":50,"turns":5}],"event_choices":[{"event_name":"Wheel of Change","player_choice":"Relic","floor":2,"damage_taken":0},{"event_name":"Liars Game","player_choice":"agreed","floor":3,"damage_taken":0},{"event_name":"Shining Light","player_choice":"Entered Light","floor":4,"damage_taken":0},{"event_name":"Living Wall","player_choice":"Forget","floor":5,"damage_taken":0},{"event_name":"Mushrooms","player_choice":"Healed and dodged fight","floor":13,"damage_taken":0},{"event_name":"Drug Dealer","player_choice":"Got JAXXED","floor":20,"damage_taken":0},{"event_name":"Back to Basics","player_choice":"Simplicity","floor":21,"damage_taken":0},{"event_name":"Addict","player_choice":"Obtained Relic","floor":22,"damage_taken":0},{"event_name":"The Library","player_choice":"Read","floor":24,"damage_taken":0},{"event_name":"Bonfire Elementals","player_choice":"BASIC","floor":31,"damage_taken":0},{"event_name":"Mysterious Sphere","player_choice":"Fight","floor":38,"damage_taken":0},{"event_name":"Upgrade Shrine","player_choice":"Upgraded","floor":44,"damage_taken":0}],"boss_relics":[{"not_picked":["Philosopher\u0027s Stone","Orrery"],"picked":"Astrolabe"},{"not_picked":["Sozu","Black Star"],"picked":"Runic Dome"}],"potions_floor_spawned":[11,14,16,30,33,39,42,46,47],"seed_played":"-788420350699187387","killed_by":"Time Eater","ascension_level":2,"is_trial":false}