{"path_per_floor":["M","M","?","$","M","R","E","R","T","M","R","?","M","M","R","B",null,"M","M","M","M","?","R","M","$","T","R","?","R","E","M","R","B",null,"M","M","M","?","M","R","M","R","T","R","M","$","?","M","R","B"],"character_chosen":"THE_SILENT","items_purchased":["Sucker Punch","Bouncing Flask","Omamori","Snake Skull"],"gold_per_floor":[114,129,129,76,96,96,131,131,131,148,148,148,158,172,172,273,273,253,267,286,296,296,296,315,122,122,122,122,122,149,165,165,261,261,271,284,300,300,318,318,332,332,332,332,352,125,0,18,18,18],"floor_reached":51,"campfire_rested":8,"playtime":2055,"current_hp_per_floor":[70,70,52,52,52,52,49,49,49,49,70,70,64,64,64,62,70,63,63,61,41,28,50,16,16,23,47,47,71,37,34,58,8,82,71,71,71,71,43,67,50,74,74,74,28,28,28,27,51,37],"items_purged":["Strike_G"],"gold":18,"score":763,"play_id":"b263cbbd-8857-4a18-b7d9-a753ca68628a","local_time":"20180321031255","is_prod":false,"is_daily":false,"is_ascension_mode":true,"campfire_upgraded":4,"timestamp":1521616375,"path_taken":["M","M","?","$","M","R","E","R","T","M","R","?","M","?","R","BOSS","M","M","M","M","?","R","M","$","T","R","?","R","E","M","R","BOSS","M","M","M","?","?","R","M","R","T","R","M","$","?","M","R","BOSS"],"build_version":"2018-03-15v3","purchased_purges":1,"victory":true,"master_deck":["Defend_G","Defend_G","Defend_G","Defend_G","Defend_G","Strike_G","Strike_G","Strike_G","Strike_G","Survivor","Neutralize","Backflip","Crippling Poison+1","Sucker Punch","Dagger Spray","Backstab+1","Footwork","Glass Knife+1","Wraith Form+1","Acrobatics+1","Deflect","Bouncing Flask","Catalyst+1","Adrenaline","Sucker Punch+1","Distraction","Malaise+1"],"max_hp_per_floor":[70,70,70,70,70,70,70,70,70,70,70,70,70,70,70,70,70,70,70,70,70,75,75,75,75,82,82,82,82,82,82,82,82,82,82,82,82,82,82,82,82,82,82,82,82,82,82,82,82,82],"relics":["Sozu","Paper Crane","Orichalcum","Matryoshka","Runic Dome","Omamori","Strawberry","Nloth\u0027s Gift","Bronze Scales","Cursed Key","Happy Flower","Torii","Snake Skull","Red Mask"],"card_choices":[{"not_picked":["Acrobatics","Deadly Poison"],"picked":"Backflip"},{"not_picked":["Dash","Bane"],"picked":"Crippling Poison"},{"not_picked":["Flying Knee","Infinite Blades"],"picked":"Dagger Spray"},{"not_picked":["Cloak And Dagger","Acrobatics"],"picked":"Backstab"},{"not_picked":["PiercingWail","Expertise"],"picked":"Footwork"},{"not_picked":["Catalyst","Deadly Poison"],"picked":"Glass Knife"},{"not_picked":["Night Terror","After Image"],"picked":"Wraith Form"},{"not_picked":["Bane","Outmaneuver"],"picked":"Acrobatics"},{"not_picked":["Tools of the Trade","Backflip"],"picked":"Deflect"},{"not_picked":["Unload","Crippling Poison"],"picked":"Catalyst"},{"not_picked":["Venomology","Unload"],"picked":"Adrenaline"},{"not_picked":["Dodge and Roll","Infinite Blades"],"picked":"Sucker Punch"},{"not_picked":["Dodge and Roll","Acrobatics"],"picked":"Distraction"},{"not_picked":["Riddle With Holes","Calculated Gamble"],"picked":"Malaise"}],"player_experience":229845,"potions_floor_usage":[],"damage_taken":[{"damage":0,"enemies":"Jaw Worm","floor":1,"turns":4},{"damage":0,"enemies":"Small Slimes","floor":2,"turns":3},{"damage":0,"enemies":"Cultist","floor":5,"turns":3},{"damage":3,"enemies":"3 Sentries","floor":7,"turns":9},{"damage":0,"enemies":"Looter","floor":10,"turns":3},{"damage":6,"enemies":"Exordium Thugs","floor":13,"turns":4},{"damage":0,"enemies":"3 Louse","floor":14,"turns":2},{"damage":2,"enemies":"The Guardian","floor":16,"turns":14},{"damage":7,"enemies":"2 Thieves","floor":18,"turns":4},{"damage":0,"enemies":"Spheric Guardian","floor":19,"turns":4},{"damage":2,"enemies":"Snecko","floor":20,"turns":6},{"damage":20,"enemies":"Chosen and Byrds","floor":21,"turns":8},{"damage":34,"enemies":"3 Cultists","floor":24,"turns":6},{"damage":34,"enemies":"Slavers","floor":30,"turns":7},{"damage":3,"enemies":"Cultist and Chosen","floor":31,"turns":5},{"damage":50,"enemies":"Champ","floor":33,"turns":10},{"damage":11,"enemies":"3 Darklings","floor":35,"turns":6},{"damage":0,"enemies":"3 Shapes","floor":36,"turns":4},{"damage":0,"enemies":"Sphere and 2 Shapes","floor":37,"turns":4},{"damage":28,"enemies":"4 Shapes","floor":39,"turns":5},{"damage":17,"enemies":"3 Darklings","floor":41,"turns":4},{"damage":46,"enemies":"Sphere and 2 Shapes","floor":45,"turns":6},{"damage":1,"enemies":"4 Shapes","floor":48,"turns":5},{"damage":14,"enemies":"Awakened One","floor":50,"turns":17}],"event_choices":[{"event_name":"Scrap Ooze","player_choice":"success","floor":3,"damage_taken":18},{"event_name":"The Woman in Blue","player_choice":"Bought 0 Potions","floor":12,"damage_taken":0},{"event_name":"Forgotten Altar","player_choice":"Shed Blood","floor":22,"damage_taken":0},{"event_name":"N\u0027loth","player_choice":"Traded a Ornamental Fan","floor":28,"damage_taken":0},{"event_name":"Mysterious Sphere","player_choice":"Ignore","floor":38,"damage_taken":0},{"event_name":"Tomb of Lord Red Mask","player_choice":"Paid","floor":47,"damage_taken":0}],"boss_relics":[{"not_picked":["Orrery","Black Star"],"picked":"Runic Dome"},{"not_picked":["Eternal Feather","Philosopher\u0027s Stone"],"picked":"Cursed Key"}],"potions_floor_spawned":[7,10,14,19,20,21,31,37,39,45],"seed_played":"-1386573110302001608","ascension_level":2,"is_trial":false}