{"gold_per_floor":[114,14,25,43,43,43,73,73,73,73,73,73,102,116,116,190,190,203,221,221,221,231,231,245,255,255,275,286,286,316,4,4,77,77,95,114,114,114,114,149,149,176,176,176,176,176],"floor_reached":46,"playtime":5259,"items_purged":["Defend_B","Pain"],"score":1112,"play_id":"dcf7d9ee-9764-4d0b-a5f3-b4b03630f566","local_time":"20190828005931","is_ascension_mode":true,"campfire_choices":[{"data":"Zap","floor":6.0,"key":"SMITH"},{"floor":8.0,"key":"REST"},{"data":"Redo","floor":11.0,"key":"SMITH"},{"floor":15.0,"key":"REST"},{"data":"Buffer","floor":23,"key":"SMITH"},{"data":"Defragment","floor":29,"key":"SMITH"},{"data":"Static Discharge","floor":32,"key":"SMITH"},{"data":"Coolheaded","floor":41,"key":"SMITH"},{"floor":44,"key":"REST"}],"neow_cost":"NONE","seed_source_timestamp":0,"circlet_count":0,"master_deck":["AscendersBane","Defend_B","Defend_B","Defend_B","Zap+1","Dualcast","Turbo","Redo+1","Coolheaded+1","Echo Form","Electrodynamics","Cold Snap","Buffer+1","Undo","Conserve Battery","Bite","Bite","Bite","Bite","Bite","Stack+1","Static Discharge+1","BootSequence+1","Defragment+1","Doom and Gloom+1","Glacier","Thunder Strike","Compile Driver+1","Force Field+1","Dark Shackles","Dark Shackles","PanicButton"],"special_seed":0,"relics":["Cracked Core","Pocketwatch","Bottled Lightning","Du-Vu Doll","WarpedTongs","Lantern","Runic Dome","NlothsMask","Bag of Marbles","Medical Kit","Sozu","Art of War","Centennial Puzzle","Blue Candle"],"potions_floor_usage":[22,27,30,42],"damage_taken":[{"damage":2.0,"enemies":"Jaw Worm","floor":1.0,"turns":3.0},{"damage":7.0,"enemies":"Small Slimes","floor":3.0,"turns":3.0},{"damage":1.0,"enemies":"Cultist","floor":4.0,"turns":3.0},{"damage":48.0,"enemies":"Gremlin Nob","floor":7.0,"turns":4.0},{"damage":7.0,"enemies":"Lagavulin","floor":13.0,"turns":5.0},{"damage":15.0,"enemies":"Gremlin Gang","floor":14.0,"turns":3.0},{"damage":24.0,"enemies":"The Guardian","floor":16.0,"turns":10.0},{"damage":24.0,"enemies":"Shell Parasite","floor":18.0,"turns":6.0},{"damage":15.0,"enemies":"Spheric Guardian","floor":19.0,"turns":5.0},{"damage":8,"enemies":"Snecko","floor":22,"turns":6},{"damage":21,"enemies":"Shelled Parasite and Fungi","floor":24,"turns":6},{"damage":6,"enemies":"Centurion and Healer","floor":25,"turns":7},{"damage":6,"enemies":"Snecko","floor":27,"turns":5},{"damage":2,"enemies":"Chosen and Byrds","floor":28,"turns":6},{"damage":21,"enemies":"Gremlin Leader","floor":30,"turns":6},{"damage":3,"enemies":"Automaton","floor":33,"turns":10},{"damage":0,"enemies":"3 Shapes","floor":35,"turns":4},{"damage":0,"enemies":"3 Darklings","floor":36,"turns":4},{"damage":1,"enemies":"Giant Head","floor":40,"turns":9},{"damage":53,"enemies":"Reptomancer","floor":42,"turns":7},{"damage":35,"enemies":"Spire Growth","floor":46,"turns":2}],"seed_played":"-2444206730491539476","potions_obtained":[{"floor":3.0,"key":"Regen Potion"},{"floor":13.0,"key":"SpeedPotion"},{"floor":16.0,"key":"Swift Potion"},{"floor":19.0,"key":"FocusPotion"},{"floor":25,"key":"Energy Potion"},{"floor":30,"key":"SpeedPotion"},{"floor":33,"key":"Explosive Potion"}],"is_trial":false,"path_per_floor":["M","$","M","M","?","R","E","R","T","?","R","?","E","M","R","B",null,"M","M","?","?","M","R","M","M","T","M","M","R","E","$","R","B",null,"M","M","?","?","T","E","R","E","T","R","?","M"],"character_chosen":"DEFECT","items_purchased":["Redo","Medical Kit"],"campfire_rested":3,"item_purchase_floors":[2,31],"current_hp_per_floor":[62,62,55,54,49,49,1,22,22,22,22,22,29,14,35,11,56,32,17,17,17,23,23,19,33,33,47,49,49,41,41,41,49,49,49,49,39,39,39,49,49,6,6,20,20,0],"gold":176,"neow_bonus":"REMOVE_CARD","is_prod":false,"is_daily":false,"chose_seed":false,"campfire_upgraded":6,"win_rate":0,"timestamp":1566979171,"path_taken":["M","$","M","M","?","R","E","R","T","?","R","?","E","?","R","BOSS","M","?","?","?","?","R","M","M","T","M","?","R","E","$","R","BOSS","M","?","?","?","?","E","R","E","T","R","?","?"],"build_version":"2019-07-17","purchased_purges":2,"victory":false,"max_hp_per_floor":[71,71,71,71,71,71,71,71,71,71,71,71,71,71,71,71,71,71,71,49,49,49,49,49,49,49,49,49,49,49,49,49,49,49,49,49,49,49,49,49,49,49,49,49,49,49],"card_choices":[{"not_picked":["Aggregate","Stack"],"picked":"Turbo","floor":1.0},{"not_picked":["Stack","Turbo"],"picked":"Beam Cell","floor":3.0},{"not_picked":["Conserve Battery","Heatsinks"],"picked":"Coolheaded","floor":4.0},{"not_picked":["Compile Driver","Streamline"],"picked":"Echo Form","floor":7.0},{"not_picked":["Aggregate","Conserve Battery"],"picked":"Electrodynamics","floor":13.0},{"not_picked":["Hologram","Aggregate"],"picked":"Cold Snap","floor":14.0},{"not_picked":["Amplify","Seek"],"picked":"Buffer","floor":16.0},{"not_picked":["Cold Snap","Gash"],"picked":"Undo","floor":18.0},{"not_picked":["Stack","Steam"],"picked":"Conserve Battery","floor":19.0},{"not_picked":["Ball Lightning","Chaos"],"picked":"Stack+1","floor":22},{"not_picked":["FTL","Stack"],"picked":"Static Discharge","floor":24},{"not_picked":["Blizzard","Go for the Eyes"],"picked":"BootSequence+1","floor":25},{"not_picked":["Ball Lightning","Rip and Tear"],"picked":"Defragment","floor":27},{"not_picked":["Compile Driver","Beam Cell"],"picked":"Doom and Gloom+1","floor":28},{"not_picked":["Coolheaded+1","Thunder Strike"],"picked":"Glacier","floor":30},{"not_picked":["Multi-Cast","All For One"],"picked":"Thunder Strike","floor":33},{"not_picked":["Sunder","Cold Snap"],"picked":"Compile Driver+1","floor":35},{"not_picked":["Recycle","Rebound+1"],"picked":"Force Field+1","floor":36},{"not_picked":["Jack Of All Trades","Good Instincts"],"picked":"Dark Shackles","floor":37},{"not_picked":["Finesse","Flash of Steel"],"picked":"Dark Shackles","floor":37},{"not_picked":["Trip","Flash of Steel"],"picked":"PanicButton","floor":37},{"not_picked":["Cold Snap","Fusion","Rip and Tear"],"picked":"SKIP","floor":40},{"not_picked":["Leap","Turbo+1","Darkness"],"picked":"SKIP","floor":42}],"player_experience":791205,"relics_obtained":[{"floor":7.0,"key":"Bottled Lightning"},{"floor":9.0,"key":"Du-Vu Doll"},{"floor":13.0,"key":"Lantern"},{"floor":30,"key":"Bag of Marbles"},{"floor":40,"key":"Art of War"},{"floor":42,"key":"Centennial Puzzle"},{"floor":43,"key":"Blue Candle"}],"event_choices":[{"damage_healed":0.0,"max_hp_gain":0.0,"max_hp_loss":0.0,"gold_gain":0.0,"event_name":"Scrap Ooze","player_choice":"Success","floor":5.0,"gold_loss":0.0,"damage_taken":5.0,"relics_obtained":["Pocketwatch"]},{"damage_healed":0.0,"max_hp_gain":0.0,"max_hp_loss":0.0,"gold_gain":0.0,"event_name":"Dead Adventurer","player_choice":"Searched \u00270\u0027 times","floor":10.0,"gold_loss":0.0,"damage_taken":0.0},{"damage_healed":0.0,"max_hp_gain":0.0,"max_hp_loss":0.0,"gold_gain":0.0,"event_name":"Accursed Blacksmith","player_choice":"Rummage","floor":12.0,"gold_loss":0.0,"damage_taken":0.0,"relics_obtained":["WarpedTongs"],"cards_obtained":["Pain"]},{"damage_healed":0.0,"max_hp_gain":0.0,"max_hp_loss":22.0,"gold_gain":0.0,"event_name":"Vampires","player_choice":"Became a vampire","floor":20.0,"gold_loss":0.0,"damage_taken":0.0,"cards_obtained":["Bite","Bite","Bite","Bite","Bite"]},{"damage_healed":0.0,"max_hp_gain":0.0,"max_hp_loss":0.0,"gold_gain":0.0,"event_name":"FaceTrader","player_choice":"Trade","floor":21.0,"gold_loss":0.0,"damage_taken":0.0,"relics_obtained":["NlothsMask"]},{"damage_healed":0,"gold_gain":0,"player_choice":"Memory 3","damage_taken":10,"max_hp_gain":0,"max_hp_loss":0,"event_name":"SensoryStone","floor":37,"gold_loss":0},{"damage_healed":0,"gold_gain":0,"player_choice":"Ignored","damage_taken":0,"max_hp_gain":0,"max_hp_loss":0,"event_name":"Tomb of Lord Red Mask","floor":38,"gold_loss":0},{"cards_removed":["Beam Cell"],"damage_healed":0,"gold_gain":0,"player_choice":"Removed Attack","damage_taken":0,"max_hp_gain":0,"max_hp_loss":0,"event_name":"Falling","floor":45,"gold_loss":0}],"is_beta":false,"boss_relics":[{"not_picked":["FrozenCore","White Beast Statue"],"picked":"Runic Dome"},{"not_picked":["Philosopher\u0027s Stone","Velvet Choker"],"picked":"Sozu"}],"items_purged_floors":[2,31],"is_endless":false,"potions_floor_spawned":[3,13,16,19,25,30,33,35,40],"killed_by":"Spire Growth","ascension_level":20}