{"path_per_floor":["M","T","M","M","?","R","E","?","T","R","E","M","R","$","R","B",null,"M","$","?","M","M","E","R","$","T","M","?","M","?","M","R","B",null,"M","?","M","?","M","R","M","?","T","R","?","M","R","M","R","B"],"character_chosen":"IRONCLAD","items_purchased":["Mummified Hand","Flame Barrier"],"gold_per_floor":[118,118,133,151,151,151,179,179,225,225,258,275,275,33,33,138,138,155,80,80,100,117,174,174,94,94,107,207,219,219,233,233,335,335,355,455,469,469,488,488,502,502,502,502,502,521,521,539,539,539],"floor_reached":51,"campfire_rested":2,"playtime":1459,"current_hp_per_floor":[80,80,68,67,67,67,49,49,49,49,41,46,46,46,70,74,80,80,80,80,65,60,65,65,65,65,71,71,62,54,60,80,80,80,80,80,80,80,80,80,68,68,68,68,68,70,70,74,74,42],"items_purged":["Strike_R"],"gold":539,"score":752,"play_id":"a7fa43f2-b864-4d00-9f33-c0c334a19a70","local_time":"20180406001106","is_prod":false,"is_daily":false,"is_ascension_mode":false,"campfire_upgraded":8,"timestamp":1522987866,"path_taken":["M","?","M","M","?","R","E","?","T","R","E","M","R","$","R","BOSS","M","$","?","M","M","E","R","$","T","M","?","M","?","M","R","BOSS","M","?","M","?","?","R","M","?","T","R","?","M","R","M","R","BOSS"],"build_version":"2018-04-05","purchased_purges":1,"victory":true,"master_deck":["Strike_R","Defend_R+1","Defend_R","Defend_R+1","Defend_R+1","Bash+1","Cleave+1","Body Slam+1","Armaments+1","Uppercut+1","Inflame+1","Rampage+1","Barricade+1","Flame Barrier+1","Shrug It Off+1","Juggernaut+1","Second Wind+1","Brutality+1","Dual Wield+1","Body Slam+1","Shrug It Off+1"],"max_hp_per_floor":[80,80,80,80,80,80,80,80,80,80,80,80,80,80,80,80,80,80,80,80,80,80,80,80,80,80,80,80,80,80,80,80,80,80,80,80,80,80,80,80,80,80,80,80,80,80,80,80,80,80],"relics":["Burning Blood","Oddly Smooth Stone","Ice Cream","Gremlin Horn","Torii","War Paint","Frozen Egg 2","Mummified Hand","Velvet Choker","Tiny Chest","Bag of Marbles","Astrolabe","Thread and Needle"],"card_choices":[{"not_picked":["Iron Wave","Evolve"],"picked":"Cleave","floor":1},{"not_picked":["Warcry","Clothesline"],"picked":"Body Slam","floor":3},{"not_picked":["Exhume","Sword Boomerang"],"picked":"Armaments","floor":4},{"not_picked":["Headbutt","Evolve"],"picked":"Uppercut","floor":7},{"not_picked":["True Grit","Warcry"],"picked":"Inflame","floor":11},{"not_picked":["Carnage","Body Slam"],"picked":"Rampage","floor":12},{"not_picked":["Impervious","Juggernaut"],"picked":"Barricade","floor":16},{"not_picked":["Clothesline","Cleave"],"picked":"Shrug It Off","floor":29},{"not_picked":["Reaper","Bludgeon"],"picked":"Juggernaut","floor":33},{"not_picked":["Thunderclap","Clash"],"picked":"Body Slam","floor":37},{"not_picked":["Pommel Strike","Armaments"],"picked":"Shrug It Off","floor":46}],"player_experience":311719,"potions_floor_usage":[29,50,50,50],"damage_taken":[{"damage":6,"enemies":"Cultist","floor":1,"turns":3},{"damage":18,"enemies":"Jaw Worm","floor":3,"turns":4},{"damage":7,"enemies":"Small Slimes","floor":4,"turns":4},{"damage":24,"enemies":"3 Sentries","floor":7,"turns":7},{"damage":14,"enemies":"Lagavulin","floor":11,"turns":5},{"damage":1,"enemies":"2 Fungi Beasts","floor":12,"turns":2},{"damage":2,"enemies":"Slime Boss","floor":16,"turns":8},{"damage":0,"enemies":"Spheric Guardian","floor":18,"turns":3},{"damage":21,"enemies":"2 Thieves","floor":21,"turns":4},{"damage":11,"enemies":"Sentry and Sphere","floor":22,"turns":5},{"damage":1,"enemies":"Gremlin Leader","floor":23,"turns":6},{"damage":0,"enemies":"Centurion and Healer","floor":27,"turns":5},{"damage":15,"enemies":"Chosen and Byrds","floor":29,"turns":5},{"damage":0,"enemies":"Cultist and Chosen","floor":31,"turns":4},{"damage":0,"enemies":"Champ","floor":33,"turns":12},{"damage":3,"enemies":"3 Darklings","floor":35,"turns":4},{"damage":2,"enemies":"Orb Walker","floor":37,"turns":3},{"damage":5,"enemies":"Maw","floor":39,"turns":6},{"damage":18,"enemies":"4 Shapes","floor":41,"turns":5},{"damage":4,"enemies":"3 Darklings","floor":46,"turns":4},{"damage":2,"enemies":"Sphere and 2 Shapes","floor":48,"turns":3},{"damage":38,"enemies":"Awakened One","floor":50,"turns":12}],"event_choices":[{"event_name":"Living Wall","player_choice":"Grow","floor":5,"damage_taken":0},{"event_name":"Wheel of Change","player_choice":"Relic","floor":8,"damage_taken":0},{"event_name":"Vampires","player_choice":"Ignored","floor":20,"damage_taken":0},{"event_name":"Golden Shrine","player_choice":"Pray","floor":28,"damage_taken":0},{"event_name":"Knowing Skull","player_choice":"","floor":30,"damage_taken":0},{"event_name":"Golden Shrine","player_choice":"Pray","floor":36,"damage_taken":0},{"event_name":"Mysterious Sphere","player_choice":"Ignore","floor":38,"damage_taken":0},{"event_name":"SensoryStone","player_choice":"Memory 1","floor":42,"damage_taken":0},{"event_name":"Upgrade Shrine","player_choice":"Upgraded","floor":45,"damage_taken":0}],"boss_relics":[{"not_picked":["Pandora\u0027s Box","Black Blood"],"picked":"Velvet Choker"},{"not_picked":["Tiny House","Runic Pyramid"],"picked":"Astrolabe"}],"potions_floor_spawned":[4,7,18,23,27,33,35,39,41,48],"seed_played":"2382559874620360808","ascension_level":0,"is_trial":false}