{"path_per_floor":["M","M","M","M","?","R","$","M","T","R","E","?","M","T","R","B",null,"M","?","$","M","M","R","M","M","T","$","M","M","M","?","R","B",null,"M","$","?","?","M"],"character_chosen":"THE_SILENT","items_purchased":["Catalyst","Bouncing Flask","Dash","Apotheosis"],"gold_per_floor":[18,36,49,61,61,61,61,73,73,73,106,106,118,141,141,236,236,256,256,62,79,95,95,115,134,159,90,103,120,132,132,132,233,233,248,51,51,51,69],"floor_reached":40,"campfire_rested":3,"playtime":1598,"current_hp_per_floor":[64,62,62,36,29,50,50,48,48,48,31,48,41,41,62,47,70,69,56,56,33,5,27,14,14,14,14,14,14,11,75,75,75,75,46,46,46,46,32],"items_purged":["Strike_G"],"gold":69,"score":467,"play_id":"20ec4036-6fa1-4c8a-8d6f-aec5cbae93e5","local_time":"20180320210140","is_prod":false,"is_daily":false,"is_ascension_mode":false,"campfire_upgraded":2,"timestamp":1521594100,"path_taken":["M","M","M","M","?","R","?","M","T","R","E","?","M","?","R","BOSS","M","?","$","M","M","R","?","M","T","?","M","M","?","?","R","BOSS","M","$","?","?","M","E"],"build_version":"2018-03-15v3","purchased_purges":1,"victory":false,"master_deck":["Defend_G","Defend_G","Defend_G","Defend_G","Strike_G","Strike_G","Survivor","Neutralize","Dagger Spray","Bouncing Flask","Burst","Sucker Punch+1","Footwork","Parasite","Noxious Fumes","Tools of the Trade","Bouncing Flask","Catalyst+1","Bouncing Flask","Bullet Time","Dash","Dash+1","Well Laid Plans+1","Die Die Die","Dagger Spray","Apotheosis"],"max_hp_per_floor":[70,70,70,70,70,70,70,70,70,70,70,70,70,70,70,70,70,70,75,75,75,75,75,75,75,75,75,75,75,75,75,75,75,75,75,75,75,75,75],"relics":["Ring of the Snake","Thread and Needle","Happy Flower","Art of War","Philosopher\u0027s Stone","Snake Skull","Sozu"],"card_choices":[{"not_picked":["Endless Agony","Acrobatics"],"picked":"Dagger Spray"},{"not_picked":["Slice","Quick Slash"],"picked":"Bouncing Flask"},{"not_picked":["Dagger Throw","Predator"],"picked":"Burst"},{"not_picked":["Dagger Spray","Dodge and Roll"],"picked":"Sucker Punch"},{"not_picked":["Malaise","Acrobatics"],"picked":"Footwork"},{"not_picked":["Calculated Gamble","Choke"],"picked":"Noxious Fumes"},{"not_picked":["A Thousand Cuts","Night Terror"],"picked":"Tools of the Trade"},{"not_picked":["Outmaneuver","Prepared"],"picked":"Bouncing Flask"},{"not_picked":["Leg Sweep","Flying Knee"],"picked":"Bullet Time"},{"not_picked":["Deflect","Flying Knee"],"picked":"Dash"},{"not_picked":["Bane","Sucker Punch"],"picked":"Well Laid Plans"},{"not_picked":["Venomology","Grand Finale"],"picked":"Die Die Die"},{"not_picked":["Dagger Throw","Distraction"],"picked":"Dagger Spray"}],"player_experience":220958,"potions_floor_usage":[22,28,40,40],"damage_taken":[{"damage":6,"enemies":"2 Louse","floor":1,"turns":3},{"damage":2,"enemies":"Cultist","floor":2,"turns":5},{"damage":0,"enemies":"Small Slimes","floor":3,"turns":2},{"damage":26,"enemies":"Gremlin Gang","floor":4,"turns":3},{"damage":2,"enemies":"Looter","floor":8,"turns":3},{"damage":17,"enemies":"Lagavulin","floor":11,"turns":6},{"damage":7,"enemies":"3 Louse","floor":13,"turns":3},{"damage":15,"enemies":"The Guardian","floor":16,"turns":8},{"damage":1,"enemies":"Chosen","floor":18,"turns":4},{"damage":23,"enemies":"2 Thieves","floor":21,"turns":3},{"damage":28,"enemies":"Cultist and Chosen","floor":22,"turns":5},{"damage":13,"enemies":"3 Cultists","floor":24,"turns":6},{"damage":0,"enemies":"Snecko","floor":25,"turns":3},{"damage":0,"enemies":"Centurion and Healer","floor":28,"turns":6},{"damage":0,"enemies":"Snake Plant","floor":29,"turns":2},{"damage":3,"enemies":"Sentry and Sphere","floor":30,"turns":4},{"damage":0,"enemies":"Champ","floor":33,"turns":6},{"damage":29,"enemies":"3 Darklings","floor":35,"turns":6},{"damage":14,"enemies":"3 Shapes","floor":39,"turns":3},{"damage":37,"enemies":"2 Orb Walkers","floor":40,"turns":2}],"event_choices":[{"event_name":"Golden Wing","player_choice":"Card Removal","floor":5,"damage_taken":0},{"event_name":"Mushrooms","player_choice":"Healed and dodged fight","floor":12,"damage_taken":0},{"event_name":"Forgotten Altar","player_choice":"Shed Blood","floor":19,"damage_taken":0},{"event_name":"Wheel of Change","player_choice":"Full Heal","floor":31,"damage_taken":0},{"event_name":"The Woman in Blue","player_choice":"Bought 0 Potions","floor":37,"damage_taken":0},{"event_name":"The Lab","player_choice":"Got Potions","floor":38,"damage_taken":0}],"boss_relics":[{"not_picked":["Lizard Tail","Orrery"],"picked":"Philosopher\u0027s Stone"},{"not_picked":["Runic Dome","Eternal Feather"],"picked":"Sozu"}],"potions_floor_spawned":[3,4,11,13,18,22,24,29,35],"seed_played":"-3778145528833329127","killed_by":"2 Orb Walkers","ascension_level":0,"is_trial":false}