{"gold_per_floor":[367,382,395,126,138,173,184,219,219,219,219,236,270,289,289,289],"floor_reached":16,"playtime":1202,"items_purged":[],"score":174,"play_id":"a8db906d-be70-4439-85f2-660d585b3b3b","local_time":"20190227063352","is_ascension_mode":true,"campfire_choices":[{"data":"Armaments","floor":10,"key":"SMITH"},{"floor":15,"key":"REST"}],"neow_cost":"TEN_PERCENT_HP_LOSS","seed_source_timestamp":660866778025,"circlet_count":0,"master_deck":["Strike_R+1","Strike_R","Strike_R","Strike_R","Strike_R","Defend_R","Defend_R","Defend_R","Defend_R","Bash+1","Headbutt","Perfected Strike","Warcry","Armaments+1","Intimidate","Twin Strike","Impervious","Rupture+1","Perfected Strike","Armaments","Warcry","Whirlwind"],"relics":["Burning Blood","Whetstone","Bottled Lightning","Dream Catcher","Bottled Tornado","Letter Opener"],"potions_floor_usage":[6,12,13,13,16],"damage_taken":[{"damage":1,"enemies":"Cultist","floor":1,"turns":3},{"damage":8,"enemies":"2 Louse","floor":2,"turns":3},{"damage":0,"enemies":"Small Slimes","floor":3,"turns":3},{"damage":8,"enemies":"3 Louse","floor":5,"turns":4},{"damage":28,"enemies":"Lagavulin","floor":6,"turns":5},{"damage":4,"enemies":"Looter","floor":7,"turns":3},{"damage":25,"enemies":"3 Sentries","floor":8,"turns":7},{"damage":7,"enemies":"Large Slime","floor":12,"turns":6},{"damage":15,"enemies":"Lagavulin","floor":13,"turns":4},{"damage":2,"enemies":"2 Fungi Beasts","floor":14,"turns":3},{"damage":49,"enemies":"The Guardian","floor":16,"turns":14}],"seed_played":"-85114450540301916","potions_obtained":[{"floor":1,"key":"SmokeBomb"},{"floor":5,"key":"Energy Potion"},{"floor":12,"key":"Energy Potion"},{"floor":14,"key":"Poison Potion"}],"is_trial":false,"path_per_floor":["M","M","M","$","M","E","M","E","T","R","?","M","E","M","R","B"],"character_chosen":"IRONCLAD","items_purchased":["Whetstone","Armaments","Block Potion","Strength Potion"],"campfire_rested":1,"item_purchase_floors":[4,4,4,4],"current_hp_per_floor":[72,70,72,72,70,48,50,31,31,31,31,30,21,25,46,0],"gold":289,"neow_bonus":"TWO_FIFTY_GOLD","is_prod":false,"is_daily":false,"chose_seed":false,"campfire_upgraded":1,"win_rate":0,"timestamp":1551245632,"path_taken":["M","?","M","$","M","E","M","E","T","R","?","M","E","M","R","BOSS"],"build_version":"2019-01-23","purchased_purges":0,"victory":false,"max_hp_per_floor":[72,72,72,72,72,72,72,72,72,72,72,72,72,72,72,72],"card_choices":[{"not_picked":["Rupture","Wild Strike"],"picked":"Headbutt","floor":1},{"not_picked":["Disarm","Wild Strike"],"picked":"Perfected Strike","floor":2},{"not_picked":["Flex","Anger"],"picked":"Warcry","floor":3},{"not_picked":["Body Slam","Rage"],"picked":"Intimidate","floor":5},{"not_picked":["Warcry","Anger"],"picked":"Twin Strike","floor":6},{"not_picked":["Anger","Headbutt"],"picked":"Impervious","floor":7},{"not_picked":["Body Slam","Evolve"],"picked":"Rupture","floor":8},{"not_picked":["Iron Wave","Body Slam"],"picked":"Perfected Strike","floor":12},{"not_picked":["Blood for Blood","Pummel"],"picked":"Armaments","floor":13},{"not_picked":["Havoc","Heavy Blade"],"picked":"Warcry","floor":14},{"not_picked":["Second Wind","Reckless Charge"],"picked":"Whirlwind","floor":15}],"player_experience":276865,"relics_obtained":[{"floor":6,"key":"Bottled Lightning"},{"floor":8,"key":"Dream Catcher"},{"floor":9,"key":"Bottled Tornado"},{"floor":13,"key":"Letter Opener"}],"event_choices":[{"damage_healed":0,"gold_gain":0,"player_choice":"Upgraded","damage_taken":0,"max_hp_gain":0,"max_hp_loss":0,"event_name":"Upgrade Shrine","floor":11,"gold_loss":0,"cards_upgraded":["Rupture"]}],"is_beta":false,"boss_relics":[],"items_purged_floors":[],"is_endless":false,"potions_floor_spawned":[1,5,12,14],"killed_by":"The Guardian","ascension_level":8}