{"gold_per_floor":[216,236,6,6,20,50,61,74,74,74,89,89,106,106,106,106],"floor_reached":16,"playtime":460,"items_purged":[],"score":182,"play_id":"ab2a0dc5-a4b8-4745-99c8-54f4c610bc8d","local_time":"20190105090829","is_ascension_mode":true,"campfire_choices":[{"floor":10,"key":"REST"},{"data":"Sunder","floor":12,"key":"SMITH"},{"data":"Loop","floor":15,"key":"SMITH"}],"neow_cost":"NONE","seed_source_timestamp":1351367300015851,"circlet_count":0,"master_deck":["AscendersBane","Strike_B","Strike_B","Strike_B","Strike_B","Defend_B","Defend_B","Defend_B","Defend_B","Zap","Dualcast","Leap","Steam","Sunder+1","Core Surge","Loop+1","Glacier","Glacier"],"special_seed":0,"relics":["Cracked Core","Centennial Puzzle","Bottled Lightning"],"potions_floor_usage":[13],"damage_taken":[{"damage":2.0,"enemies":"Jaw Worm","floor":1.0,"turns":3.0},{"damage":4.0,"enemies":"Small Slimes","floor":2.0,"turns":3.0},{"damage":0.0,"enemies":"2 Louse","floor":5.0,"turns":3.0},{"damage":16.0,"enemies":"Gremlin Nob","floor":6.0,"turns":3.0},{"damage":18.0,"enemies":"Exordium Thugs","floor":7.0,"turns":9.0},{"damage":8.0,"enemies":"Exordium Wildlife","floor":8.0,"turns":3.0},{"damage":1,"enemies":"Gremlin Gang","floor":11,"turns":6},{"damage":0,"enemies":"3 Louse","floor":13,"turns":3},{"damage":59,"enemies":"Slime Boss","floor":16,"turns":8}],"seed_played":"8309520846002175090","potions_obtained":[{"floor":2.0,"key":"SneckoOil"},{"floor":5.0,"key":"FearPotion"},{"floor":7.0,"key":"Block Potion"}],"is_trial":false,"path_per_floor":["M","M","$","?","M","E","M","M","T","R","M","R","M","?","R","B"],"character_chosen":"DEFECT","items_purchased":["Sunder","Core Surge"],"campfire_rested":1,"item_purchase_floors":[3,3],"current_hp_per_floor":[62,58,58,58,58,42,24,16,16,37,36,36,36,59,59,0],"gold":106,"neow_bonus":"HUNDRED_GOLD","is_prod":false,"is_daily":false,"chose_seed":false,"campfire_upgraded":2,"win_rate":0,"timestamp":1546675709,"path_taken":["M","M","$","?","M","E","M","M","T","R","M","R","M","?","R","BOSS"],"build_version":"2019-01-03v4","purchased_purges":0,"victory":false,"max_hp_per_floor":[71,71,71,71,71,71,71,71,71,71,71,71,71,71,71,71],"card_choices":[{"not_picked":["Streamline","Cold Snap"],"picked":"Leap","floor":1.0},{"not_picked":["Go for the Eyes","Conserve Battery"],"picked":"Steam","floor":2.0},{"not_picked":["Chill","Gash"],"picked":"Loop","floor":5.0},{"not_picked":["Storm","Coolheaded"],"picked":"Glacier","floor":6.0},{"not_picked":["Stack","Go for the Eyes"],"picked":"Glacier","floor":7.0},{"not_picked":["Cold Snap","Coolheaded","Sunder"],"picked":"SKIP","floor":8.0},{"not_picked":["Multi-Cast","Gash","Skim"],"picked":"SKIP","floor":11},{"not_picked":["Redo","Gash","Turbo"],"picked":"SKIP","floor":13}],"player_experience":397823,"relics_obtained":[{"floor":6.0,"key":"Centennial Puzzle"},{"floor":9,"key":"Bottled Lightning"}],"event_choices":[{"damage_healed":0.0,"max_hp_gain":0.0,"max_hp_loss":0.0,"gold_gain":0.0,"event_name":"Shining Light","player_choice":"Ignored","floor":4.0,"gold_loss":0.0,"damage_taken":0.0},{"damage_healed":23,"gold_gain":0,"player_choice":"Banana","damage_taken":0,"max_hp_gain":0,"max_hp_loss":0,"event_name":"Big Fish","floor":14,"gold_loss":0}],"is_beta":false,"boss_relics":[],"items_purged_floors":[],"is_endless":false,"potions_floor_spawned":[2,5,7],"killed_by":"Slime Boss","ascension_level":15}