{"gold_per_floor":[114,65,80,95,95,125,137,164,176,245,257,284,326,288,300,412,424,451,478,490,517,544,586,398,398,398,428,443,443,443,458,458,558,558,573,588,388,403,403,433,433,448,498,498,84,84,99,129,129,129],"floor_reached":51,"playtime":2037,"items_purged":["Darkness+1"],"score":857,"play_id":"38a50c50-bd0e-4e85-8041-fafe50e2f09e","local_time":"20181221042024","daily_mods":["SealedDeck","Blue Cards","Night Terrors"],"is_ascension_mode":false,"campfire_choices":[{"data":"Armaments","floor":7.0,"key":"SMITH"},{"data":"Seeing Red","floor":11.0,"key":"SMITH"},{"data":"Inflame","floor":15.0,"key":"SMITH"},{"data":"Hyperbeam","floor":25.0,"key":"SMITH"},{"floor":29.0,"key":"REST"},{"floor":32.0,"key":"REST"},{"floor":41,"key":"REST"},{"data":"Evolve","floor":46,"key":"SMITH"},{"data":"True Grit","floor":49,"key":"SMITH"}],"neow_cost":"","seed_source_timestamp":0,"circlet_count":0,"master_deck":["Pummel","True Grit+1","Leap","Auto Shields","Cleave","Cleave","Seeing Red+1","Cleave","Armaments+1","Inflame+1","Shrug It Off","Evolve+1","Clash","Shrug It Off+1","Hyperbeam+1","Darkness+1","Steam Power+1","White Noise+1","Auto Shields+1","Necronomicurse","Offering+1","Thunderclap+1","Seek+1","Hologram+1","Steam+1","Offering+1","Conserve Battery+1","Deep Breath+1","Good Instincts+1"],"special_seed":17886,"relics":["Black Blood","MawBank","Dodecahedron","Toxic Egg 2","Black Star","Mango","Prayer Wheel","ClockworkSouvenir","Molten Egg 2","Nunchaku","Bottled Tornado","Necronomicon","DollysMirror","Letter Opener","Omamori","Art of War","Strange Spoon","Mercury Hourglass","Bag of Marbles"],"potions_floor_usage":[40,50,50,50],"damage_taken":[{"damage":0.0,"enemies":"Small Slimes","floor":1.0,"turns":2.0},{"damage":0.0,"enemies":"Jaw Worm","floor":3.0,"turns":2.0},{"damage":0.0,"enemies":"2 Louse","floor":4.0,"turns":3.0},{"damage":13.0,"enemies":"Lagavulin","floor":6.0,"turns":6.0},{"damage":0.0,"enemies":"Looter","floor":8.0,"turns":3.0},{"damage":0.0,"enemies":"Gremlin Gang","floor":12.0,"turns":2.0},{"damage":4.0,"enemies":"3 Sentries","floor":13.0,"turns":3.0},{"damage":9.0,"enemies":"Slime Boss","floor":16.0,"turns":7.0},{"damage":13.0,"enemies":"2 Thieves","floor":18.0,"turns":3.0},{"damage":0.0,"enemies":"3 Byrds","floor":19.0,"turns":3.0},{"damage":16.0,"enemies":"Shelled Parasite and Fungi","floor":21.0,"turns":6.0},{"damage":9.0,"enemies":"Snake Plant","floor":22.0,"turns":5.0},{"damage":23.0,"enemies":"Slavers","floor":23.0,"turns":3.0},{"damage":29.0,"enemies":"Gremlin Leader","floor":27.0,"turns":7.0},{"damage":4.0,"enemies":"Centurion and Healer","floor":28.0,"turns":6.0},{"damage":0.0,"enemies":"Cultist and Chosen","floor":31.0,"turns":5.0},{"damage":65.0,"enemies":"Collector","floor":33.0,"turns":8.0},{"damage":6.0,"enemies":"3 Shapes","floor":35.0,"turns":1.0},{"damage":0.0,"enemies":"3 Darklings","floor":36.0,"turns":1.0},{"damage":12.0,"enemies":"Writhing Mass","floor":38.0,"turns":3.0},{"damage":39,"enemies":"Giant Head","floor":40,"turns":6},{"damage":0,"enemies":"Sphere and 2 Shapes","floor":42,"turns":1},{"damage":6,"enemies":"Jaw Worm Horde","floor":47,"turns":1},{"damage":6,"enemies":"Nemesis","floor":48,"turns":3},{"damage":24,"enemies":"Donu and Deca","floor":50,"turns":3}],"seed_played":"8047244864974201338","potions_obtained":[{"floor":1.0,"key":"BloodPotion"},{"floor":4.0,"key":"Strength Potion"},{"floor":12.0,"key":"LiquidBronze"},{"floor":13.0,"key":"SpeedPotion"},{"floor":16.0,"key":"SkillPotion"},{"floor":18.0,"key":"Explosive Potion"},{"floor":19.0,"key":"Energy Potion"},{"floor":23.0,"key":"Energy Potion"},{"floor":28.0,"key":"Regen Potion"},{"floor":36.0,"key":"SteroidPotion"},{"floor":40,"key":"SkillPotion"},{"floor":42,"key":"Explosive Potion"},{"floor":47,"key":"Ancient Potion"},{"floor":48,"key":"GamblersBrew"}],"is_trial":false,"path_per_floor":["M","$","M","M","?","E","R","M","T","?","R","M","E","?","R","B",null,"M","M","?","M","M","E","$","R","T","E","M","R","?","M","R","B",null,"M","M","$","M","?","E","R","M","T","?","$","R","M","E","R","B",null],"character_chosen":"IRONCLAD","items_purchased":["Shrug It Off","ClockworkSouvenir","DollysMirror","Strange Spoon","PowerPotion","Good Instincts+1"],"campfire_rested":3,"item_purchase_floors":[2,24,37,45,45,45],"current_hp_per_floor":[80,80,80,80,80,73,73,79,79,79,79,80,80,80,80,80,80,73,79,79,69,66,63,63,63,63,40,42,89,73,79,84,37,84,84,84,84,82,82,53,79,79,79,79,79,79,79,79,79,65],"gold":129,"neow_bonus":"","is_prod":false,"is_daily":true,"chose_seed":false,"campfire_upgraded":6,"win_rate":0,"timestamp":1545362424,"path_taken":["M","$","M","M","?","E","R","M","T","?","R","M","E","?","R","BOSS","M","M","?","M","M","E","$","R","T","E","M","R","?","M","R","BOSS","M","M","$","M","?","E","R","M","T","?","$","R","M","E","R","BOSS"],"build_version":"2018-12-20","purchased_purges":1,"victory":true,"max_hp_per_floor":[80,80,80,80,80,80,80,80,80,80,80,80,80,80,80,80,80,80,80,80,80,80,94,94,94,94,94,94,89,89,89,84,84,84,84,84,84,84,84,84,79,79,79,79,79,79,79,79,79,79],"card_choices":[{"not_picked":["Coolheaded","Pommel Strike"],"picked":"Inflame","floor":1.0},{"not_picked":["Rage","Stack"],"picked":"Evolve","floor":3.0},{"not_picked":["Armaments","Clothesline","Body Slam"],"picked":"SKIP","floor":4.0},{"not_picked":["Fire Breathing","Gash"],"picked":"Clash","floor":6.0},{"not_picked":["Barrage","Seeing Red","Steam"],"picked":"SKIP","floor":8.0},{"not_picked":["Go for the Eyes","Reprogram","Glacier"],"picked":"SKIP","floor":12.0},{"not_picked":["Clash","Reprogram"],"picked":"Shrug It Off","floor":13.0},{"not_picked":["Creative AI","Fiend Fire"],"picked":"Hyperbeam","floor":16.0},{"not_picked":["BootSequence+1","Warcry+1"],"picked":"Darkness+1","floor":18.0},{"not_picked":["Infernal Blade+1","Hello World"],"picked":"Darkness+1","floor":19.0},{"not_picked":["Rebound","Ball Lightning","Steam Power+1"],"picked":"SKIP","floor":21.0},{"not_picked":["Wild Strike","Perfected Strike+1","Heavy Blade"],"picked":"SKIP","floor":22.0},{"not_picked":["Clash","Barricade"],"picked":"White Noise+1","floor":23.0},{"not_picked":["Berserk","Chaos+1"],"picked":"Auto Shields+1","floor":27.0},{"not_picked":["Armaments+1","Go for the Eyes+1","Streamline+1"],"picked":"SKIP","floor":28.0},{"not_picked":["Hemokinesis+1","Gash+1","Stack+1"],"picked":"SKIP","floor":28.0},{"not_picked":["White Noise+1","Metallicize"],"picked":"Offering+1","floor":31.0},{"not_picked":["Rip and Tear+1","Anger+1"],"picked":"Thunderclap+1","floor":31.0},{"not_picked":["Hyperbeam+1","Dark Embrace"],"picked":"Seek+1","floor":33.0},{"not_picked":["Glacier+1","Beam Cell+1","Clothesline+1"],"picked":"SKIP","floor":35.0},{"not_picked":["Tempest+1","Headbutt+1","Streamline+1"],"picked":"SKIP","floor":35.0},{"not_picked":["Whirlwind+1","Rampage+1"],"picked":"Hologram+1","floor":36.0},{"not_picked":["Consume+1","Ghostly Armor+1"],"picked":"Steam+1","floor":36.0},{"not_picked":["Beam Cell+1","Inflame"],"picked":"Conserve Battery+1","floor":38.0},{"not_picked":["Rupture","Shrug It Off+1","Cleave+1"],"picked":"SKIP","floor":38.0},{"not_picked":["Conserve Battery+1","Shrug It Off+1","Static Discharge"],"picked":"SKIP","floor":40},{"not_picked":["Evolve+1","Capacitor+1","Clash+1"],"picked":"SKIP","floor":42},{"not_picked":["Genetic Algorithm+1","Sunder+1","Bloodletting+1"],"picked":"SKIP","floor":42},{"not_picked":["Mind Blast+1","Mayhem"],"picked":"Deep Breath+1","floor":44},{"not_picked":["Defragment+1","Conserve Battery+1","Go for the Eyes+1"],"picked":"SKIP","floor":47},{"not_picked":["Leap+1","Reprogram+1","Power Through+1"],"picked":"SKIP","floor":47},{"not_picked":["Evolve+1","Genetic Algorithm+1","Reckless Charge+1"],"picked":"SKIP","floor":48}],"player_experience":319760,"relics_obtained":[{"floor":6.0,"key":"MawBank"},{"floor":9.0,"key":"Dodecahedron"},{"floor":13.0,"key":"Toxic Egg 2"},{"floor":23.0,"key":"Mango"},{"floor":23.0,"key":"Prayer Wheel"},{"floor":26.0,"key":"Molten Egg 2"},{"floor":27.0,"key":"Nunchaku"},{"floor":27.0,"key":"Bottled Tornado"},{"floor":30.0,"key":"Necronomicon"},{"floor":40,"key":"Letter Opener"},{"floor":40,"key":"Omamori"},{"floor":43,"key":"Art of War"},{"floor":48,"key":"Mercury Hourglass"},{"floor":48,"key":"Bag of Marbles"}],"event_choices":[{"damage_healed":0.0,"max_hp_gain":0.0,"max_hp_loss":0.0,"gold_gain":0.0,"event_name":"Liars Game","player_choice":"Ignored","floor":5.0,"gold_loss":0.0,"damage_taken":0.0},{"damage_healed":0.0,"max_hp_gain":0.0,"max_hp_loss":0.0,"gold_gain":57.0,"event_name":"Golden Wing","player_choice":"Gained Gold","floor":10.0,"gold_loss":0.0,"damage_taken":0.0},{"damage_healed":0.0,"max_hp_gain":0.0,"max_hp_loss":0.0,"gold_gain":0.0,"event_name":"World of Goop","player_choice":"Left Gold","floor":14.0,"gold_loss":50.0,"damage_taken":0.0},{"damage_healed":0.0,"max_hp_gain":0.0,"max_hp_loss":0.0,"gold_gain":0.0,"event_name":"The Library","player_choice":"Read","floor":20.0,"gold_loss":0.0,"damage_taken":0.0,"cards_obtained":["Steam Power"]},{"damage_healed":0.0,"max_hp_gain":0.0,"max_hp_loss":0.0,"gold_gain":0.0,"event_name":"Cursed Tome","player_choice":"Obtained Book","floor":30.0,"gold_loss":0.0,"damage_taken":16.0},{"cards_removed":["Blood for Blood"],"damage_healed":0.0,"max_hp_gain":0.0,"max_hp_loss":0.0,"gold_gain":0.0,"event_name":"Falling","player_choice":"Removed Attack","floor":39.0,"gold_loss":0.0,"damage_taken":0.0},{"damage_healed":0,"gold_gain":0,"player_choice":"Memory 1","damage_taken":0,"max_hp_gain":0,"max_hp_loss":0,"event_name":"SensoryStone","floor":44,"gold_loss":0}],"is_beta":false,"boss_relics":[{"not_picked":["Runic Pyramid","Snecko Eye"],"picked":"Black Star"},{"not_picked":["Calling Bell","Lizard Tail"],"picked":"Black Blood"}],"items_purged_floors":[45],"is_endless":false,"potions_floor_spawned":[1,4,12,13,16,18,19,23,28,36,40,42,47,48],"ascension_level":0}