{"path_per_floor":["M","$","$","M","M","R","M","E","T","?","$","M","R","M","R","B",null,"M","M","?","M","?","R","E","R","T","R","M","M","?","M","R","B",null,"M","M","?","?","?","R","E","R","T","?","M","$","M","M","R","B"],"character_chosen":"IRONCLAD","items_purchased":["Limit Break","Flex","Reaper","Unceasing Top","Regal Pillow"],"gold_per_floor":[360,81,81,100,110,110,123,158,158,123,54,73,73,87,87,191,191,208,225,225,239,239,239,272,272,325,325,345,365,365,375,375,473,473,489,506,506,506,551,551,577,577,577,577,595,109,122,136,136,136],"floor_reached":51,"campfire_rested":0,"playtime":1789,"current_hp_per_floor":[72,72,72,72,72,72,65,40,40,58,58,60,60,61,61,24,72,71,65,65,72,56,56,48,48,48,48,36,52,43,43,43,31,43,43,43,43,43,36,36,34,34,34,34,40,40,42,43,43,25],"items_purged":["Strike_R","Strike_R"],"gold":136,"score":725,"play_id":"39894df5-c76a-4786-beab-869ced33d819","local_time":"20180403133754","is_prod":false,"is_daily":false,"is_ascension_mode":false,"campfire_upgraded":7,"timestamp":1522777074,"path_taken":["M","?","$","M","M","R","M","E","T","?","$","M","R","M","R","BOSS","M","M","?","M","?","R","E","R","T","R","M","M","?","M","R","BOSS","M","M","?","?","?","R","E","R","T","?","M","$","M","M","R","BOSS"],"build_version":"2018-03-29v2","purchased_purges":2,"victory":true,"master_deck":["Strike_R","Strike_R","Strike_R","Defend_R","Defend_R","Defend_R","Defend_R","Bash","Armaments","Limit Break+1","Flex+1","Carnage","Thunderclap","Reaper","Pummel","Fiend Fire","Rage","Evolve+1","Heavy Blade+1","Heavy Blade+1","Ghostly+1","Ghostly+1","Ghostly","Ghostly","Ghostly","Offering","Pummel+1","Intimidate+1","Twin Strike","Apotheosis+1","Metallicize+1"],"max_hp_per_floor":[72,72,72,72,72,72,72,72,72,72,72,72,72,72,72,72,72,72,72,72,72,72,72,86,86,86,86,86,86,43,43,43,43,43,43,43,43,43,43,43,43,43,43,43,43,43,43,43,43,43],"relics":["Burning Blood","Girya","Orichalcum","Mark of Pain","Enchiridion","Mango","Anchor","Black Star","Ginger","The Courier","Self Forming Clay","Dead Branch","Unceasing Top","Regal Pillow"],"card_choices":[{"not_picked":["Hemokinesis","Wild Strike"],"picked":"Armaments","floor":1},{"not_picked":["True Grit","Feel No Pain"],"picked":"Carnage","floor":5},{"not_picked":["Flex","Clothesline"],"picked":"Thunderclap","floor":8},{"not_picked":["Havoc","Body Slam"],"picked":"Pummel","floor":14},{"not_picked":["Brutality","Impervious"],"picked":"Fiend Fire","floor":16},{"not_picked":["Perfected Strike","Fire Breathing"],"picked":"Rage","floor":18},{"not_picked":["Uppercut","Shockwave"],"picked":"Heavy Blade","floor":24},{"not_picked":["Cleave","Burning Pact"],"picked":"Heavy Blade","floor":29},{"not_picked":["Juggernaut","Demon Form"],"picked":"Offering","floor":33},{"not_picked":["Fire Breathing","Pommel Strike"],"picked":"Pummel","floor":35},{"not_picked":["Anger","True Grit"],"picked":"Intimidate","floor":36},{"not_picked":["Master of Strategy","Sadistic Nature"],"picked":"Apotheosis","floor":38},{"not_picked":["Shrug It Off","Whirlwind"],"picked":"Metallicize","floor":41}],"player_experience":294100,"potions_floor_usage":[41,41],"damage_taken":[{"damage":5,"enemies":"Cultist","floor":1,"turns":4},{"damage":0,"enemies":"Small Slimes","floor":4,"turns":5},{"damage":6,"enemies":"Jaw Worm","floor":5,"turns":3},{"damage":13,"enemies":"Red Slaver","floor":7,"turns":4},{"damage":31,"enemies":"Lagavulin","floor":8,"turns":5},{"damage":4,"enemies":"Looter","floor":12,"turns":2},{"damage":5,"enemies":"Large Slime","floor":14,"turns":4},{"damage":43,"enemies":"Hexaghost","floor":16,"turns":9},{"damage":7,"enemies":"Chosen","floor":18,"turns":5},{"damage":19,"enemies":"Shell Parasite","floor":19,"turns":6},{"damage":4,"enemies":"Centurion and Healer","floor":21,"turns":5},{"damage":28,"enemies":"Book of Stabbing","floor":24,"turns":4},{"damage":32,"enemies":"Cultist and Chosen","floor":28,"turns":5},{"damage":0,"enemies":"Snecko","floor":29,"turns":2},{"damage":0,"enemies":"Centurion and Healer","floor":31,"turns":6},{"damage":18,"enemies":"Champ","floor":33,"turns":9},{"damage":0,"enemies":"Orb Walker","floor":35,"turns":3},{"damage":0,"enemies":"3 Shapes","floor":36,"turns":2},{"damage":13,"enemies":"Mysterious Sphere","floor":39,"turns":5},{"damage":8,"enemies":"2 Orb Walkers","floor":41,"turns":5},{"damage":0,"enemies":"3 Darklings","floor":45,"turns":4},{"damage":4,"enemies":"4 Shapes","floor":47,"turns":2},{"damage":3,"enemies":"Sphere and 2 Shapes","floor":48,"turns":2},{"damage":24,"enemies":"Donu and Deca","floor":50,"turns":7}],"event_choices":[{"event_name":"The Cleric","player_choice":"Healed","floor":10,"damage_taken":0},{"event_name":"The Library","player_choice":"Read","floor":20,"damage_taken":0},{"event_name":"Cursed Tome","player_choice":"Obtained Book","floor":22,"damage_taken":0},{"event_name":"Ghosts","player_choice":"Became a Ghost","floor":30,"damage_taken":0},{"event_name":"Match and Keep!","player_choice":"1 cards matched","floor":37,"damage_taken":0},{"event_name":"SensoryStone","player_choice":"Memory 1","floor":38,"damage_taken":0},{"event_name":"Mysterious Sphere","player_choice":"Fight","floor":39,"damage_taken":0},{"event_name":"Tomb of Lord Red Mask","player_choice":"Ignored","floor":44,"damage_taken":0}],"boss_relics":[{"not_picked":["Black Blood","Runic Cube"],"picked":"Mark of Pain"},{"not_picked":["Snecko Eye","Sozu"],"picked":"Black Star"}],"potions_floor_spawned":[1,5,7,16,29,31,36,47,48],"seed_played":"-2588057156094811476","ascension_level":0,"is_trial":false}