{"gold_per_floor":[117,3,14,14,14,52,52,73,73,92,108,108,108,132,132,222,222,240,87,87,87,87,87,121,105,159,159,159,180,196,216,216,306,306,325,325,349,23,43,43,76,76,76,76,127,146,187,312,312,312],"floor_reached":51,"playtime":2099,"items_purged":[],"score":1513,"play_id":"cc050274-7401-4bfd-b296-79385abc5f0d","local_time":"20190914023053","is_ascension_mode":true,"campfire_choices":[{"data":"Uppercut","floor":7.0,"key":"SMITH"},{"data":"Armaments","floor":12.0,"key":"SMITH"},{"floor":15.0,"key":"REST"},{"data":"Heavy Blade","floor":23.0,"key":"SMITH"},{"floor":28.0,"key":"REST"},{"floor":32.0,"key":"REST"},{"floor":40.0,"key":"REST"},{"data":"Demon Form","floor":44.0,"key":"SMITH"},{"floor":49,"key":"REST"}],"neow_cost":"NONE","seed_source_timestamp":126293178640100,"circlet_count":0,"master_deck":["AscendersBane","Strike_R","Strike_R","Strike_R","Strike_R","Defend_R","Defend_R","Defend_R","Defend_R+1","Bash","Armaments+1","Shrug It Off","Uppercut+1","Sword Boomerang","Barricade","Spot Weakness","Double Tap+1","Limit Break+1","Heavy Blade+1","Body Slam","Disarm","Disarm","Entrench","Impervious","Feel No Pain","Apotheosis","Shrug It Off","Dark Shackles","Flame Barrier","Demon Form+1"],"special_seed":0,"relics":["Burning Blood","NeowsBlessing","Golden Idol","Bottled Flame","Eternal Feather","Snecko Eye","Smiling Mask","War Paint","SlaversCollar","Shuriken","Akabeko","Centennial Puzzle","InkBottle","Torii"],"potions_floor_usage":[47,47],"damage_taken":[{"damage":0.0,"enemies":"2 Louse","floor":1.0,"turns":1.0},{"damage":0.0,"enemies":"Cultist","floor":3.0,"turns":1.0},{"damage":0.0,"enemies":"3 Sentries","floor":6.0,"turns":1.0},{"damage":10.0,"enemies":"Small Slimes","floor":8.0,"turns":4.0},{"damage":24.0,"enemies":"Exordium Thugs","floor":10.0,"turns":7.0},{"damage":17.0,"enemies":"2 Fungi Beasts","floor":11.0,"turns":4.0},{"damage":15.0,"enemies":"Exordium Wildlife","floor":14.0,"turns":4.0},{"damage":42.0,"enemies":"Hexaghost","floor":16.0,"turns":14.0},{"damage":16.0,"enemies":"Chosen","floor":18.0,"turns":4.0},{"damage":45.0,"enemies":"Book of Stabbing","floor":24.0,"turns":5.0},{"damage":16.0,"enemies":"2 Thieves","floor":25.0,"turns":4.0},{"damage":4.0,"enemies":"Centurion and Healer","floor":29.0,"turns":8.0},{"damage":27.0,"enemies":"Shelled Parasite and Fungi","floor":30.0,"turns":4.0},{"damage":18.0,"enemies":"Snake Plant","floor":31.0,"turns":4.0},{"damage":31.0,"enemies":"Champ","floor":33.0,"turns":16.0},{"damage":0.0,"enemies":"3 Shapes","floor":35.0,"turns":6.0},{"damage":51.0,"enemies":"3 Darklings","floor":37.0,"turns":7.0},{"damage":20.0,"enemies":"Spire Growth","floor":39.0,"turns":4.0},{"damage":0.0,"enemies":"Giant Head","floor":41.0,"turns":8.0},{"damage":10.0,"enemies":"Sphere and 2 Shapes","floor":46.0,"turns":10.0},{"damage":51,"enemies":"Reptomancer","floor":47,"turns":6},{"damage":0,"enemies":"Mind Bloom Boss Battle","floor":48,"turns":6},{"damage":42,"enemies":"Donu and Deca","floor":50,"turns":8}],"seed_played":"-8842006423167774123","potions_obtained":[{"floor":3.0,"key":"Dexterity Potion"},{"floor":11.0,"key":"Weak Potion"},{"floor":16.0,"key":"BloodPotion"},{"floor":24.0,"key":"Weak Potion"},{"floor":30.0,"key":"SpeedPotion"},{"floor":33.0,"key":"FearPotion"},{"floor":39.0,"key":"Dexterity Potion"},{"floor":41.0,"key":"Block Potion"}],"is_trial":false,"path_per_floor":["M","$","M","?","?","E","R","M","T","M","M","R","?","M","R","B",null,"M","$","?","?","$","R","E","M","T","?","R","M","M","M","R","B",null,"M","?","M","$","M","R","E","?","T","R","T","M","E","?","R","B",null],"character_chosen":"IRONCLAD","items_purchased":["Shrug It Off","Uppercut","Limit Break","Apotheosis","Shrug It Off","Dark Shackles"],"campfire_rested":5,"item_purchase_floors":[2,2,19,38,38,38],"current_hp_per_floor":[74,74,75,49,49,55,55,51,51,33,22,31,31,22,53,17,61,51,51,51,51,51,60,39,29,29,29,63,65,44,32,66,41,67,73,73,28,28,14,51,57,57,57,75,75,71,26,32,72,36],"gold":312,"neow_bonus":"THREE_ENEMY_KILL","is_prod":false,"is_daily":false,"chose_seed":false,"campfire_upgraded":4,"win_rate":0,"timestamp":1568446253,"path_taken":["M","$","M","?","?","E","R","M","T","?","M","R","?","M","R","BOSS","M","$","?","?","?","R","E","M","T","?","R","M","M","?","R","BOSS","M","?","M","$","?","R","E","?","T","R","?","M","E","?","R","BOSS"],"build_version":"2019-09-12","purchased_purges":0,"victory":true,"max_hp_per_floor":[75,75,75,75,75,75,75,75,75,75,75,75,75,75,75,75,75,75,75,75,75,75,75,75,75,75,75,75,75,75,75,75,75,75,75,75,75,75,75,75,75,75,75,75,75,75,75,75,75,75],"card_choices":[{"not_picked":["Cleave","Perfected Strike"],"picked":"Armaments","floor":1.0},{"not_picked":["True Grit","Second Wind"],"picked":"Sword Boomerang","floor":3.0},{"not_picked":["Twin Strike","Perfected Strike","Body Slam"],"picked":"SKIP","floor":6.0},{"not_picked":["Iron Wave","Blood for Blood"],"picked":"Barricade","floor":8.0},{"not_picked":["Shrug It Off","Sever Soul"],"picked":"Spot Weakness","floor":10.0},{"not_picked":["Pommel Strike","Headbutt","Iron Wave"],"picked":"SKIP","floor":11.0},{"not_picked":["Power Through","Wild Strike","Rage"],"picked":"SKIP","floor":14.0},{"not_picked":["Berserk","Exhume"],"picked":"Double Tap","floor":16.0},{"not_picked":["Infernal Blade","Armaments","Power Through"],"picked":"SKIP","floor":18.0},{"not_picked":["Spot Weakness+1","Headbutt"],"picked":"Body Slam","floor":24.0},{"not_picked":["Anger","Seeing Red"],"picked":"Disarm","floor":25.0},{"not_picked":["Armaments","Burning Pact+1"],"picked":"Entrench","floor":29.0},{"not_picked":["Entrench","Anger+1","Twin Strike"],"picked":"SKIP","floor":30.0},{"not_picked":["Flex","Twin Strike","Wild Strike"],"picked":"SKIP","floor":31.0},{"not_picked":["Offering","Berserk"],"picked":"Impervious","floor":33.0},{"not_picked":["Anger","Perfected Strike+1","Armaments"],"picked":"SKIP","floor":35.0},{"not_picked":["Wild Strike","Sword Boomerang"],"picked":"Feel No Pain","floor":37.0},{"not_picked":["Dropkick","Flex+1"],"picked":"Flame Barrier","floor":39.0},{"not_picked":["Shrug It Off","Rage+1"],"picked":"Demon Form","floor":41.0},{"not_picked":["Hemokinesis","Havoc","Heavy Blade"],"picked":"SKIP","floor":46.0},{"not_picked":["Cleave","Spot Weakness","Armaments+1"],"picked":"SKIP","floor":47}],"player_experience":1311006,"relics_obtained":[{"floor":6.0,"key":"Bottled Flame"},{"floor":9.0,"key":"Eternal Feather"},{"floor":24.0,"key":"Smiling Mask"},{"floor":26.0,"key":"War Paint"},{"floor":41.0,"key":"Shuriken"},{"floor":43.0,"key":"Akabeko"},{"floor":45.0,"key":"Centennial Puzzle"},{"floor":47,"key":"InkBottle"},{"floor":48,"key":"Torii"}],"event_choices":[{"damage_healed":0.0,"max_hp_gain":0.0,"max_hp_loss":0.0,"gold_gain":0.0,"event_name":"Golden Idol","player_choice":"Take Damage","floor":4.0,"gold_loss":0.0,"damage_taken":26.0,"relics_obtained":["Golden Idol"]},{"cards_removed":["Strike_R"],"damage_healed":0.0,"max_hp_gain":0.0,"max_hp_loss":0.0,"gold_gain":0.0,"event_name":"Bonfire Elementals","player_choice":"Offered Basic","floor":5.0,"gold_loss":0.0,"damage_taken":0.0},{"damage_healed":0.0,"max_hp_gain":0.0,"max_hp_loss":0.0,"gold_gain":0.0,"event_name":"Scrap Ooze","player_choice":"Fled","floor":13.0,"gold_loss":0.0,"damage_taken":0.0},{"damage_healed":0.0,"max_hp_gain":0.0,"max_hp_loss":0.0,"gold_gain":0.0,"event_name":"The Library","player_choice":"Read","floor":20.0,"gold_loss":0.0,"damage_taken":0.0,"cards_obtained":["Heavy Blade"]},{"damage_healed":0.0,"max_hp_gain":0.0,"max_hp_loss":0.0,"gold_gain":0.0,"event_name":"Cursed Tome","player_choice":"Ignored","floor":21.0,"gold_loss":0.0,"damage_taken":0.0},{"damage_healed":0.0,"max_hp_gain":0.0,"max_hp_loss":0.0,"gold_gain":0.0,"event_name":"Duplicator","player_choice":"Copied","floor":27.0,"gold_loss":0.0,"damage_taken":0.0,"cards_obtained":["Disarm"]},{"damage_healed":0.0,"max_hp_gain":0.0,"max_hp_loss":0.0,"gold_gain":0.0,"event_name":"Upgrade Shrine","player_choice":"Upgraded","floor":36.0,"gold_loss":0.0,"damage_taken":0.0,"cards_upgraded":["Double Tap"]},{"damage_healed":0.0,"max_hp_gain":0.0,"max_hp_loss":0.0,"gold_gain":0.0,"event_name":"Mysterious Sphere","player_choice":"Ignored","floor":42.0,"gold_loss":0.0,"damage_taken":0.0},{"damage_healed":0,"gold_gain":0,"player_choice":"Fight","damage_taken":0,"max_hp_gain":0,"max_hp_loss":0,"event_name":"MindBloom","floor":48,"gold_loss":0}],"is_beta":true,"boss_relics":[{"not_picked":["Black Star","Fusion Hammer"],"picked":"Snecko Eye"},{"not_picked":["Cursed Key","Coffee Dripper"],"picked":"SlaversCollar"}],"items_purged_floors":[],"is_endless":false,"potions_floor_spawned":[3,11,16,24,30,33,39,41],"ascension_level":19}