{"path_per_floor":["M","M","?","?","M","R","M","R","T","M","$","?","E","M","R","B",null,"M","M","$","?","M","R"],"character_chosen":"IRONCLAD","items_purchased":["True Grit","Shuriken"],"gold_per_floor":[115,132,132,132,143,143,154,154,180,197,144,120,146,159,159,255,255,271,289,32,32,50,50,50],"floor_reached":24,"campfire_rested":3,"playtime":555,"current_hp_per_floor":[55,53,41,41,27,27,14,38,38,44,44,44,10,14,38,10,64,64,26,26,26,12,38,0],"items_purged":[],"gold":50,"score":267,"play_id":"25f74a0a-6f19-402c-adff-4b4ffcba19f7","local_time":"20180406005454","is_prod":false,"is_daily":false,"is_ascension_mode":true,"campfire_upgraded":1,"timestamp":1522990494,"path_taken":["M","M","?","?","M","R","M","R","T","M","$","?","E","M","R","BOSS","M","M","$","?","M","R","M"],"build_version":"2018-04-05","purchased_purges":0,"victory":false,"master_deck":["Strike_R","Strike_R","Strike_R","Strike_R","Strike_R","Defend_R","Defend_R","Defend_R","Defend_R","Bash","Offering","Offering","Spot Weakness","Flex+1","Perfected Strike","True Grit","Reaper","Flex","Barricade"],"max_hp_per_floor":[80,80,80,80,80,80,80,80,80,82,82,82,82,82,82,82,82,84,86,86,86,88,88,88],"relics":["Burning Blood","Kunai","Singing Bowl","Bottled Flame","Philosopher\u0027s Stone","Shuriken"],"card_choices":[{"not_picked":["Berserk","Exhume"],"picked":"Offering","floor":0},{"not_picked":["Pummel","Headbutt"],"picked":"Offering","floor":1},{"not_picked":["Thunderclap","Rampage"],"picked":"Spot Weakness","floor":2},{"not_picked":["Anger","Sword Boomerang"],"picked":"Flex","floor":5},{"not_picked":["Clash","Iron Wave"],"picked":"Perfected Strike","floor":7},{"not_picked":["Cleave","Carnage"],"picked":"Reaper","floor":13},{"not_picked":["Carnage","Body Slam"],"picked":"Flex","floor":14},{"not_picked":["Offering","Immolate"],"picked":"Barricade","floor":16}],"player_experience":313670,"potions_floor_usage":[16,18,22,22],"damage_taken":[{"damage":23,"enemies":"Jaw Worm","floor":1,"turns":5},{"damage":8,"enemies":"2 Louse","floor":2,"turns":1},{"damage":20,"enemies":"Small Slimes","floor":5,"turns":2},{"damage":19,"enemies":"Looter","floor":7,"turns":2},{"damage":2,"enemies":"2 Fungi Beasts","floor":10,"turns":3},{"damage":40,"enemies":"Gremlin Nob","floor":13,"turns":5},{"damage":18,"enemies":"Exordium Thugs","floor":14,"turns":3},{"damage":43,"enemies":"Slime Boss","floor":16,"turns":9},{"damage":8,"enemies":"Spheric Guardian","floor":18,"turns":3},{"damage":54,"enemies":"2 Thieves","floor":19,"turns":4},{"damage":22,"enemies":"Snake Plant","floor":22,"turns":2},{"damage":50,"enemies":"Chosen and Byrds","floor":24,"turns":4}],"event_choices":[{"event_name":"Scrap Ooze","player_choice":"success","floor":3,"damage_taken":12},{"event_name":"Living Wall","player_choice":"Forget","floor":4,"damage_taken":0},{"event_name":"World of Goop","player_choice":"Left","floor":12,"damage_taken":0},{"event_name":"Drug Dealer","player_choice":"Ignored","floor":21,"damage_taken":0}],"boss_relics":[{"not_picked":["Mark of Pain","Black Blood"],"picked":"Philosopher\u0027s Stone"}],"potions_floor_spawned":[2,14,16,18,22],"seed_played":"4585695082537231004","killed_by":"Chosen and Byrds","ascension_level":7,"is_trial":false}