{"path_per_floor":["M","$","?","?","?","E","M","M","T","M","R","?","M","M","R","B",null,"M","?","M","?","M","R","?","$","T","?","R","M","$","M","R","B",null,"M","$","T","?","M","R","?","R","T","M","R","$","M","M","R"],"character_chosen":"IRONCLAD","items_purchased":["Jack Of All Trades","Bag of Marbles","Flame Barrier","Carnage"],"gold_per_floor":[114,18,93,58,58,90,110,129,179,189,189,189,204,222,222,327,327,345,260,272,272,284,284,284,209,209,209,209,221,67,78,78,177,177,193,53,53,53,68,68,68,68,68,82,82,14,29,42,42],"floor_reached":50,"campfire_rested":6,"playtime":2020,"current_hp_per_floor":[76,76,65,80,64,30,27,33,40,32,58,58,64,58,84,11,87,71,71,53,82,42,68,68,68,68,68,68,61,61,63,91,12,99,102,102,122,107,73,109,109,109,115,79,79,79,46,28,67],"items_purged":["Defend_R","Strike_R"],"gold":42,"score":442,"play_id":"28ff6bad-27e0-4cfb-a837-9e4e46e7afcc","is_prod":false,"is_daily":false,"is_ascension_mode":false,"campfire_upgraded":2,"path_taken":["M","$","?","?","?","E","M","M","T","M","R","?","M","M","R","BOSS","M","?","M","?","M","R","?","$","T","?","R","M","$","M","R","BOSS","M","$","?","?","?","R","?","R","T","M","R","?","M","M","R","BOSS"],"build_version":"2018-02-22-PROD1","purchased_purges":2,"victory":false,"master_deck":["Strike_R","Strike_R+1","Strike_R+1","Defend_R","Defend_R","Defend_R","Bash","Bloodletting","Jack Of All Trades","Infernal Blade","Clash","Cleave","Sword Boomerang","Dropkick","Dropkick","Offering","Clash","Havoc","Armaments+1","Offering","Feed+1","Ghostly Armor","Twin Strike+1","Demon Form+1","Entrench+1","Flame Barrier","Madness","Madness","Shrug It Off","Pain","Heavy Blade+1","Carnage","Bludgeon","Burning Pact"],"max_hp_per_floor":[80,80,80,80,80,80,80,80,87,87,87,87,87,87,87,87,87,87,87,87,87,87,87,87,87,87,87,87,91,91,95,95,99,99,103,103,123,123,123,123,123,123,129,129,129,129,133,133,133],"relics":["Burning Blood","Unceasing Top","Strawberry","Sozu","Darkstone Periapt","Vajra","Bag of Marbles","Cursed Key","Mango","Girya"],"card_choices":[{"not_picked":["Warcry","Flex"],"picked":"Bloodletting"},{"not_picked":["Flex","Warcry"],"picked":"Infernal Blade"},{"not_picked":["Iron Wave","Blood for Blood"],"picked":"Clash"},{"not_picked":["Perfected Strike","Blood for Blood"],"picked":"Cleave"},{"not_picked":["Shrug It Off","Anger"],"picked":"Sword Boomerang"},{"not_picked":["Twin Strike","Warcry"],"picked":"Dropkick"},{"not_picked":["Wild Strike","Heavy Blade"],"picked":"Dropkick"},{"not_picked":["Impervious","Juggernaut"],"picked":"Offering"},{"not_picked":["Armaments","Shrug It Off"],"picked":"Clash"},{"not_picked":["Combust","Wild Strike"],"picked":"Havoc"},{"not_picked":["Headbutt","Twin Strike"],"picked":"Armaments"},{"not_picked":["Armaments","Demon Form"],"picked":"Ghostly Armor"},{"not_picked":["Power Through","Metallicize"],"picked":"Twin Strike"},{"not_picked":["Juggernaut","Reaper"],"picked":"Demon Form"},{"not_picked":["Wild Strike","Iron Wave"],"picked":"Entrench"},{"not_picked":["Clash","Flex"],"picked":"Shrug It Off"},{"not_picked":["Whirlwind","Wild Strike"],"picked":"Heavy Blade"},{"not_picked":["Heavy Blade","Havoc"],"picked":"Bludgeon"},{"not_picked":["Hemokinesis","Seeing Red"],"picked":"Burning Pact"}],"player_experience":104054,"potions_floor_usage":[33,33,50],"damage_taken":[{"damage":10,"enemies":"Small Slimes","floor":1,"turns":4},{"damage":40,"enemies":"Gremlin Nob","floor":6,"turns":5},{"damage":9,"enemies":"Jaw Worm","floor":7,"turns":2},{"damage":0,"enemies":"Cultist","floor":8,"turns":3},{"damage":14,"enemies":"Exordium Wildlife","floor":10,"turns":4},{"damage":0,"enemies":"2 Fungi Beasts","floor":13,"turns":2},{"damage":12,"enemies":"Blue Slaver","floor":14,"turns":3},{"damage":79,"enemies":"The Guardian","floor":16,"turns":10},{"damage":22,"enemies":"2 Thieves","floor":18,"turns":3},{"damage":24,"enemies":"Spheric Guardian","floor":20,"turns":4},{"damage":46,"enemies":"Snake Plant","floor":22,"turns":5},{"damage":17,"enemies":"Chosen and Byrds","floor":29,"turns":4},{"damage":8,"enemies":"3 Cultists","floor":31,"turns":4},{"damage":89,"enemies":"Automaton","floor":33,"turns":10},{"damage":7,"enemies":"Orb Walker","floor":35,"turns":1},{"damage":40,"enemies":"3 Darklings","floor":39,"turns":6},{"damage":42,"enemies":"Maw","floor":44,"turns":7},{"damage":47,"enemies":"Sphere and 2 Shapes","floor":47,"turns":5},{"damage":24,"enemies":"3 Darklings","floor":48,"turns":3},{"damage":74,"enemies":"Donu and Deca","floor":50,"turns":4}],"event_choices":[{"event_name":"World of Goop","player_choice":"Gather Gold","floor":3,"damage_taken":0},{"event_name":"The Cleric","player_choice":"Healed","floor":4,"damage_taken":0},{"event_name":"Shining Light","player_choice":"Entered Light","floor":5,"damage_taken":0},{"event_name":"The Woman in Blue","player_choice":"Bought 0 Potions","floor":12,"damage_taken":0},{"event_name":"Addict","player_choice":"Obtained Relic","floor":19,"damage_taken":0},{"event_name":"The Library","player_choice":"Heal","floor":21,"damage_taken":0},{"event_name":"Duplicator","player_choice":"One dupe","floor":24,"damage_taken":0},{"event_name":"Transmorgrifier","player_choice":"Transform","floor":27,"damage_taken":0},{"event_name":"Winding Halls","player_choice":"Embrace Madness","floor":38,"damage_taken":0},{"event_name":"Fountain of Cleansing","player_choice":"Removed Curse","floor":41,"damage_taken":0}],"boss_relics":[{"not_picked":["Ectoplasm","Astrolabe"],"picked":"Sozu"},{"not_picked":["Velvet Choker","Runic Dome"],"picked":"Cursed Key"}],"potions_floor_spawned":[10,13,16,20,22,29,47,48],"seed_played":"2524026340626136785","killed_by":"Donu and Deca","ascension_level":0,"is_trial":false}