{"path_per_floor":["M","M","M","$","?","E","M","E","T","M","R","M","T","M","R"],"character_chosen":"IRONCLAD","items_purchased":["Double Tap"],"gold_per_floor":[112,129,149,6,6,40,59,90,113,137,137,158,184,203,203,203],"floor_reached":16,"campfire_rested":1,"playtime":2829,"current_hp_per_floor":[80,74,74,74,74,44,41,29,29,19,43,49,49,44,44,0],"items_purged":[],"gold":203,"score":114,"play_id":"fa85322b-5d77-4c0f-8cac-316e746ee20b","local_time":"20180403180410","is_prod":false,"is_daily":false,"is_ascension_mode":false,"campfire_upgraded":1,"timestamp":1522803850,"path_taken":["M","M","M","$","?","E","M","E","T","M","R","M","?","M","R","BOSS"],"build_version":"2018-03-29v2","purchased_purges":0,"victory":false,"master_deck":["Strike_R","Strike_R","Strike_R","Strike_R","Strike_R","Defend_R","Defend_R","Defend_R","Defend_R","Bash","Pommel Strike","Pommel Strike","Flex","Double Tap","Rage","Second Wind","Clothesline","Anger+1","Perfected Strike","Bloodletting"],"max_hp_per_floor":[80,80,80,80,74,74,74,81,81,81,81,81,81,81,81,81],"relics":["Burning Blood","Golden Idol","Ancient Tea Set","Strawberry","Dream Catcher","Vajra"],"card_choices":[{"not_picked":["Inflame","Perfected Strike"],"picked":"Pommel Strike","floor":1},{"not_picked":["True Grit","Second Wind"],"picked":"Pommel Strike","floor":2},{"not_picked":["Headbutt","Perfected Strike"],"picked":"Flex","floor":3},{"not_picked":["Entrench","Clash"],"picked":"Rage","floor":6},{"not_picked":["Perfected Strike","Sword Boomerang"],"picked":"Second Wind","floor":7},{"not_picked":["Rupture","Body Slam"],"picked":"Clothesline","floor":8},{"not_picked":["Warcry","True Grit"],"picked":"Anger","floor":10},{"not_picked":["Inflame","Warcry"],"picked":"Perfected Strike","floor":11},{"not_picked":["Iron Wave","Disarm"],"picked":"Bloodletting","floor":12}],"player_experience":0,"potions_floor_usage":[16,16],"damage_taken":[{"damage":6,"enemies":"2 Louse","floor":1,"turns":3},{"damage":12,"enemies":"Small Slimes","floor":2,"turns":3},{"damage":6,"enemies":"Jaw Worm","floor":3,"turns":3},{"damage":36,"enemies":"Lagavulin","floor":6,"turns":5},{"damage":9,"enemies":"Exordium Wildlife","floor":7,"turns":5},{"damage":25,"enemies":"Gremlin Nob","floor":8,"turns":4},{"damage":16,"enemies":"Lots of Slimes","floor":10,"turns":4},{"damage":0,"enemies":"Large Slime","floor":12,"turns":3},{"damage":11,"enemies":"Exordium Wildlife","floor":14,"turns":3},{"damage":53,"enemies":"The Guardian","floor":16,"turns":8}],"event_choices":[{"event_name":"Golden Idol","player_choice":"Lose Max HP","floor":5,"damage_taken":0}],"boss_relics":[],"potions_floor_spawned":[2,3,6,14],"seed_played":"-4106795625327450023","killed_by":"The Guardian","ascension_level":0,"is_trial":false}