{"gold_per_floor":[109,184,184,197,211,211,237,248,248,258,258,271,288,301,301,398,398,408,0,19,19,31,31,31,31,56,72,92,92],"floor_reached":29,"playtime":1220,"items_purged":[],"score":231,"play_id":"aba88fab-37ac-4c6a-a108-c812dddfaa5e","local_time":"20190913184307","is_ascension_mode":false,"campfire_choices":[{"data":"Anger","floor":6,"key":"SMITH"},{"data":"Seeing Red","floor":11,"key":"SMITH"},{"floor":15,"key":"REST"},{"floor":23,"key":"REST"},{"data":"Exhume","floor":25,"key":"SMITH"}],"neow_cost":"NONE","seed_source_timestamp":2384117858906600,"circlet_count":0,"master_deck":["Strike_R","Strike_R","Strike_R","Strike_R","Defend_R","Defend_R","Defend_R","Defend_R","Bash","Anger+1","Heavy Blade","Cleave","Seeing Red+1","Disarm","Anger","Rampage","Wild Strike","Exhume+1","Spot Weakness","Seeing Red","Decay","Rampage+1","Thunderclap+1"],"relics":["Eternal Feather"],"potions_floor_usage":[7,7,14,16,20,22,27],"damage_taken":[{"damage":1,"enemies":"Cultist","floor":1,"turns":4},{"damage":1,"enemies":"Jaw Worm","floor":4,"turns":3},{"damage":7,"enemies":"Small Slimes","floor":5,"turns":3},{"damage":12,"enemies":"3 Sentries","floor":7,"turns":5},{"damage":9,"enemies":"Blue Slaver","floor":8,"turns":3},{"damage":24,"enemies":"Large Slime","floor":10,"turns":4},{"damage":9,"enemies":"Gremlin Gang","floor":12,"turns":3},{"damage":2,"enemies":"3 Louse","floor":13,"turns":3},{"damage":0,"enemies":"Exordium Thugs","floor":14,"turns":4},{"damage":62,"enemies":"Slime Boss","floor":16,"turns":11},{"damage":13,"enemies":"Chosen","floor":18,"turns":6},{"damage":17,"enemies":"Shell Parasite","floor":20,"turns":5},{"damage":23,"enemies":"Snake Plant","floor":22,"turns":6},{"damage":52,"enemies":"Snecko","floor":27,"turns":6},{"damage":14,"enemies":"Centurion and Healer","floor":28,"turns":7},{"damage":14,"enemies":"Snake Plant","floor":29,"turns":1}],"seed_played":"9102129618971281148","potions_obtained":[{"floor":4,"key":"Regen Potion"},{"floor":5,"key":"AttackPotion"},{"floor":12,"key":"Energy Potion"},{"floor":14,"key":"Block Potion"},{"floor":18,"key":"Fire Potion"},{"floor":20,"key":"GamblersBrew"},{"floor":22,"key":"SteroidPotion"}],"is_trial":false,"path_per_floor":["M","?","?","M","M","R","E","M","T","M","R","M","M","M","R","B",null,"M","?","M","?","M","R","?","R","T","M","M","M"],"character_chosen":"IRONCLAD","items_purchased":[],"campfire_rested":2,"item_purchase_floors":[],"current_hp_per_floor":[79,68,68,67,60,66,68,59,59,35,44,35,33,33,66,4,80,67,67,50,50,27,63,63,75,75,23,9,0],"gold":92,"neow_bonus":"BOSS_RELIC","is_prod":false,"is_daily":false,"chose_seed":false,"campfire_upgraded":3,"win_rate":0,"timestamp":1568414587,"path_taken":["M","?","?","?","M","R","E","M","T","M","R","M","M","M","R","BOSS","M","?","M","?","M","R","?","R","T","M","M","M"],"build_version":"2019-07-17","purchased_purges":0,"victory":false,"max_hp_per_floor":[80,80,80,80,80,80,80,80,80,80,80,80,80,80,80,80,80,80,80,80,80,80,80,80,80,80,80,80,80],"card_choices":[{"not_picked":["Pommel Strike","Clash"],"picked":"Anger","floor":1},{"not_picked":["Feel No Pain","Entrench"],"picked":"Heavy Blade","floor":4},{"not_picked":["Corruption","Twin Strike"],"picked":"Cleave","floor":5},{"not_picked":["Shockwave","Cleave"],"picked":"Seeing Red","floor":7},{"not_picked":["Burning Pact","Uppercut"],"picked":"Disarm","floor":8},{"not_picked":["Hemokinesis","Cleave"],"picked":"Anger","floor":10},{"not_picked":["Clash","Fire Breathing"],"picked":"Rampage","floor":12},{"not_picked":["Pummel","Clothesline","Pommel Strike"],"picked":"SKIP","floor":13},{"not_picked":["Blood for Blood","Body Slam"],"picked":"Wild Strike","floor":14},{"not_picked":["Fiend Fire","Barricade"],"picked":"Exhume","floor":16},{"not_picked":["Iron Wave+1","Headbutt+1"],"picked":"Spot Weakness","floor":18},{"not_picked":["Combust","Bloodletting+1"],"picked":"Seeing Red","floor":20},{"not_picked":["True Grit","Warcry","Iron Wave+1"],"picked":"SKIP","floor":22},{"not_picked":["True Grit+1","Bloodletting"],"picked":"Rampage+1","floor":27},{"not_picked":["Headbutt","Sever Soul+1"],"picked":"Thunderclap+1","floor":28}],"player_experience":407306,"relics_obtained":[],"event_choices":[{"damage_healed":0,"gold_gain":75,"player_choice":"Gather Gold","damage_taken":11,"max_hp_gain":0,"max_hp_loss":0,"event_name":"World of Goop","floor":2,"gold_loss":0},{"cards_removed":["Strike_R"],"damage_healed":0,"gold_gain":0,"player_choice":"Purged","damage_taken":0,"max_hp_gain":0,"max_hp_loss":0,"event_name":"Purifier","floor":3,"gold_loss":0},{"damage_healed":0,"gold_gain":0,"player_choice":"Paid Fearfully","damage_taken":0,"max_hp_gain":0,"max_hp_loss":0,"event_name":"Masked Bandits","floor":19,"gold_loss":408},{"damage_healed":0,"gold_gain":0,"player_choice":"Ignored","damage_taken":0,"max_hp_gain":0,"max_hp_loss":0,"event_name":"The Mausoleum","floor":21,"gold_loss":0},{"damage_healed":0,"gold_gain":0,"player_choice":"Smashed Altar","damage_taken":0,"max_hp_gain":0,"max_hp_loss":0,"event_name":"Forgotten Altar","floor":24,"gold_loss":0,"cards_obtained":["Decay"]}],"is_beta":false,"boss_relics":[{"not_picked":["Coffee Dripper","Sozu","Velvet Choker"]}],"items_purged_floors":[],"is_endless":false,"potions_floor_spawned":[4,5,12,14,18,20,22],"killed_by":"Snake Plant","ascension_level":0}