{"path_per_floor":["M","?","?","?","?","R","E","T","T","$","E","M","R","?","R","B",null,"M","?","M","?","M","E","R","M","T","M","$","R","M","M","R","B",null,"M","M","?","$","$","R","?","R","T","M","R","M","M","$","R","B"],"character_chosen":"THE_SILENT","items_purchased":["Backflip","Footwork"],"gold_per_floor":[114,114,114,114,114,114,145,145,145,70,96,111,111,111,111,215,215,231,231,213,213,229,260,260,280,280,292,167,167,180,192,192,294,294,308,325,325,132,132,132,132,132,132,143,143,161,173,23,23,23],"floor_reached":51,"campfire_rested":3,"playtime":6322,"current_hp_per_floor":[70,70,63,63,56,56,56,56,56,56,58,62,62,62,62,24,72,63,50,52,52,51,35,59,61,61,63,63,63,67,71,87,27,87,83,74,74,74,74,74,74,74,74,68,68,33,28,28,57,22],"items_purged":["Strike_G","Defend_G","Strike_G","Pain"],"gold":23,"score":548,"play_id":"57f40df3-98f0-4715-9827-662b6d21b385","is_prod":false,"is_daily":false,"is_ascension_mode":false,"campfire_upgraded":7,"path_taken":["M","?","?","?","?","R","E","?","T","$","E","?","R","?","R","BOSS","M","?","?","?","?","E","R","M","T","M","$","R","M","M","R","BOSS","M","M","?","?","$","R","?","R","T","M","R","M","M","$","R","BOSS"],"build_version":"2018-02-22-PROD2","purchased_purges":4,"victory":true,"master_deck":["Defend_G","Defend_G","Defend_G","Defend_G","Strike_G","Strike_G","Survivor+1","Neutralize+1","Well Laid Plans","Dash+1","After Image","Slice+1","Dagger Spray+1","Noxious Fumes+1","Dagger Throw+1","Footwork+1","Backflip","A Thousand Cuts+1","Expertise+1","Footwork+1","Catalyst+1"],"max_hp_per_floor":[70,70,70,70,70,70,70,70,70,70,70,72,72,72,72,72,72,72,77,77,77,79,81,81,81,81,81,81,81,83,85,87,87,87,87,89,89,89,89,89,89,89,89,91,91,93,93,93,95,95],"relics":["Ring of the Snake","NeowsBlessing","Mercury Hourglass","Dream Catcher","Blood Vial","Singing Bowl","Ginger","Cursed Key","Pen Nib","Juzu Bracelet","Philosopher\u0027s Stone","Sundial"],"card_choices":[{"not_picked":["Deflect","Acrobatics"],"picked":"Well Laid Plans"},{"not_picked":["Caltrops","Choke"],"picked":"Dash"},{"not_picked":["Phantasmal Killer","Bullet Time"],"picked":"After Image"},{"not_picked":["Sucker Punch","Dagger Spray"],"picked":"Slice"},{"not_picked":["Finisher","Accuracy"],"picked":"Dagger Spray"},{"not_picked":["Sucker Punch","Slice"],"picked":"Noxious Fumes"},{"not_picked":["Unload","Slice"],"picked":"Dagger Throw"},{"not_picked":["Underhanded Strike","Terror"],"picked":"Footwork"},{"not_picked":["Wraith Form","Doppelganger"],"picked":"A Thousand Cuts"},{"not_picked":["Quick Slash","Terror"],"picked":"Expertise"},{"not_picked":["Slice","Blur"],"picked":"Catalyst"}],"player_experience":161521,"potions_floor_usage":[50,50],"damage_taken":[{"damage":0,"enemies":"Cultist","floor":1,"turns":1},{"damage":0,"enemies":"Lagavulin","floor":7,"turns":1},{"damage":0,"enemies":"Gremlin Nob","floor":11,"turns":1},{"damage":0,"enemies":"Jaw Worm","floor":12,"turns":4},{"damage":40,"enemies":"The Guardian","floor":16,"turns":17},{"damage":9,"enemies":"Spheric Guardian","floor":18,"turns":6},{"damage":0,"enemies":"2 Thieves","floor":20,"turns":4},{"damage":5,"enemies":"Cultist and Chosen","floor":22,"turns":6},{"damage":20,"enemies":"Slavers","floor":23,"turns":5},{"damage":0,"enemies":"Centurion and Healer","floor":25,"turns":7},{"damage":0,"enemies":"Snecko","floor":27,"turns":5},{"damage":0,"enemies":"Cultist and Chosen","floor":30,"turns":5},{"damage":0,"enemies":"Centurion and Healer","floor":31,"turns":5},{"damage":60,"enemies":"Collector","floor":33,"turns":14},{"damage":4,"enemies":"Orb Walker","floor":35,"turns":3},{"damage":13,"enemies":"3 Darklings","floor":36,"turns":4},{"damage":10,"enemies":"Maw","floor":44,"turns":7},{"damage":39,"enemies":"4 Shapes","floor":46,"turns":5},{"damage":7,"enemies":"3 Darklings","floor":47,"turns":4},{"damage":37,"enemies":"Time Eater","floor":50,"turns":14}],"event_choices":[{"event_name":"Accursed Blacksmith","player_choice":"Forge","floor":2,"damage_taken":0},{"event_name":"Scrap Ooze","player_choice":"success","floor":3,"damage_taken":7},{"event_name":"Liars Game","player_choice":"disagreed","floor":4,"damage_taken":0},{"event_name":"Golden Wing","player_choice":"Card Removal","floor":5,"damage_taken":0},{"event_name":"The Woman in Blue","player_choice":"Bought 0 Potions","floor":14,"damage_taken":0},{"event_name":"Forgotten Altar","player_choice":"Shed Blood","floor":19,"damage_taken":0},{"event_name":"The Mausoleum","player_choice":"No","floor":21,"damage_taken":0},{"event_name":"Fountain of Cleansing","player_choice":"Removed Curse","floor":37,"damage_taken":0},{"event_name":"Mysterious Sphere","player_choice":"Ignore","floor":41,"damage_taken":0}],"boss_relics":[{"not_picked":["Runic Dome","Astrolabe"],"picked":"Cursed Key"},{"not_picked":["Sozu","Pandora\u0027s Box"],"picked":"Philosopher\u0027s Stone"}],"potions_floor_spawned":[1,16,23,25,30,31,35],"seed_played":"-8845346886319734206","ascension_level":0,"is_trial":false}