{"gold_per_floor":[112,187,187,203,218,250,262,262,262,279,279,293,324,130,130,234,234,248,45,45,55,65,65],"floor_reached":23,"playtime":1809,"items_purged":[],"score":228,"play_id":"e2a8f203-3b17-4c87-8375-e0963d14f535","local_time":"20190912124716","is_ascension_mode":false,"campfire_choices":[{"data":"Spot Weakness","floor":8,"key":"SMITH"},{"data":"Inflame","floor":11,"key":"SMITH"},{"floor":15,"key":"REST"}],"neow_cost":"NONE","seed_source_timestamp":2494414476300,"circlet_count":0,"master_deck":["Strike_R","Strike_R","Strike_R","Strike_R","Strike_R","Defend_R","Defend_R","Defend_R","Defend_R","Bash","Disarm","Inflame+1","Twin Strike","Intimidate","Spot Weakness+1","Whirlwind","Rage","Warcry","Transmutation","Feed","Warcry+1","Pain","Clothesline","Thunderclap"],"relics":["Burning Blood","Pen Nib","Self Forming Clay","Magic Flower","Mark of Pain","HandDrill","WarpedTongs"],"potions_floor_usage":[6,13,13,13,23,23],"damage_taken":[{"damage":1,"enemies":"Jaw Worm","floor":1,"turns":5},{"damage":0,"enemies":"Small Slimes","floor":4,"turns":3},{"damage":3,"enemies":"Cultist","floor":5,"turns":4},{"damage":27,"enemies":"3 Sentries","floor":6,"turns":6},{"damage":10,"enemies":"2 Fungi Beasts","floor":7,"turns":3},{"damage":8,"enemies":"Gremlin Gang","floor":10,"turns":4},{"damage":11,"enemies":"Blue Slaver","floor":12,"turns":4},{"damage":14,"enemies":"Lagavulin","floor":13,"turns":4},{"damage":37,"enemies":"Slime Boss","floor":16,"turns":7},{"damage":27,"enemies":"3 Byrds","floor":18,"turns":4},{"damage":33,"enemies":"2 Thieves","floor":21,"turns":4},{"damage":19,"enemies":"Snake Plant","floor":22,"turns":3},{"damage":56,"enemies":"Slavers","floor":23,"turns":5}],"seed_played":"1209903443924119891","potions_obtained":[{"floor":1,"key":"SteroidPotion"},{"floor":5,"key":"Explosive Potion"},{"floor":7,"key":"GamblersBrew"},{"floor":10,"key":"Fire Potion"},{"floor":16,"key":"Fire Potion"},{"floor":18,"key":"SteroidPotion"}],"is_trial":false,"path_per_floor":["M","?","?","M","M","E","M","R","T","M","R","M","E","$","R","B",null,"M","$","?","M","M","E"],"character_chosen":"IRONCLAD","items_purchased":["Transmutation","HandDrill"],"campfire_rested":1,"item_purchase_floors":[14,19],"current_hp_per_floor":[88,77,77,83,86,65,61,61,61,59,59,54,46,46,72,44,88,75,75,75,51,47,0],"gold":65,"neow_bonus":"TEN_PERCENT_HP_BONUS","is_prod":false,"is_daily":false,"chose_seed":false,"campfire_upgraded":2,"win_rate":0.0,"timestamp":1568285236,"path_taken":["M","?","?","M","M","E","M","R","T","M","R","M","E","$","R","BOSS","M","$","?","?","M","E"],"build_version":"2019-07-17","purchased_purges":0,"victory":false,"max_hp_per_floor":[88,88,88,88,88,88,88,88,88,88,88,88,88,88,88,88,88,91,91,91,91,95,95],"card_choices":[{"not_picked":["Combust","Body Slam"],"picked":"Disarm","floor":1},{"not_picked":["Sword Boomerang","Disarm"],"picked":"Inflame","floor":4},{"not_picked":["Sword Boomerang","Wild Strike"],"picked":"Twin Strike","floor":5},{"not_picked":["Twin Strike","Cleave"],"picked":"Intimidate","floor":6},{"not_picked":["Shrug It Off","Pummel"],"picked":"Spot Weakness","floor":7},{"not_picked":["Rupture","Disarm"],"picked":"Whirlwind","floor":10},{"not_picked":["Clothesline","Burning Pact"],"picked":"Rage","floor":12},{"not_picked":["Blood for Blood","Armaments"],"picked":"Warcry","floor":13},{"not_picked":["Offering","Dark Embrace"],"picked":"Feed","floor":16},{"not_picked":["Body Slam+1","Carnage"],"picked":"Warcry+1","floor":18},{"not_picked":["Sword Boomerang","Combust"],"picked":"Clothesline","floor":21},{"not_picked":["Body Slam+1","Twin Strike"],"picked":"Thunderclap","floor":22}],"player_experience":32433,"relics_obtained":[{"floor":6,"key":"Pen Nib"},{"floor":9,"key":"Self Forming Clay"},{"floor":13,"key":"Magic Flower"}],"event_choices":[{"damage_healed":0,"gold_gain":75,"player_choice":"Gather Gold","damage_taken":11,"max_hp_gain":0,"max_hp_loss":0,"event_name":"World of Goop","floor":2,"gold_loss":0},{"damage_healed":0,"gold_gain":0,"player_choice":"Ignored","damage_taken":0,"max_hp_gain":0,"max_hp_loss":0,"event_name":"Golden Wing","floor":3,"gold_loss":0},{"damage_healed":0,"gold_gain":0,"player_choice":"Rummage","damage_taken":0,"relics_obtained":["WarpedTongs"],"max_hp_gain":0,"max_hp_loss":0,"event_name":"Accursed Blacksmith","floor":20,"gold_loss":0,"cards_obtained":["Pain"]}],"is_beta":false,"boss_relics":[{"not_picked":["Black Blood","Busted Crown"],"picked":"Mark of Pain"}],"items_purged_floors":[],"is_endless":false,"potions_floor_spawned":[1,5,7,10,16,18],"killed_by":"Slavers","ascension_level":0}