{"gold_per_floor":[115,115,125,138,138,165,184,184,184,196,210,230,258,5,5,106,106,116,130,130,130,230,230,256,256,304,339,358,358,358,152,152,251,251,268,268,1267,1267,805,805,805,129,129,163,178,257,257,267,267,267,267,267,4,39,39],"floor_reached":55,"playtime":2504,"items_purged":["Normality","Normality"],"score":741,"play_id":"e165250f-9b2c-4b58-a828-260dde01c9d9","local_time":"20190913164840","is_ascension_mode":false,"campfire_choices":[{"data":"Noxious Fumes","floor":8.0,"key":"SMITH"},{"floor":15.0,"key":"REST"},{"data":"Neutralize","floor":23.0,"key":"SMITH"},{"floor":25.0,"key":"RECALL"},{"floor":29.0,"key":"REST"},{"floor":32.0,"key":"REST"},{"data":"Noxious Fumes","floor":40.0,"key":"SMITH"},{"floor":47.0,"key":"REST"},{"floor":49.0,"key":"REST"},{"data":"Sadistic Nature","floor":52.0,"key":"SMITH"}],"neow_cost":"NONE","seed_source_timestamp":91050352515800,"circlet_count":0,"master_deck":["Defend_G","Defend_G","Defend_G","Defend_G","Defend_G","Survivor","Neutralize+1","Bouncing Flask","Bane","Noxious Fumes+1","Iron Wave","Noxious Fumes+1","Crippling Poison","Deflect","Tools of the Trade","Escape Plan+1","Corpse Explosion","Night Terror","Calculated Gamble+1","After Image+1","Envenom+1","Deflect+1","Panache","Glass Knife+1","Sadistic Nature+1","Endless Agony+1","Cloak And Dagger+1","Footwork","PiercingWail+1"],"special_seed":0,"relics":["Ring of the Snake","NeowsBlessing","Singing Bowl","Torii","Molten Egg 2","Sozu","Toy Ornithopter","Juzu Bracelet","The Courier","Paper Crane","Astrolabe","TwistedFunnel","Potion Belt","Snake Skull","Oddly Smooth Stone","Kunai","White Beast Statue","Ornamental Fan","Dodecahedron","Mummified Hand","Shuriken"],"potions_floor_usage":[],"damage_taken":[{"damage":0.0,"enemies":"2 Louse","floor":1.0,"turns":1.0},{"damage":0.0,"enemies":"Cultist","floor":3.0,"turns":1.0},{"damage":0.0,"enemies":"Small Slimes","floor":4.0,"turns":1.0},{"damage":23.0,"enemies":"3 Sentries","floor":6.0,"turns":8.0},{"damage":3.0,"enemies":"Red Slaver","floor":7.0,"turns":4.0},{"damage":12.0,"enemies":"Large Slime","floor":10.0,"turns":5.0},{"damage":2.0,"enemies":"Looter","floor":11.0,"turns":4.0},{"damage":8.0,"enemies":"Gremlin Gang","floor":12.0,"turns":4.0},{"damage":24.0,"enemies":"Gremlin Nob","floor":13.0,"turns":4.0},{"damage":17.0,"enemies":"The Guardian","floor":16.0,"turns":8.0},{"damage":9.0,"enemies":"Shell Parasite","floor":18.0,"turns":5.0},{"damage":0.0,"enemies":"3 Byrds","floor":19.0,"turns":3.0},{"damage":11.0,"enemies":"Book of Stabbing","floor":24.0,"turns":6.0},{"damage":47.0,"enemies":"Gremlin Leader","floor":27.0,"turns":7.0},{"damage":11.0,"enemies":"3 Cultists","floor":28.0,"turns":4.0},{"damage":17.0,"enemies":"Automaton","floor":33.0,"turns":10.0},{"damage":7.0,"enemies":"Orb Walker","floor":35.0,"turns":5.0},{"damage":27.0,"enemies":"Giant Head","floor":44.0,"turns":8.0},{"damage":1.0,"enemies":"3 Darklings","floor":45.0,"turns":4.0},{"damage":28.0,"enemies":"Spire Growth","floor":48.0,"turns":5.0},{"damage":47.0,"enemies":"Donu and Deca","floor":50.0,"turns":6.0},{"damage":39.0,"enemies":"Shield and Spear","floor":54.0,"turns":7.0},{"damage":43,"enemies":"The Heart","floor":55,"turns":6}],"seed_played":"-8450728053191322316","potions_obtained":[{"floor":4.0,"key":"FearPotion"},{"floor":10.0,"key":"Ancient Potion"},{"floor":12.0,"key":"Regen Potion"}],"is_trial":false,"path_per_floor":["M","?","M","M","?","E","M","R","T","M","M","M","E","$","R","B",null,"M","M","?","$","?","R","E","R","T","E","M","R","?","$","R","B",null,"M","?","?","?","$","R","?","$","T","E","M","T","R","M","R","B",null,"R","$","E","B"],"character_chosen":"THE_SILENT","items_purchased":["Molten Egg 2","Paper Crane","Panache","Glass Knife+1","TwistedFunnel","Sadistic Nature","Snake Skull","Oddly Smooth Stone","Kunai","Endless Agony+1","Mummified Hand","Footwork"],"campfire_rested":5,"item_purchase_floors":[14,31,39,39,39,42,42,42,42,42,53,53],"current_hp_per_floor":[70,70,70,70,70,47,46,46,46,34,34,26,18,18,40,23,76,69,69,69,69,69,69,60,60,60,13,4,28,28,28,52,35,82,75,75,75,75,75,75,75,75,75,50,51,51,75,47,71,24,82,82,82,43,0],"gold":39,"neow_bonus":"THREE_ENEMY_KILL","is_prod":false,"is_daily":false,"chose_seed":false,"campfire_upgraded":4,"win_rate":0,"timestamp":1568411320,"path_taken":["M","?","?","M","?","E","?","R","T","M","M","M","E","$","R","BOSS","M","M","?","$","?","R","E","R","T","E","M","R","?","?","R","BOSS","M","?","?","?","$","R","?","$","T","E","M","?","R","M","R","BOSS","R","$","E","BOSS"],"build_version":"2019-09-12","purchased_purges":2,"victory":false,"max_hp_per_floor":[70,70,70,70,70,70,72,72,72,72,74,74,76,76,76,76,76,78,78,78,78,78,78,80,80,80,80,82,82,82,82,82,82,82,82,78,78,78,78,78,78,78,78,80,82,82,82,82,82,82,82,82,82,82,82],"card_choices":[{"not_picked":["Dodge and Roll","Concentrate"],"picked":"Bouncing Flask","floor":1.0},{"not_picked":["Finisher","Blade Dance"],"picked":"Bane","floor":3.0},{"not_picked":["Sucker Punch","Slice"],"picked":"Noxious Fumes","floor":4.0},{"not_picked":["Predator","Bullet Time"],"picked":"Noxious Fumes","floor":6.0},{"not_picked":["Prepared","Flechettes","Underhanded Strike"],"picked":"Singing Bowl","floor":7.0},{"not_picked":["Deadly Poison","Underhanded Strike"],"picked":"Crippling Poison","floor":10.0},{"not_picked":["Deadly Poison","Setup","Prepared"],"picked":"Singing Bowl","floor":11.0},{"not_picked":["Acrobatics","Backflip"],"picked":"Deflect","floor":12.0},{"not_picked":["Slice","Backflip","Dagger Spray"],"picked":"Singing Bowl","floor":13.0},{"not_picked":["Grand Finale+1","A Thousand Cuts"],"picked":"Tools of the Trade","floor":16.0},{"not_picked":["Slice+1","Underhanded Strike+1","Deflect+1"],"picked":"Singing Bowl","floor":18.0},{"not_picked":["Eviscerate+1","Terror"],"picked":"Escape Plan+1","floor":19.0},{"not_picked":["Accuracy","Deadly Poison","Setup"],"picked":"Singing Bowl","floor":24.0},{"not_picked":["Crippling Poison","Quick Slash+1"],"picked":"Corpse Explosion","floor":27.0},{"not_picked":["Acrobatics","Infinite Blades+1","Concentrate+1"],"picked":"Singing Bowl","floor":28.0},{"not_picked":["Bullet Time","A Thousand Cuts"],"picked":"Night Terror","floor":33.0},{"not_picked":["Flying Knee+1","Acrobatics+1"],"picked":"Deflect+1","floor":35.0},{"not_picked":["A Thousand Cuts","Outmaneuver+1","Well Laid Plans"],"picked":"Singing Bowl","floor":44.0},{"not_picked":["Poisoned Stab+1","Prepared","Masterful Stab+1"],"picked":"Singing Bowl","floor":45.0},{"not_picked":["Acrobatics","Masterful Stab+1"],"picked":"Cloak And Dagger+1","floor":48.0},{"not_picked":["Quick Slash+1","Riddle With Holes+1"],"picked":"PiercingWail+1","floor":54.0}],"player_experience":1288331,"relics_obtained":[{"floor":6.0,"key":"Singing Bowl"},{"floor":13.0,"key":"Torii"},{"floor":24.0,"key":"Toy Ornithopter"},{"floor":26.0,"key":"Juzu Bracelet"},{"floor":27.0,"key":"The Courier"},{"floor":43.0,"key":"White Beast Statue"},{"floor":44.0,"key":"Ornamental Fan"},{"floor":46.0,"key":"Dodecahedron"},{"floor":54.0,"key":"Shuriken"}],"event_choices":[{"damage_healed":0.0,"max_hp_gain":0.0,"max_hp_loss":0.0,"gold_gain":0.0,"event_name":"The Woman in Blue","player_choice":"Bought 0 Potions","floor":2.0,"gold_loss":0.0,"damage_taken":0.0},{"cards_removed":["Strike_G"],"damage_healed":0.0,"max_hp_gain":0.0,"max_hp_loss":0.0,"gold_gain":0.0,"event_name":"NoteForYourself","player_choice":"Took Card","floor":5.0,"gold_loss":0.0,"damage_taken":0.0,"cards_obtained":["Iron Wave"]},{"damage_healed":0.0,"max_hp_gain":0.0,"max_hp_loss":0.0,"gold_gain":0.0,"cards_transformed":["Strike_G","Strike_G"],"event_name":"Drug Dealer","player_choice":"Became Test Subject","floor":20.0,"gold_loss":0.0,"damage_taken":0.0,"cards_obtained":["Well Laid Plans","Infinite Blades"]},{"damage_healed":0.0,"max_hp_gain":0.0,"max_hp_loss":0.0,"gold_gain":100.0,"event_name":"Golden Shrine","player_choice":"Pray","floor":22.0,"gold_loss":0.0,"damage_taken":0.0},{"cards_removed":["Infinite Blades"],"damage_healed":0.0,"max_hp_gain":0.0,"max_hp_loss":0.0,"gold_gain":0.0,"event_name":"Purifier","player_choice":"Purged","floor":30.0,"gold_loss":0.0,"damage_taken":0.0},{"damage_healed":0.0,"max_hp_gain":0.0,"max_hp_loss":4.0,"gold_gain":0.0,"event_name":"Winding Halls","player_choice":"Max HP","floor":36.0,"gold_loss":0.0,"damage_taken":0.0},{"damage_healed":0.0,"max_hp_gain":0.0,"max_hp_loss":0.0,"gold_gain":999.0,"event_name":"MindBloom","player_choice":"Gold","floor":37.0,"gold_loss":0.0,"damage_taken":0.0,"cards_obtained":["Normality","Normality"]},{"damage_healed":0.0,"max_hp_gain":0.0,"max_hp_loss":0.0,"gold_gain":0.0,"event_name":"FaceTrader","player_choice":"Leave","floor":38.0,"gold_loss":0.0,"damage_taken":0.0},{"damage_healed":0.0,"max_hp_gain":0.0,"max_hp_loss":0.0,"gold_gain":0.0,"event_name":"WeMeetAgain","player_choice":"Gave Potion","floor":41.0,"gold_loss":0.0,"damage_taken":0.0,"relics_obtained":["Potion Belt"]}],"is_beta":true,"boss_relics":[{"not_picked":["Empty Cage","Snecko Eye"],"picked":"Sozu"},{"not_picked":["Busted Crown","Pandora\u0027s Box"],"picked":"Astrolabe"}],"items_purged_floors":[39,42],"is_endless":false,"potions_floor_spawned":[4,10,12,19,24,35,44,45,48,54],"killed_by":"The Heart","ascension_level":0}