{"gold_per_floor":[210,210,210,227,152,152,152,186,198,210,238,250,275,237,237,237],"floor_reached":16,"playtime":323,"items_purged":["Normality","Strike_R"],"score":98,"play_id":"c33b16b1-e81f-4079-9d92-26911cb622aa","local_time":"20180720133652","is_ascension_mode":false,"campfire_choices":[{"data":"Iron Wave","floor":6,"key":"SMITH"},{"data":"Bash","floor":12,"key":"SMITH"},{"data":"Body Slam","floor":15,"key":"SMITH"}],"neow_cost":"NONE","seed_source_timestamp":1042905122277488,"circlet_count":0,"master_deck":["Strike_R","Strike_R","Strike_R","Defend_R","Defend_R","Defend_R","Defend_R","Bash+1","Iron Wave+1","Sword Boomerang","Pummel","Body Slam+1"],"relics":["Burning Blood","Matryoshka","MawBank","Art of War","Smiling Mask"],"potions_floor_usage":[13],"damage_taken":[{"damage":0,"enemies":"2 Louse","floor":1,"turns":3},{"damage":0,"enemies":"Cultist","floor":4,"turns":3},{"damage":29,"enemies":"Gremlin Nob","floor":8,"turns":5},{"damage":4,"enemies":"Jaw Worm","floor":11,"turns":4},{"damage":10,"enemies":"Exordium Thugs","floor":13,"turns":5},{"damage":48,"enemies":"Slime Boss","floor":16,"turns":10}],"seed_played":"8866858966020320580","potions_obtained":[{"floor":8,"key":"Explosive Potion"},{"floor":13,"key":"Ancient Potion"}],"is_trial":false,"path_per_floor":["M","?","?","M","$","R","?","E","T","?","M","R","M","$","R"],"character_chosen":"IRONCLAD","items_purchased":[],"campfire_rested":0,"item_purchase_floors":[],"current_hp_per_floor":[80,80,80,80,80,80,73,50,50,50,52,52,48,48,48,0],"gold":237,"neow_bonus":"HUNDRED_GOLD","is_prod":false,"is_daily":false,"chose_seed":false,"campfire_upgraded":3,"win_rate":0,"timestamp":1532108212,"path_taken":["M","?","?","?","$","R","?","E","T","?","M","R","M","$","R","BOSS"],"build_version":"2018-07-19","purchased_purges":2,"victory":false,"max_hp_per_floor":[80,80,80,80,80,80,80,80,80,80,80,80,80,80,80,80],"card_choices":[{"not_picked":["Flex","Warcry"],"picked":"Iron Wave","floor":1},{"not_picked":["Cleave","Iron Wave"],"picked":"Sword Boomerang","floor":4},{"not_picked":["Battle Trance","Clothesline","Spot Weakness"],"picked":"SKIP","floor":8},{"not_picked":["Warcry","True Grit"],"picked":"Pummel","floor":11},{"not_picked":["Headbutt","Rupture"],"picked":"Body Slam","floor":13}],"player_experience":803566,"relics_obtained":[{"floor":8,"key":"MawBank"},{"floor":9,"key":"Art of War"},{"floor":9,"key":"Smiling Mask"}],"event_choices":[{"event_name":"NoteForYourself","player_choice":"Ignored","floor":2,"damage_taken":0},{"event_name":"Accursed Blacksmith","player_choice":"Rummage","floor":3,"damage_taken":0},{"event_name":"Golden Wing","player_choice":"Card Removal","floor":7,"damage_taken":0},{"event_name":"Liars Game","player_choice":"disagreed","floor":10,"damage_taken":0}],"is_beta":true,"boss_relics":[],"items_purged_floors":[5,14],"is_endless":false,"potions_floor_spawned":[8,13],"killed_by":"Slime Boss","ascension_level":0}