{"gold_per_floor":[111,124,136,86,86,86,111,151,151,8,8],"floor_reached":11,"playtime":1227,"items_purged":[],"score":73,"play_id":"631dd90c-2391-4676-af8a-35326a836edd","local_time":"20190909171349","is_ascension_mode":false,"campfire_choices":[{"data":"Eruption","floor":6.0,"key":"SMITH"}],"neow_cost":"NONE","seed_source_timestamp":114761678227908,"circlet_count":0,"master_deck":["Strike_P","Strike_P","Strike_P","Strike_P","Defend_P","Defend_P","Defend_P","Eruption+1","Vigilance","EmptyMind","Collect","ThirdEye","Establishment","ClearTheMind"],"special_seed":0,"relics":["PureWater","Golden Idol","Anchor","Boot","Toolbox"],"potions_floor_usage":[8],"damage_taken":[{"damage":0.0,"enemies":"Cultist","floor":1.0,"turns":2.0},{"damage":1.0,"enemies":"Jaw Worm","floor":2.0,"turns":2.0},{"damage":7.0,"enemies":"2 Louse","floor":3.0,"turns":3.0},{"damage":13.0,"enemies":"Exordium Wildlife","floor":7.0,"turns":5.0},{"damage":23,"enemies":"Gremlin Nob","floor":8,"turns":4},{"damage":35,"enemies":"Lagavulin","floor":11,"turns":8}],"seed_played":"2486342451295878998","potions_obtained":[{"floor":1.0,"key":"Explosive Potion"},{"floor":2.0,"key":"Swift Potion"}],"is_trial":false,"path_per_floor":["M","M","M","?","?","R","M","E","T","$","E"],"character_chosen":"WATCHER","items_purchased":["Toolbox"],"campfire_rested":0,"item_purchase_floors":[10],"current_hp_per_floor":[71,70,63,63,63,63,50,27,27,27,0],"gold":8,"neow_bonus":"TEN_PERCENT_HP_BONUS","is_prod":false,"is_daily":false,"chose_seed":false,"campfire_upgraded":1,"win_rate":0.0,"timestamp":1568074429,"path_taken":["M","?","M","?","?","R","M","E","T","?","E"],"build_version":"2019-09-09","purchased_purges":0,"victory":false,"max_hp_per_floor":[71,71,71,71,66,66,66,66,66,66,66],"card_choices":[{"not_picked":["FlurryOfBlows","Crescendo"],"picked":"EmptyMind","floor":1.0},{"not_picked":["CrushJoints","ForeignInfluence"],"picked":"Collect","floor":2.0},{"not_picked":["ClearTheMind","CutThroughFate"],"picked":"ThirdEye","floor":3.0},{"not_picked":["ThirdEye","CleanseEvil"],"picked":"Establishment","floor":7.0},{"not_picked":["BowlingBash","PathToVictory"],"picked":"ClearTheMind","floor":8}],"player_experience":15313,"relics_obtained":[{"floor":8,"key":"Anchor"},{"floor":9,"key":"Boot"}],"event_choices":[{"cards_removed":["Defend_P"],"damage_healed":0.0,"max_hp_gain":0.0,"max_hp_loss":0.0,"gold_gain":0.0,"event_name":"The Cleric","player_choice":"Card Removal","floor":4.0,"gold_loss":50.0,"damage_taken":0.0},{"damage_healed":0.0,"max_hp_gain":0.0,"max_hp_loss":5.0,"gold_gain":0.0,"event_name":"Golden Idol","player_choice":"Lose Max HP","floor":5.0,"gold_loss":0.0,"damage_taken":0.0,"relics_obtained":["Golden Idol"]}],"is_beta":true,"boss_relics":[],"items_purged_floors":[],"is_endless":false,"potions_floor_spawned":[1,2],"killed_by":"Lagavulin","ascension_level":0}