{"path_per_floor":["M","M","?","M","M","R","E","M","T","R","M","R","M","M","R","B",null,"M","?","?","M","$","R","$","E","T","T","$","E","M","M","R"],"character_chosen":"DEFECT","items_purchased":["Impulse","Thread and Needle"],"gold_per_floor":[109,125,125,141,154,154,187,206,231,231,251,251,269,281,281,385,385,395,395,395,407,286,286,286,349,349,374,65,98,117,129,129,129],"floor_reached":33,"campfire_rested":2,"playtime":1910,"current_hp_per_floor":[73,71,56,54,30,30,22,20,20,20,18,18,18,13,35,7,75,55,55,55,55,55,55,55,17,27,27,27,18,18,6,46,0],"items_purged":["Decay"],"gold":129,"score":289,"play_id":"aec26b58-47cc-454f-a1fa-b32668931354","local_time":"20180428133902","is_prod":false,"is_daily":false,"chose_seed":false,"is_ascension_mode":false,"campfire_upgraded":4,"timestamp":1524937142,"path_taken":["M","M","?","M","?","R","E","M","T","R","?","R","M","M","R","BOSS","M","?","?","M","$","R","?","E","T","?","$","E","M","?","R","BOSS"],"build_version":"2018-04-27v3","seed_source_timestamp":2381376974089843,"purchased_purges":1,"victory":false,"master_deck":["Strike_B","Defend_B+1","Defend_B","Defend_B","Defend_B+1","Zap+1","Dualcast","Skim","Coolheaded","Cold Snap","Auto Shields+1","Streamline+1","Capacitor","Skim","Static Discharge","Axe Kick","Rainbow+1","Aggregate+1","Blizzard+1","Melter+1","Cold Snap","Auto Shields","Impulse","Seek","Seek","Reinforced Body"],"max_hp_per_floor":[75,75,75,75,75,75,75,75,75,75,75,75,75,75,75,75,75,75,75,75,75,75,75,75,75,85,85,85,85,85,85,85,85],"relics":["Cracked Core","Oddly Smooth Stone","Bag of Preparation","Astrolabe","Tiny Chest","Pear","Regal Pillow","Thread and Needle","Pen Nib"],"card_choices":[{"not_picked":["Aggregate","Stack"],"picked":"Skim","floor":1},{"not_picked":["Capacitor","Reprogram"],"picked":"Coolheaded","floor":2},{"not_picked":["Hello World","Capacitor"],"picked":"Cold Snap","floor":4},{"not_picked":["Stack","Leap"],"picked":"Auto Shields","floor":5},{"not_picked":["Loop","Amplify"],"picked":"Streamline","floor":7},{"not_picked":["Hologram","Cold Snap"],"picked":"Capacitor","floor":8},{"not_picked":["Beam Cell","Storm"],"picked":"Skim","floor":11},{"not_picked":["Skim","Double Energy"],"picked":"Static Discharge","floor":13},{"not_picked":["Hello World","Streamline"],"picked":"Axe Kick","floor":14},{"not_picked":["Fission","Nova"],"picked":"Rainbow","floor":16},{"not_picked":["Skim","Buffer"],"picked":"Cold Snap","floor":18},{"not_picked":["Coolheaded","Force Field"],"picked":"Auto Shields","floor":21},{"not_picked":["Storm","Capacitor"],"picked":"Seek","floor":25},{"not_picked":["Beam Cell","Aggregate"],"picked":"Seek","floor":29},{"not_picked":["Buffer","Static Discharge"],"picked":"Reinforced Body","floor":31}],"player_experience":396021,"potions_floor_usage":[25,29,31,33],"damage_taken":[{"damage":2,"enemies":"Small Slimes","floor":1,"turns":4},{"damage":2,"enemies":"2 Louse","floor":2,"turns":3},{"damage":2,"enemies":"Cultist","floor":4,"turns":5},{"damage":24,"enemies":"Lots of Slimes","floor":5,"turns":4},{"damage":8,"enemies":"Lagavulin","floor":7,"turns":9},{"damage":2,"enemies":"3 Louse","floor":8,"turns":4},{"damage":2,"enemies":"Large Slime","floor":11,"turns":6},{"damage":0,"enemies":"2 Fungi Beasts","floor":13,"turns":3},{"damage":5,"enemies":"Blue Slaver","floor":14,"turns":4},{"damage":28,"enemies":"Slime Boss","floor":16,"turns":14},{"damage":20,"enemies":"Shell Parasite","floor":18,"turns":6},{"damage":0,"enemies":"Spheric Guardian","floor":21,"turns":1},{"damage":38,"enemies":"Slavers","floor":25,"turns":7},{"damage":9,"enemies":"Book of Stabbing","floor":29,"turns":7},{"damage":0,"enemies":"Centurion and Healer","floor":30,"turns":9},{"damage":12,"enemies":"Snake Plant","floor":31,"turns":6},{"damage":49,"enemies":"Automaton","floor":33,"turns":10}],"event_choices":[{"event_name":"Shining Light","player_choice":"Entered Light","floor":3,"damage_taken":0},{"event_name":"Cursed Tome","player_choice":"Ignored","floor":19,"damage_taken":0},{"event_name":"Wheel of Change","player_choice":"Curse","floor":20,"damage_taken":0}],"boss_relics":[{"not_picked":["Snecko Eye","Runic Dome"],"picked":"Astrolabe"}],"potions_floor_spawned":[2,7,8,14,16,18,21,29],"seed_played":"166029634940999195","killed_by":"Automaton","ascension_level":0,"is_trial":false}