{"gold_per_floor":[118,193,193,74,44,44,77,91,91,126,126,137,162,177,177,256,256,266,1,18,33,48,48,83,83,107,107,123,136,136],"floor_reached":30,"playtime":2472,"items_purged":["Strike_B"],"score":640,"play_id":"6ca30416-a711-43fc-a643-91df9b70c2ca","local_time":"20190903195213","is_ascension_mode":true,"campfire_choices":[{"data":"Sunder","floor":6.0,"key":"SMITH"},{"data":"Hyperbeam","floor":11.0,"key":"SMITH"},{"data":"Defragment","floor":15.0,"key":"SMITH"},{"data":"Buffer","floor":23.0,"key":"SMITH"},{"data":"Loop","floor":25.0,"key":"SMITH"},{"floor":27.0,"key":"REST"}],"neow_cost":"NONE","seed_source_timestamp":969963330513841,"circlet_count":0,"master_deck":["AscendersBane","Defend_B","Defend_B","Defend_B","Defend_B","Dualcast","Steam","Sunder+1","Defragment+1","Conserve Battery","Hyperbeam+1","Auto Shields","Leap","Hologram","Buffer+1","Thunder Strike+1","Sunder+1","Skim+1","White Noise","Static Discharge","Turbo+1","Doom and Gloom+1","Loop+1","Hologram+1","Consume+1"],"special_seed":0,"relics":["Cracked Core","NeowsBlessing","Pocketwatch","Lantern","Bag of Marbles","Mercury Hourglass","Astrolabe","Pantograph","Centennial Puzzle"],"potions_floor_usage":[],"damage_taken":[{"damage":0.0,"enemies":"2 Louse","floor":1.0,"turns":1.0},{"damage":0.0,"enemies":"Lagavulin","floor":7.0,"turns":1.0},{"damage":0.0,"enemies":"Small Slimes","floor":8.0,"turns":1.0},{"damage":0.0,"enemies":"3 Sentries","floor":10.0,"turns":6.0},{"damage":0.0,"enemies":"Jaw Worm","floor":12.0,"turns":1.0},{"damage":3.0,"enemies":"Gremlin Nob","floor":13.0,"turns":3.0},{"damage":0.0,"enemies":"Looter","floor":14.0,"turns":2.0},{"damage":4.0,"enemies":"Hexaghost","floor":16.0,"turns":8.0},{"damage":0.0,"enemies":"Spheric Guardian","floor":18.0,"turns":5.0},{"damage":1.0,"enemies":"2 Thieves","floor":20.0,"turns":4.0},{"damage":18.0,"enemies":"Snake Plant","floor":21.0,"turns":2.0},{"damage":13.0,"enemies":"Cultist and Chosen","floor":22.0,"turns":6.0},{"damage":14.0,"enemies":"Gremlin Leader","floor":24.0,"turns":7.0},{"damage":7.0,"enemies":"Snecko","floor":28.0,"turns":4.0},{"damage":26.0,"enemies":"Shelled Parasite and Fungi","floor":29.0,"turns":5.0},{"damage":28,"enemies":"Book of Stabbing","floor":30,"turns":4}],"seed_played":"-1321141255424166733","potions_obtained":[{"floor":5.0,"key":"Regen Potion"},{"floor":5.0,"key":"Dexterity Potion"},{"floor":8.0,"key":"Fire Potion"},{"floor":12.0,"key":"Fire Potion"},{"floor":14.0,"key":"Weak Potion"},{"floor":21.0,"key":"Weak Potion"},{"floor":28.0,"key":"Regen Potion"}],"is_trial":false,"path_per_floor":["M","?","?","$","?","R","E","M","T","E","R","M","E","M","R","B",null,"M","$","M","M","M","R","E","R","T","R","M","M","E"],"character_chosen":"DEFECT","items_purchased":["Sunder","Pantograph"],"campfire_rested":1,"item_purchase_floors":[4,19],"current_hp_per_floor":[64,53,53,53,53,53,53,53,53,68,68,68,65,65,65,61,69,69,69,68,50,37,37,23,23,23,44,37,25,0],"gold":136,"neow_bonus":"THREE_ENEMY_KILL","is_prod":false,"is_daily":false,"chose_seed":false,"campfire_upgraded":5,"win_rate":0,"timestamp":1567565533,"path_taken":["M","?","?","?","?","R","E","M","T","E","R","M","E","M","R","BOSS","M","$","M","?","M","R","E","R","T","R","M","?","E"],"build_version":"2019-07-17","purchased_purges":1,"victory":false,"max_hp_per_floor":[71,71,71,71,71,71,71,71,71,71,71,71,71,71,71,71,71,71,71,71,71,71,71,71,71,71,71,71,71,71],"card_choices":[{"not_picked":["Streamline","Barrage"],"picked":"Steam","floor":1.0},{"not_picked":["Reinforced Body","Scrape"],"picked":"Defragment","floor":7.0},{"not_picked":["Rebound","Auto Shields"],"picked":"Conserve Battery","floor":8.0},{"not_picked":["Tempest","Conserve Battery"],"picked":"Hyperbeam","floor":10.0},{"not_picked":["Barrage","Stack"],"picked":"Auto Shields","floor":12.0},{"not_picked":["Hyperbeam","Sweeping Beam"],"picked":"Leap","floor":13.0},{"not_picked":["Compile Driver","Redo"],"picked":"Hologram","floor":14.0},{"not_picked":["Creative AI","Electrodynamics"],"picked":"Buffer","floor":16.0},{"not_picked":["Conserve Battery","Go for the Eyes"],"picked":"White Noise","floor":18.0},{"not_picked":["Turbo","Streamline"],"picked":"Static Discharge","floor":20.0},{"not_picked":["Sunder","Conserve Battery"],"picked":"Turbo+1","floor":21.0},{"not_picked":["Static Discharge","Barrage"],"picked":"Doom and Gloom+1","floor":22.0},{"not_picked":["Fusion","Beam Cell"],"picked":"Loop","floor":24.0},{"not_picked":["Aggregate","Conserve Battery"],"picked":"Hologram+1","floor":28.0},{"not_picked":["Go for the Eyes","Genetic Algorithm"],"picked":"Consume+1","floor":29.0}],"player_experience":874531,"relics_obtained":[{"floor":7.0,"key":"Pocketwatch"},{"floor":9.0,"key":"Lantern"},{"floor":10.0,"key":"Bag of Marbles"},{"floor":13.0,"key":"Mercury Hourglass"},{"floor":24.0,"key":"Centennial Puzzle"}],"event_choices":[{"damage_healed":0.0,"max_hp_gain":0.0,"max_hp_loss":0.0,"gold_gain":75.0,"event_name":"World of Goop","player_choice":"Gather Gold","floor":2.0,"gold_loss":0.0,"damage_taken":11.0},{"cards_removed":["Strike_B"],"damage_healed":0.0,"max_hp_gain":0.0,"max_hp_loss":0.0,"gold_gain":0.0,"event_name":"Living Wall","player_choice":"Forget","floor":3.0,"gold_loss":0.0,"damage_taken":0.0},{"damage_healed":0.0,"max_hp_gain":0.0,"max_hp_loss":0.0,"gold_gain":0.0,"event_name":"The Woman in Blue","player_choice":"Bought 2 Potions","floor":5.0,"gold_loss":0.0,"damage_taken":0.0}],"is_beta":false,"boss_relics":[{"not_picked":["Velvet Choker","White Beast Statue"],"picked":"Astrolabe"}],"items_purged_floors":[4],"is_endless":false,"potions_floor_spawned":[8,12,14,21,28],"killed_by":"Book of Stabbing","ascension_level":20}