{"gold_per_floor":[118,135,155,230,230,257,257,275,325,325,341,361,361,391,391,489,489,500,500,163,178,196,221,221,238,262,272,272,291,302,226,226,226],"floor_reached":33,"playtime":1012,"items_purged":[],"score":281,"play_id":"50c4d0e8-aa93-484b-b390-f71330f7bd32","local_time":"20181031014323","is_ascension_mode":false,"campfire_choices":[{"floor":7,"key":"RECALL"},{"data":"Sword Boomerang","floor":10,"key":"SMITH"},{"data":"Sword Boomerang","floor":15,"key":"SMITH"},{"data":"Metallicize","floor":24,"key":"SMITH"},{"floor":32,"key":"REST"}],"neow_cost":"NONE","seed_source_timestamp":36527447370286,"circlet_count":0,"master_deck":["Strike_R","Strike_R","Strike_R","Strike_R","Strike_R","Defend_R","Defend_R","Defend_R","Defend_R","Bash","Wild Strike","Spot Weakness+1","Sword Boomerang+1","Cleave","Sword Boomerang+1","Twin Strike","Pommel Strike","Offering","Metallicize+1","Shrug It Off","Anger+1","Pummel+1","True Grit","Seeing Red+1"],"relics":["Black Blood","Sundial","Blood Vial","Bronze Scales","Turnip","Prayer Wheel","Matryoshka"],"potions_floor_usage":[14,14,14,23,29,30,30],"damage_taken":[{"damage":1,"enemies":"2 Louse","floor":1,"turns":2},{"damage":1,"enemies":"Jaw Worm","floor":2,"turns":3},{"damage":0,"enemies":"Small Slimes","floor":3,"turns":3},{"damage":26,"enemies":"Lagavulin","floor":6,"turns":5},{"damage":7,"enemies":"Blue Slaver","floor":8,"turns":3},{"damage":12,"enemies":"3 Louse","floor":11,"turns":2},{"damage":31,"enemies":"Exordium Thugs","floor":12,"turns":4},{"damage":17,"enemies":"3 Sentries","floor":14,"turns":6},{"damage":33,"enemies":"The Guardian","floor":16,"turns":10},{"damage":11,"enemies":"3 Byrds","floor":18,"turns":3},{"damage":18,"enemies":"2 Thieves","floor":21,"turns":2},{"damage":24,"enemies":"Centurion and Healer","floor":22,"turns":5},{"damage":33,"enemies":"Book of Stabbing","floor":23,"turns":4},{"damage":20,"enemies":"Chosen and Byrds","floor":25,"turns":4},{"damage":23,"enemies":"Sentry and Sphere","floor":27,"turns":4},{"damage":12,"enemies":"3 Cultists","floor":29,"turns":4},{"damage":4,"enemies":"Snake Plant","floor":30,"turns":3},{"damage":60,"enemies":"Champ","floor":33,"turns":9}],"seed_played":"-9083861771560551204","potions_obtained":[{"floor":1,"key":"BloodPotion"},{"floor":3,"key":"EssenceOfSteel"},{"floor":6,"key":"Regen Potion"},{"floor":16,"key":"FearPotion"},{"floor":18,"key":"Explosive Potion"},{"floor":21,"key":"Fire Potion"},{"floor":25,"key":"Block Potion"}],"is_trial":false,"path_per_floor":["M","M","M","?","?","E","R","M","T","R","M","M","?","E","R","B",null,"M","?","$","M","M","E","R","M","T","M","?","M","M","?","R"],"character_chosen":"IRONCLAD","items_purchased":["Turnip","Shrug It Off"],"campfire_rested":1,"item_purchase_floors":[20,20],"current_hp_per_floor":[80,80,80,69,69,49,49,48,48,48,44,21,21,35,35,10,80,79,79,79,72,60,39,39,31,31,20,20,20,28,28,52,0],"gold":226,"neow_bonus":"THREE_CARDS","is_prod":false,"is_daily":false,"chose_seed":false,"campfire_upgraded":3,"win_rate":0,"timestamp":1540964603,"path_taken":["M","M","M","?","?","E","R","M","T","R","M","M","?","E","R","BOSS","M","?","$","M","M","E","R","M","T","M","?","?","M","?","R","BOSS"],"build_version":"2018-10-29v2","purchased_purges":0,"victory":false,"max_hp_per_floor":[80,80,80,80,80,80,80,80,80,80,80,80,80,80,80,80,80,80,80,80,80,80,80,80,80,80,80,80,80,80,80,80,80],"card_choices":[{"not_picked":["Flex","Hemokinesis"],"picked":"Wild Strike","floor":0},{"not_picked":["Combust","Battle Trance"],"picked":"Spot Weakness","floor":1},{"not_picked":["Hemokinesis","Intimidate","Flex"],"picked":"SKIP","floor":2},{"not_picked":["Reckless Charge","Rage"],"picked":"Sword Boomerang","floor":3},{"not_picked":["Heavy Blade","Fire Breathing"],"picked":"Cleave","floor":6},{"not_picked":["Hemokinesis","Corruption","Heavy Blade"],"picked":"SKIP","floor":8},{"not_picked":["Clothesline","Body Slam"],"picked":"Sword Boomerang","floor":11},{"not_picked":["Warcry","Iron Wave"],"picked":"Twin Strike","floor":12},{"not_picked":["Sword Boomerang","Juggernaut"],"picked":"Pommel Strike","floor":14},{"not_picked":["Immolate","Fiend Fire"],"picked":"Offering","floor":16},{"not_picked":["Warcry","Cleave","Clothesline"],"picked":"SKIP","floor":18},{"not_picked":["Pommel Strike","Armaments"],"picked":"Anger+1","floor":21},{"not_picked":["Power Through","Clash"],"picked":"Pummel+1","floor":22},{"not_picked":["Blood for Blood+1","Rampage","Clash+1"],"picked":"SKIP","floor":23},{"not_picked":["Flex","Dropkick","Feel No Pain"],"picked":"SKIP","floor":25},{"not_picked":["Havoc","Wild Strike","Headbutt"],"picked":"SKIP","floor":25},{"not_picked":["Corruption+1","Thunderclap+1","Disarm"],"picked":"SKIP","floor":27},{"not_picked":["Wild Strike","Metallicize","Sever Soul"],"picked":"SKIP","floor":27},{"not_picked":["Sword Boomerang","Shockwave"],"picked":"True Grit","floor":29},{"not_picked":["Metallicize+1","Searing Blow","True Grit"],"picked":"SKIP","floor":29},{"not_picked":["Clash","Brutality"],"picked":"Seeing Red+1","floor":30},{"not_picked":["Wild Strike","Armaments","True Grit"],"picked":"SKIP","floor":30}],"player_experience":958355,"relics_obtained":[{"floor":6,"key":"Sundial"},{"floor":9,"key":"Blood Vial"},{"floor":14,"key":"Bronze Scales"},{"floor":23,"key":"Prayer Wheel"}],"event_choices":[{"damage_healed":0,"gold_gain":75,"player_choice":"Gather Gold","damage_taken":11,"max_hp_gain":0,"max_hp_loss":0,"event_name":"World of Goop","floor":4,"gold_loss":0},{"damage_healed":0,"gold_gain":0,"player_choice":"Grow","damage_taken":0,"max_hp_gain":0,"max_hp_loss":0,"event_name":"Living Wall","floor":5,"gold_loss":0,"cards_upgraded":["Spot Weakness"]},{"damage_healed":0,"gold_gain":0,"player_choice":"Ignored","damage_taken":0,"max_hp_gain":0,"max_hp_loss":0,"event_name":"Golden Idol","floor":13,"gold_loss":0},{"damage_healed":0,"gold_gain":0,"player_choice":"Read","damage_taken":0,"max_hp_gain":0,"max_hp_loss":0,"event_name":"The Library","floor":19,"gold_loss":0,"cards_obtained":["Metallicize"]},{"damage_healed":0,"gold_gain":0,"player_choice":"Ignored","damage_taken":0,"max_hp_gain":0,"max_hp_loss":0,"event_name":"Ghosts","floor":28,"gold_loss":0},{"damage_healed":0,"gold_gain":0,"player_choice":"Paid Gold","damage_taken":0,"relics_obtained":["Matryoshka"],"max_hp_gain":0,"max_hp_loss":0,"event_name":"WeMeetAgain","floor":31,"gold_loss":76}],"is_beta":true,"boss_relics":[{"not_picked":["Cursed Key","Sozu"],"picked":"Black Blood"}],"items_purged_floors":[],"is_endless":false,"potions_floor_spawned":[1,3,6,12,16,18,21,25],"killed_by":"Champ","ascension_level":0}