{"gold_per_floor":[110,120,120,120,132,158,158,192,192,210,210,210,210,224,224,224],"floor_reached":16,"playtime":1226,"items_purged":[],"score":116,"play_id":"37f9ea50-95fe-4d15-bfd9-bbecbc714a00","local_time":"20190914114541","is_ascension_mode":true,"campfire_choices":[{"data":"Armaments","floor":7,"key":"SMITH"},{"floor":11,"key":"REST"},{"data":"Bash","floor":15,"key":"SMITH"}],"neow_cost":"NONE","seed_source_timestamp":79283508600400,"circlet_count":0,"master_deck":["Strike_R","Strike_R","Strike_R","Defend_R","Defend_R","Defend_R","Defend_R","Bash+1","Dropkick","Rupture","Warcry","Armaments+1","True Grit","Cleave","Battle Trance"],"relics":["Burning Blood","NeowsBlessing","Gremlin Horn","Paper Frog","Matryoshka","Juzu Bracelet","Calipers"],"potions_floor_usage":[8,10],"damage_taken":[{"damage":0,"enemies":"2 Louse","floor":1,"turns":1},{"damage":0,"enemies":"Small Slimes","floor":2,"turns":1},{"damage":0,"enemies":"Cultist","floor":5,"turns":1},{"damage":48,"enemies":"Gremlin Nob","floor":6,"turns":5},{"damage":47,"enemies":"3 Sentries","floor":8,"turns":13},{"damage":7,"enemies":"Blue Slaver","floor":10,"turns":3},{"damage":0,"enemies":"Red Slaver","floor":14,"turns":6},{"damage":42,"enemies":"The Guardian","floor":16,"turns":11}],"seed_played":"-3324587351401036039","potions_obtained":[{"floor":1,"key":"Ancient Potion"},{"floor":6,"key":"Regen Potion"},{"floor":8,"key":"Ancient Potion"}],"is_trial":false,"path_per_floor":["M","M","?","?","M","E","R","E","T","M","R","?","T","M","R","B"],"character_chosen":"IRONCLAD","items_purchased":[],"campfire_rested":1,"item_purchase_floors":[],"current_hp_per_floor":[80,80,73,73,79,37,37,11,11,10,34,34,34,40,40,0],"gold":224,"neow_bonus":"THREE_ENEMY_KILL","is_prod":false,"is_daily":false,"chose_seed":false,"campfire_upgraded":2,"win_rate":0,"timestamp":1568454341,"path_taken":["M","M","?","?","M","E","R","E","T","M","R","?","?","M","R","BOSS"],"build_version":"2019-07-17","purchased_purges":0,"victory":false,"max_hp_per_floor":[80,80,80,80,80,80,80,80,80,80,80,80,80,80,80,80],"card_choices":[{"not_picked":["Clash","Clothesline"],"picked":"Dropkick","floor":1},{"not_picked":["Warcry","Sever Soul"],"picked":"Rupture","floor":2},{"not_picked":["Havoc","Corruption"],"picked":"Warcry","floor":5},{"not_picked":["Second Wind","Headbutt"],"picked":"Armaments","floor":6},{"not_picked":["Anger","Bludgeon"],"picked":"True Grit","floor":8},{"not_picked":["Armaments","Headbutt"],"picked":"Cleave","floor":10},{"not_picked":["Wild Strike","Cleave"],"picked":"Battle Trance","floor":14}],"player_experience":105427,"relics_obtained":[{"floor":6,"key":"Gremlin Horn"},{"floor":8,"key":"Paper Frog"},{"floor":9,"key":"Matryoshka"},{"floor":13,"key":"Juzu Bracelet"},{"floor":13,"key":"Calipers"}],"event_choices":[{"cards_removed":["Strike_R"],"damage_healed":0,"gold_gain":0,"player_choice":"Card Removal","damage_taken":7,"max_hp_gain":0,"max_hp_loss":0,"event_name":"Golden Wing","floor":3,"gold_loss":0},{"damage_healed":0,"gold_gain":0,"player_choice":"Ignored","damage_taken":0,"max_hp_gain":0,"max_hp_loss":0,"event_name":"Liars Game","floor":4,"gold_loss":0},{"cards_removed":["Strike_R"],"damage_healed":0,"gold_gain":0,"player_choice":"Forget","damage_taken":0,"max_hp_gain":0,"max_hp_loss":0,"event_name":"Living Wall","floor":12,"gold_loss":0}],"is_beta":false,"boss_relics":[],"items_purged_floors":[],"is_endless":false,"potions_floor_spawned":[1,6,8],"killed_by":"The Guardian","ascension_level":1}