{"gold_per_floor":[118,193,211,224,242,242,271,283,306,47,66,84,84,110,110,110],"floor_reached":16,"playtime":688,"items_purged":["Defend_R"],"score":104,"play_id":"9e333274-adf3-4b48-b96f-eefb9931cb77","local_time":"20190916205550","is_ascension_mode":false,"campfire_choices":[{"floor":6,"key":"REST"},{"floor":13,"key":"REST"},{"data":"Perfected Strike","floor":15,"key":"SMITH"}],"neow_cost":"NONE","seed_source_timestamp":59806749777400,"circlet_count":0,"master_deck":["Strike_R","Strike_R","Strike_R","Strike_R","Strike_R","Defend_R","Bash","Perfected Strike+1","Wild Strike","Pommel Strike","Shrug It Off","Pommel Strike"],"relics":["Empty Cage","Smiling Mask","Strawberry","Sling","Art of War"],"potions_floor_usage":[5,7,12,16,16],"damage_taken":[{"damage":5,"enemies":"Jaw Worm","floor":1,"turns":5},{"damage":6,"enemies":"2 Louse","floor":3,"turns":2},{"damage":15,"enemies":"Small Slimes","floor":4,"turns":3},{"damage":0,"enemies":"Blue Slaver","floor":5,"turns":1},{"damage":26,"enemies":"Lagavulin","floor":7,"turns":5},{"damage":16,"enemies":"Red Slaver","floor":8,"turns":5},{"damage":1,"enemies":"Exordium Wildlife","floor":11,"turns":2},{"damage":5,"enemies":"Lots of Slimes","floor":12,"turns":5},{"damage":54,"enemies":"The Guardian","floor":16,"turns":10}],"seed_played":"-1591572718234271692","potions_obtained":[{"floor":1,"key":"Swift Potion"},{"floor":4,"key":"Fire Potion"},{"floor":7,"key":"Block Potion"},{"floor":11,"key":"Weak Potion"},{"floor":12,"key":"SteroidPotion"}],"is_trial":false,"path_per_floor":["M","?","M","M","M","R","E","M","T","$","M","M","R","T","R","B"],"character_chosen":"IRONCLAD","items_purchased":["Sling"],"campfire_rested":2,"item_purchase_floors":[10],"current_hp_per_floor":[75,64,58,43,43,67,41,25,32,32,31,26,52,52,52,0],"gold":110,"neow_bonus":"BOSS_RELIC","is_prod":false,"is_daily":false,"chose_seed":false,"campfire_upgraded":1,"win_rate":0,"timestamp":1568681750,"path_taken":["M","?","M","M","M","R","E","M","T","$","M","M","R","?","R","BOSS"],"build_version":"2019-07-17","purchased_purges":1,"victory":false,"max_hp_per_floor":[80,80,80,80,80,80,80,80,87,87,87,87,87,87,87,87],"card_choices":[{"not_picked":["Wild Strike","Hemokinesis"],"picked":"Perfected Strike","floor":1},{"not_picked":["Evolve","Reckless Charge"],"picked":"Wild Strike","floor":3},{"not_picked":["Clash","Sword Boomerang","Carnage"],"picked":"SKIP","floor":4},{"not_picked":["Uppercut","Body Slam"],"picked":"Pommel Strike","floor":5},{"not_picked":["Thunderclap","Blood for Blood"],"picked":"Shrug It Off","floor":7},{"not_picked":["Offering","Spot Weakness","Heavy Blade"],"picked":"SKIP","floor":8},{"not_picked":["Sever Soul","Armaments","Flame Barrier"],"picked":"SKIP","floor":11},{"not_picked":["Clothesline","Shrug It Off"],"picked":"Pommel Strike","floor":12}],"player_experience":540171,"relics_obtained":[{"floor":7,"key":"Smiling Mask"},{"floor":9,"key":"Strawberry"},{"floor":14,"key":"Art of War"}],"event_choices":[{"damage_healed":0,"gold_gain":75,"player_choice":"Gather Gold","damage_taken":11,"max_hp_gain":0,"max_hp_loss":0,"event_name":"World of Goop","floor":2,"gold_loss":0}],"is_beta":false,"boss_relics":[],"items_purged_floors":[10],"is_endless":false,"potions_floor_spawned":[1,4,7,11,12],"killed_by":"The Guardian","ascension_level":0}