{"gold_per_floor":[116,128,128,303,319,345,345,357,357,122,197,197,208,240,240,240],"floor_reached":16,"playtime":1585,"items_purged":["Doubt"],"score":171,"play_id":"bb3a6417-1491-4db2-b8d2-83caa5b314c5","local_time":"20190802011026","is_ascension_mode":true,"campfire_choices":[{"data":"Zap","floor":7,"key":"SMITH"},{"floor":12,"key":"REST"},{"data":"Loop","floor":15,"key":"SMITH"}],"neow_cost":"NONE","seed_source_timestamp":1372614837420281,"circlet_count":0,"master_deck":["AscendersBane","Strike_B","Strike_B","Strike_B","Strike_B","Defend_B","Defend_B","Defend_B","Defend_B","Zap+1","Dualcast","Beam Cell","Cold Snap","Tempest","Loop+1","Capacitor","Fusion","Genetic Algorithm","Steam"],"relics":["Cracked Core","Regal Pillow","Happy Flower","Pear","Art of War"],"potions_floor_usage":[6,14,16],"damage_taken":[{"damage":0,"enemies":"Cultist","floor":1,"turns":4},{"damage":0,"enemies":"Small Slimes","floor":2,"turns":3},{"damage":5,"enemies":"2 Louse","floor":5,"turns":4},{"damage":28,"enemies":"Gremlin Nob","floor":6,"turns":4},{"damage":7,"enemies":"Blue Slaver","floor":8,"turns":4},{"damage":0,"enemies":"Exordium Wildlife","floor":13,"turns":3},{"damage":14,"enemies":"Lagavulin","floor":14,"turns":7},{"damage":47,"enemies":"Hexaghost","floor":16,"turns":9}],"seed_played":"7692806579137171524","potions_obtained":[{"floor":5,"key":"AttackPotion"},{"floor":6,"key":"SkillPotion"}],"is_trial":false,"path_per_floor":["M","M","?","?","M","E","R","M","T","$","?","R","M","E","R","B"],"character_chosen":"DEFECT","items_purchased":["Capacitor","Fusion","Fire Potion"],"campfire_rested":1,"item_purchase_floors":[10,10,10],"current_hp_per_floor":[68,68,61,61,56,38,38,31,31,31,20,60,60,46,46,0],"gold":240,"neow_bonus":"RANDOM_COMMON_RELIC","is_prod":false,"is_daily":false,"chose_seed":false,"campfire_upgraded":2,"win_rate":0,"timestamp":1564733426,"path_taken":["M","?","?","?","M","E","R","M","T","$","?","R","M","E","R","BOSS"],"build_version":"2019-07-17","purchased_purges":1,"victory":false,"max_hp_per_floor":[75,75,75,75,75,85,85,85,85,85,85,85,85,85,85,85],"card_choices":[{"not_picked":["Turbo","Static Discharge"],"picked":"Beam Cell","floor":1},{"not_picked":["Hologram","Streamline"],"picked":"Cold Snap","floor":2},{"not_picked":["Redo","Hologram","Meteor Strike"],"picked":"SKIP","floor":5},{"not_picked":["Rebound","Thunder Strike"],"picked":"Tempest","floor":6},{"not_picked":["Rip and Tear","Coolheaded"],"picked":"Loop","floor":8},{"not_picked":["Redo","Stack"],"picked":"Genetic Algorithm","floor":13},{"not_picked":["Storm","Darkness"],"picked":"Steam","floor":14}],"player_experience":562687,"relics_obtained":[{"floor":6,"key":"Pear"},{"floor":14,"key":"Art of War"}],"event_choices":[{"damage_healed":0,"gold_gain":0,"player_choice":"Success","damage_taken":7,"relics_obtained":["Happy Flower"],"max_hp_gain":0,"max_hp_loss":0,"event_name":"Scrap Ooze","floor":3,"gold_loss":0},{"damage_healed":0,"gold_gain":175,"player_choice":"AGREE","damage_taken":0,"max_hp_gain":0,"max_hp_loss":0,"event_name":"Liars Game","floor":4,"gold_loss":0,"cards_obtained":["Doubt"]},{"damage_healed":0,"gold_gain":75,"player_choice":"Gather Gold","damage_taken":11,"max_hp_gain":0,"max_hp_loss":0,"event_name":"World of Goop","floor":11,"gold_loss":0}],"is_beta":false,"boss_relics":[],"items_purged_floors":[10],"is_endless":false,"potions_floor_spawned":[5,6],"killed_by":"Hexaghost","ascension_level":11}