{"path_per_floor":["M","M","M","?","M","R","$","R","T","M","M","R","?","?","R","B",null,"M","$","M","M"],"character_chosen":"DEFECT","items_purchased":["Coolheaded","Impulse","Pantograph"],"gold_per_floor":[114,133,143,143,159,159,110,110,184,195,211,211,211,211,211,307,307,325,33,47,57,57],"floor_reached":22,"campfire_rested":0,"playtime":652,"current_hp_per_floor":[74,70,59,59,52,52,52,52,52,49,40,40,40,40,40,15,75,45,45,14,4,0],"items_purged":[],"gold":57,"score":178,"play_id":"482d5727-d76b-43c1-b679-3ad33aa6f99c","local_time":"20180501183005","is_prod":false,"is_daily":false,"chose_seed":false,"is_ascension_mode":false,"campfire_upgraded":4,"timestamp":1525213805,"path_taken":["M","M","?","?","?","R","$","R","T","M","M","R","?","?","R","BOSS","M","$","M","M","M"],"build_version":"2018-04-30","seed_source_timestamp":82854677049971,"purchased_purges":0,"victory":false,"master_deck":["Strike_B","Defend_B","Defend_B","Defend_B","Defend_B","Zap+1","Dualcast+1","Melter","Consume+1","Leap+1","Ball Lightning","Coolheaded","Reprieve","Capacitor+1","Creative AI","Sweeping Beam+1","Darkness+1","Reboot+1","Go for the Eyes+1","Impulse","Rebound+1","Capacitor"],"max_hp_per_floor":[75,75,75,75,75,75,75,75,75,75,75,75,75,75,75,75,75,75,75,75,75,75],"relics":["Cracked Core","Singing Bowl","Bottled Flame","Astrolabe","Pantograph"],"card_choices":[{"not_picked":["Coolheaded","Impulse"],"picked":"Melter","floor":1},{"not_picked":["Tempest","Stack"],"picked":"Consume","floor":2},{"not_picked":["Skim","Streamline"],"picked":"Leap","floor":3},{"not_picked":["Coolheaded","Double Energy"],"picked":"Ball Lightning","floor":5},{"not_picked":["Capacitor","Loop"],"picked":"Reprieve","floor":10},{"not_picked":["Rebound","Undo"],"picked":"Capacitor","floor":11},{"not_picked":["Fusion","Meteor Strike"],"picked":"Creative AI","floor":16},{"not_picked":["Hello World","Hologram"],"picked":"Go for the Eyes","floor":18},{"not_picked":["Sweeping Beam","Aggregate"],"picked":"Rebound","floor":20},{"not_picked":["Heatsinks","Streamline"],"picked":"Capacitor","floor":21}],"player_experience":423872,"potions_floor_usage":[],"damage_taken":[{"damage":1,"enemies":"Cultist","floor":1,"turns":3},{"damage":4,"enemies":"Small Slimes","floor":2,"turns":3},{"damage":11,"enemies":"Jaw Worm","floor":3,"turns":3},{"damage":7,"enemies":"Blue Slaver","floor":5,"turns":4},{"damage":3,"enemies":"Red Slaver","floor":10,"turns":2},{"damage":9,"enemies":"Lots of Slimes","floor":11,"turns":4},{"damage":25,"enemies":"Hexaghost","floor":16,"turns":10},{"damage":30,"enemies":"2 Thieves","floor":18,"turns":4},{"damage":31,"enemies":"3 Byrds","floor":20,"turns":3},{"damage":10,"enemies":"Snecko","floor":21,"turns":5},{"damage":5,"enemies":"Slaver and Parasite","floor":22,"turns":1}],"event_choices":[{"event_name":"Living Wall","player_choice":"Grow","floor":4,"damage_taken":0},{"event_name":"Shining Light","player_choice":"Ignored","floor":13,"damage_taken":0},{"event_name":"Scrap Ooze","player_choice":"unsuccessful","floor":14,"damage_taken":0}],"boss_relics":[{"not_picked":["Philosopher\u0027s Stone","White Beast Statue"],"picked":"Astrolabe"}],"potions_floor_spawned":[2,10,11],"seed_played":"7657589558059664818","killed_by":"Slaver and Parasite","ascension_level":0,"is_trial":false}