{"gold_per_floor":[109,59,134,134,146,181,181,197,197,223,223],"floor_reached":11,"playtime":229,"items_purged":[],"score":81,"play_id":"714dfeda-1f09-47bd-8263-e7eb70d25f0f","local_time":"20190912132641","is_ascension_mode":false,"campfire_choices":[{"floor":7,"key":"REST"}],"neow_cost":"NONE","seed_source_timestamp":2279723311340000,"circlet_count":0,"master_deck":["Strike_R","Strike_R+1","Strike_R","Strike_R","Strike_R+1","Defend_R","Defend_R","Defend_R","Bash","Bludgeon","Cleave","Flex","Flex","Ghostly Armor"],"relics":["Burning Blood","Paper Frog","Potion Belt","Regal Pillow"],"potions_floor_usage":[],"damage_taken":[{"damage":26,"enemies":"2 Louse","floor":1,"turns":3},{"damage":11,"enemies":"Jaw Worm","floor":5,"turns":2},{"damage":21,"enemies":"3 Sentries","floor":6,"turns":6},{"damage":0,"enemies":"Small Slimes","floor":8,"turns":2},{"damage":31,"enemies":"Lagavulin","floor":10,"turns":5},{"damage":22,"enemies":"Exordium Wildlife","floor":11,"turns":3}],"seed_played":"6279785888568182608","potions_obtained":[{"floor":10,"key":"Strength Potion"}],"is_trial":false,"path_per_floor":["M","?","?","?","M","E","R","M","T","E","M"],"character_chosen":"IRONCLAD","items_purchased":[],"campfire_rested":1,"item_purchase_floors":[],"current_hp_per_floor":[60,60,49,33,28,13,37,43,43,18,0],"gold":223,"neow_bonus":"ONE_RANDOM_RARE_CARD","is_prod":false,"is_daily":false,"chose_seed":false,"campfire_upgraded":0,"win_rate":0,"timestamp":1568309201,"path_taken":["M","?","?","?","M","E","R","?","T","E","M"],"build_version":"2019-07-17","purchased_purges":0,"victory":false,"max_hp_per_floor":[80,80,80,80,80,80,80,80,80,80,80],"card_choices":[{"not_picked":["Shrug It Off","Body Slam"],"picked":"Cleave","floor":1},{"not_picked":["Twin Strike","Clothesline"],"picked":"Flex","floor":5},{"not_picked":["Anger","Demon Form"],"picked":"Flex","floor":6},{"not_picked":["Flame Barrier","Perfected Strike","Clothesline"],"picked":"SKIP","floor":8},{"not_picked":["Brutality","Heavy Blade"],"picked":"Ghostly Armor","floor":10}],"player_experience":386812,"relics_obtained":[{"floor":6,"key":"Paper Frog"},{"floor":9,"key":"Potion Belt"},{"floor":10,"key":"Regal Pillow"}],"event_choices":[{"cards_removed":["Defend_R"],"damage_healed":0,"gold_gain":0,"player_choice":"Card Removal","damage_taken":0,"max_hp_gain":0,"max_hp_loss":0,"event_name":"The Cleric","floor":2,"gold_loss":50},{"damage_healed":0,"gold_gain":75,"player_choice":"Gather Gold","damage_taken":11,"max_hp_gain":0,"max_hp_loss":0,"event_name":"World of Goop","floor":3,"gold_loss":0},{"damage_healed":0,"gold_gain":0,"player_choice":"Entered Light","damage_taken":16,"max_hp_gain":0,"max_hp_loss":0,"event_name":"Shining Light","floor":4,"gold_loss":0,"cards_upgraded":["Strike_R","Strike_R"]}],"is_beta":false,"boss_relics":[],"items_purged_floors":[],"is_endless":false,"potions_floor_spawned":[10],"killed_by":"Exordium Wildlife","ascension_level":0}