{"gold_per_floor":[210,227,227,237,256,256,283,302,378,407,32,32,47,12,12,85,85,96,96,112,126,137,163,181,181,181,211,9,9,41,56,56,130,130,145,145,145,145,156,156,156],"floor_reached":41,"playtime":4654,"items_purged":["Strike_R"],"score":855,"play_id":"23e2f32b-33d2-4c32-a469-c5b7c107985b","local_time":"20190829075705","is_ascension_mode":true,"campfire_choices":[{"data":"Juggernaut","floor":6.0,"key":"SMITH"},{"data":"Feel No Pain","floor":12.0,"key":"SMITH"},{"data":"Metallicize","floor":15.0,"key":"SMITH"},{"data":"True Grit","floor":25,"key":"SMITH"},{"floor":32,"key":"REST"},{"data":"1","floor":40,"key":"LIFT"}],"neow_cost":"NONE","seed_source_timestamp":0,"circlet_count":0,"master_deck":["AscendersBane","Strike_R","Strike_R","Defend_R","Defend_R","Defend_R","Defend_R","Bash","Thunderclap","Feel No Pain+1","Offering","Juggernaut+1","Hemokinesis","Feel No Pain","Power Through","Seeing Red","Corruption","Immolate","Shrug It Off","Metallicize+1","Impervious","Twin Strike","Armaments","Headbutt","True Grit+1","Sentinel","Shrug It Off","Writhe","Pommel Strike","Second Wind+1","Exhume+1","Normality","Shrug It Off+1","Enlightenment+1","Finesse+1","Juggernaut+1","Uppercut"],"special_seed":0,"relics":["Burning Blood","Paper Frog","Pear","Gambling Chip","Orichalcum","Empty Cage","Blood Vial","Question Card","PreservedInsect","Happy Flower","Omamori","Toxic Egg 2","Calling Bell","Juzu Bracelet","Kunai","Girya","Smiling Mask"],"potions_floor_usage":[23,31],"damage_taken":[{"damage":10.0,"enemies":"2 Louse","floor":1.0,"turns":2.0},{"damage":6.0,"enemies":"Cultist","floor":2.0,"turns":4.0},{"damage":7.0,"enemies":"Jaw Worm","floor":4.0,"turns":3.0},{"damage":13.0,"enemies":"Looter","floor":5.0,"turns":3.0},{"damage":26.0,"enemies":"Lagavulin","floor":7.0,"turns":7.0},{"damage":4.0,"enemies":"Lots of Slimes","floor":8.0,"turns":5.0},{"damage":40.0,"enemies":"Gremlin Nob","floor":10.0,"turns":5.0},{"damage":7.0,"enemies":"Blue Slaver","floor":13.0,"turns":4.0},{"damage":14.0,"enemies":"Slime Boss","floor":16.0,"turns":8.0},{"damage":9.0,"enemies":"3 Byrds","floor":18.0,"turns":5.0},{"damage":18.0,"enemies":"2 Thieves","floor":20.0,"turns":4.0},{"damage":6.0,"enemies":"Centurion and Healer","floor":21.0,"turns":6.0},{"damage":24.0,"enemies":"Shelled Parasite and Fungi","floor":22.0,"turns":5.0},{"damage":6,"enemies":"Slavers","floor":23,"turns":2},{"damage":6,"enemies":"Cultist and Chosen","floor":24,"turns":6},{"damage":29,"enemies":"Book of Stabbing","floor":27,"turns":6},{"damage":12,"enemies":"Slavers","floor":30,"turns":4},{"damage":2,"enemies":"3 Cultists","floor":31,"turns":5},{"damage":32,"enemies":"Collector","floor":33,"turns":13},{"damage":15,"enemies":"Orb Walker","floor":35,"turns":5},{"damage":43,"enemies":"3 Darklings","floor":39,"turns":8},{"damage":55,"enemies":"Transient","floor":41,"turns":4}],"seed_played":"49032794656935038","potions_obtained":[{"floor":5.0,"key":"Regen Potion"},{"floor":7.0,"key":"Block Potion"},{"floor":8.0,"key":"BloodPotion"},{"floor":10.0,"key":"Swift Potion"},{"floor":18.0,"key":"Explosive Potion"},{"floor":20.0,"key":"Energy Potion"},{"floor":21.0,"key":"Regen Potion"},{"floor":23,"key":"Fire Potion"}],"is_trial":false,"path_per_floor":["M","M","?","M","M","R","E","M","T","E","$","R","M","$","R","B",null,"M","?","M","M","M","E","M","R","T","E","$","?","E","M","R","B",null,"M","?","?","?","M","R","M"],"character_chosen":"IRONCLAD","items_purchased":["Corruption","Orichalcum","Immolate","Metallicize","Happy Flower","Shrug It Off"],"campfire_rested":1,"item_purchase_floors":[11,11,11,14,28,28],"current_hp_per_floor":[68,68,68,67,60,60,40,42,52,32,32,32,31,31,31,23,73,70,52,40,63,45,50,52,52,52,31,31,31,27,33,61,37,81,74,74,69,69,34,34,0],"gold":156,"neow_bonus":"HUNDRED_GOLD","is_prod":false,"is_daily":false,"chose_seed":false,"campfire_upgraded":4,"win_rate":0,"timestamp":1567079825,"path_taken":["M","M","?","M","M","R","E","M","T","E","$","R","?","$","R","BOSS","M","?","M","M","M","E","M","R","T","E","$","?","E","M","R","BOSS","M","?","?","?","M","R","M"],"build_version":"2019-07-17","purchased_purges":1,"victory":false,"max_hp_per_floor":[80,80,80,80,80,80,80,80,90,90,90,90,90,90,90,90,90,90,95,95,95,95,95,95,95,95,95,95,95,95,95,95,95,95,95,95,95,95,95,95,95],"card_choices":[{"not_picked":["Clash","Flex"],"picked":"Thunderclap","floor":1.0},{"not_picked":["Dual Wield","Blood for Blood"],"picked":"Feel No Pain","floor":2.0},{"not_picked":["Rupture","Pommel Strike"],"picked":"Juggernaut","floor":4.0},{"not_picked":["True Grit","Cleave"],"picked":"Hemokinesis","floor":5.0},{"not_picked":["Clash","Cleave"],"picked":"Feel No Pain","floor":7.0},{"not_picked":["Armaments","Fire Breathing"],"picked":"Power Through","floor":8.0},{"not_picked":["Headbutt","Twin Strike"],"picked":"Seeing Red","floor":10.0},{"not_picked":["Clash","Rage"],"picked":"Shrug It Off","floor":13.0},{"not_picked":["Bludgeon","Double Tap"],"picked":"Impervious","floor":16.0},{"not_picked":["Bloodletting","Sword Boomerang"],"picked":"Twin Strike","floor":18.0},{"not_picked":["Flex","Anger"],"picked":"Armaments","floor":20.0},{"not_picked":["Bludgeon","True Grit","Havoc+1"],"picked":"SKIP","floor":21.0},{"not_picked":["Anger","Twin Strike"],"picked":"Clothesline","floor":22},{"not_picked":["Dark Embrace","Wild Strike"],"picked":"Headbutt","floor":23},{"not_picked":["Anger","Sword Boomerang"],"picked":"True Grit","floor":24},{"not_picked":["Searing Blow","Wild Strike","Twin Strike"],"picked":"Sentinel","floor":27},{"not_picked":["Hemokinesis","Thunderclap","Sword Boomerang"],"picked":"Pommel Strike","floor":30},{"not_picked":["Wild Strike","Shrug It Off+1","Reckless Charge"],"picked":"Second Wind+1","floor":31},{"not_picked":["Feed","Brutality","Dark Embrace"],"picked":"Exhume+1","floor":33},{"not_picked":["Wild Strike","Second Wind+1","Pommel Strike"],"picked":"Shrug It Off+1","floor":35},{"not_picked":["Chrysalis+1","Secret Weapon+1","Apotheosis+1"],"picked":"Enlightenment+1","floor":37},{"not_picked":["Jack Of All Trades+1","Good Instincts+1","PanicButton+1"],"picked":"Finesse+1","floor":37},{"not_picked":["Twin Strike","Heavy Blade","Wild Strike"],"picked":"Uppercut","floor":39}],"player_experience":521410,"relics_obtained":[{"floor":7.0,"key":"Paper Frog"},{"floor":9.0,"key":"Pear"},{"floor":10.0,"key":"Gambling Chip"},{"floor":23,"key":"Blood Vial"},{"floor":26,"key":"Question Card"},{"floor":27,"key":"PreservedInsect"},{"floor":30,"key":"Toxic Egg 2"},{"floor":34,"key":"Juzu Bracelet"},{"floor":34,"key":"Kunai"},{"floor":34,"key":"Girya"}],"event_choices":[{"damage_healed":0.0,"max_hp_gain":0.0,"max_hp_loss":0.0,"gold_gain":0.0,"event_name":"Match and Keep!","player_choice":"1 cards matched","floor":3.0,"gold_loss":0.0,"damage_taken":0.0,"cards_obtained":["Offering"]},{"damage_healed":0.0,"max_hp_gain":5.0,"max_hp_loss":0.0,"gold_gain":0.0,"event_name":"Forgotten Altar","player_choice":"Shed Blood","floor":19.0,"gold_loss":0.0,"damage_taken":23.0},{"damage_healed":0,"gold_gain":0,"player_choice":"Opened","damage_taken":0,"relics_obtained":["Omamori"],"max_hp_gain":0,"max_hp_loss":0,"event_name":"The Mausoleum","floor":29,"gold_loss":0,"cards_obtained":["Writhe"]},{"cards_removed":["Clothesline"],"damage_healed":0,"gold_gain":0,"player_choice":"Gave Card","damage_taken":0,"relics_obtained":["Smiling Mask"],"max_hp_gain":0,"max_hp_loss":0,"event_name":"WeMeetAgain","floor":36,"gold_loss":0},{"damage_healed":0,"gold_gain":0,"player_choice":"Memory 2","damage_taken":5,"max_hp_gain":0,"max_hp_loss":0,"event_name":"SensoryStone","floor":37,"gold_loss":0},{"damage_healed":0,"gold_gain":0,"player_choice":"Copied","damage_taken":0,"max_hp_gain":0,"max_hp_loss":0,"event_name":"Duplicator","floor":38,"gold_loss":0,"cards_obtained":["Juggernaut"]}],"is_beta":false,"boss_relics":[{"not_picked":["Fusion Hammer","White Beast Statue"],"picked":"Empty Cage"},{"not_picked":["Runic Dome","Black Star"],"picked":"Calling Bell"}],"items_purged_floors":[11],"is_endless":false,"potions_floor_spawned":[5,7,8,10,18,20,21,23],"killed_by":"Transient","ascension_level":13}