{"path_per_floor":["M","$","?","M","M","E","R","E","T","M","?","?","T","?","R","B",null,"M","M","$","M","?","R","?","E","T","E","?","E","R","M","R","B",null,"M","?","$","M","M","R","?","R","T","$","T","T","R","?","R","B"],"character_chosen":"THE_SILENT","items_purchased":["Caltrops","Ninja Scroll","Footwork","Backflip","Ornamental Fan","Prepared","Footwork","Pen Nib","Ancient Tea Set"],"gold_per_floor":[113,0,75,94,113,145,145,175,201,221,221,221,251,251,251,370,370,386,407,50,66,66,66,66,91,91,123,123,150,150,165,165,266,266,282,637,206,225,239,239,239,239,319,18,63,89,89,89,89,89],"floor_reached":51,"campfire_rested":0,"playtime":6974,"current_hp_per_floor":[63,63,52,51,51,41,41,41,41,33,26,23,23,23,23,15,53,53,53,53,53,53,53,53,68,68,72,37,37,37,37,37,26,34,37,37,37,37,37,37,37,37,37,37,37,37,37,37,37,37],"items_purged":["Strike_G","Bane"],"gold":89,"score":1092,"play_id":"f169d9c0-8a4a-4ccb-a2b7-4244da047951","local_time":"20180417014820","is_prod":false,"is_daily":false,"chose_seed":false,"is_ascension_mode":true,"campfire_upgraded":9,"timestamp":1523954900,"path_taken":["M","$","?","?","M","E","R","E","T","M","?","?","?","?","R","BOSS","M","M","$","M","?","R","?","E","T","E","?","E","R","M","R","BOSS","M","?","$","M","M","R","?","R","T","$","?","?","R","?","R","BOSS"],"build_version":"2018-04-12","seed_source_timestamp":181914443623757,"purchased_purges":2,"victory":true,"master_deck":["Survivor","Neutralize+1","Escape Plan","Caltrops","Heel Hook","Sucker Punch+1","Blur","Escape Plan","Slice+1","Tools of the Trade","Dagger Throw+1","Well Laid Plans+1","Cloak And Dagger+1","Dodge and Roll+1","Concentrate+1","Blade Dance","Reflex","Infinite Blades+1","Backflip","Footwork+1","Backflip","Dagger Spray+1","Escape Plan+1","Sucker Punch+1","Ghostly","Ghostly","Ghostly","Ghostly","Ghostly","Infinite Blades","Expertise+1","Wraith Form v2+1","Prepared+1","Footwork","Deflect","Neutralize"],"max_hp_per_floor":[70,70,70,70,70,70,70,70,70,70,70,70,70,65,65,65,65,65,65,65,65,65,65,65,75,75,75,37,37,37,37,37,37,37,37,37,37,37,37,37,37,37,37,37,37,37,37,37,37,37],"relics":["Ring of the Snake","Shuriken","Ginger","Juzu Bracelet","Snake Skull","Tiny Chest","Bloody Idol","Pandora\u0027s Box","Ninja Scroll","Pear","Blood Vial","Orichalcum","Lantern","Philosopher\u0027s Stone","Old Coin","Ornamental Fan","Matryoshka","Pen Nib","Ancient Tea Set","Kunai","Oddly Smooth Stone","Prayer Wheel","Whetstone"],"card_choices":[{"not_picked":["Deflect","Concentrate"],"picked":"Escape Plan","floor":1},{"not_picked":["All Out Attack","Bane"],"picked":"Heel Hook","floor":4},{"not_picked":["Deflect","Slice"],"picked":"Sucker Punch","floor":5},{"not_picked":["Die Die Die","Heel Hook"],"picked":"Blur","floor":6},{"not_picked":["Deadly Poison","Underhanded Strike"],"picked":"Escape Plan","floor":8},{"not_picked":["Flying Knee","Flechettes"],"picked":"Slice","floor":10},{"not_picked":["Die Die Die","Storm of Steel"],"picked":"Tools of the Trade","floor":16},{"not_picked":["Bane","Expertise"],"picked":"Infinite Blades","floor":18},{"not_picked":["Masterful Stab","Dagger Throw"],"picked":"Backflip","floor":19},{"not_picked":["Slice","Dash"],"picked":"Dagger Spray","floor":21},{"not_picked":["Dagger Spray","Poisoned Stab"],"picked":"Escape Plan","floor":25},{"not_picked":["Cloak And Dagger","Dagger Throw"],"picked":"Sucker Punch","floor":27},{"not_picked":["Footwork","Quick Slash"],"picked":"Infinite Blades","floor":29},{"not_picked":["Quick Slash","Bane"],"picked":"Expertise","floor":31},{"not_picked":["Glass Knife","Die Die Die"],"picked":"Wraith Form v2","floor":33},{"not_picked":["Endless Agony","Storm of Steel"],"picked":"Deflect","floor":39}],"player_experience":342629,"potions_floor_usage":[6,8,16,19,21,27,29,31,50,50],"damage_taken":[{"damage":0,"enemies":"Small Slimes","floor":1,"turns":5},{"damage":1,"enemies":"2 Louse","floor":4,"turns":4},{"damage":0,"enemies":"Cultist","floor":5,"turns":5},{"damage":10,"enemies":"3 Sentries","floor":6,"turns":8},{"damage":0,"enemies":"Lagavulin","floor":8,"turns":8},{"damage":8,"enemies":"Large Slime","floor":10,"turns":6},{"damage":8,"enemies":"Slime Boss","floor":16,"turns":11},{"damage":0,"enemies":"3 Byrds","floor":18,"turns":4},{"damage":0,"enemies":"Spheric Guardian","floor":19,"turns":4},{"damage":0,"enemies":"Centurion and Healer","floor":21,"turns":4},{"damage":0,"enemies":"Gremlin Leader","floor":25,"turns":6},{"damage":3,"enemies":"Book of Stabbing","floor":27,"turns":5},{"damage":0,"enemies":"Slavers","floor":29,"turns":6},{"damage":0,"enemies":"Chosen and Byrds","floor":31,"turns":5},{"damage":16,"enemies":"Collector","floor":33,"turns":8},{"damage":0,"enemies":"Orb Walker","floor":35,"turns":3},{"damage":0,"enemies":"Mysterious Sphere","floor":36,"turns":5},{"damage":0,"enemies":"3 Shapes","floor":38,"turns":4},{"damage":0,"enemies":"3 Darklings","floor":39,"turns":5},{"damage":0,"enemies":"Donu and Deca","floor":50,"turns":7}],"event_choices":[{"event_name":"World of Goop","player_choice":"Gather Gold","floor":3,"damage_taken":0},{"event_name":"Golden Wing","player_choice":"Card Removal","floor":11,"damage_taken":0},{"event_name":"Scrap Ooze","player_choice":"success","floor":12,"damage_taken":3},{"event_name":"Golden Idol","player_choice":"Lose Max HP","floor":14,"damage_taken":0},{"event_name":"Upgrade Shrine","player_choice":"Upgraded","floor":22,"damage_taken":0},{"event_name":"Forgotten Altar","player_choice":"Gave Idol","floor":24,"damage_taken":0},{"event_name":"Ghosts","player_choice":"Became a Ghost","floor":28,"damage_taken":0},{"event_name":"Mysterious Sphere","player_choice":"Fight","floor":36,"damage_taken":0},{"event_name":"Tomb of Lord Red Mask","player_choice":"Ignored","floor":41,"damage_taken":0},{"event_name":"Match and Keep!","player_choice":"1 cards matched","floor":48,"damage_taken":0}],"boss_relics":[{"not_picked":["Orrery","Snecko Eye"],"picked":"Pandora\u0027s Box"},{"not_picked":["Runic Pyramid","Tiny House"],"picked":"Philosopher\u0027s Stone"}],"potions_floor_spawned":[1,6,8,10,16,19,21,25,27,33,38,39],"seed_played":"7678967544024008145","ascension_level":6,"is_trial":false}