{"gold_per_floor":[110,185,185,205,34,68,68,107,156,168,198,210],"floor_reached":12,"playtime":664,"items_purged":["Normality"],"score":95,"play_id":"d6111489-c04d-4303-8d47-de83876103b5","local_time":"20190204164952","is_ascension_mode":true,"campfire_choices":[{"data":"Zap","floor":7,"key":"SMITH"}],"neow_cost":"CURSE","seed_source_timestamp":246844411542959,"circlet_count":0,"master_deck":["Strike_B","Strike_B","Strike_B","Strike_B","Defend_B","Defend_B","Defend_B","Defend_B","Zap+1","Dualcast","Secret Weapon","Enlightenment","Consume","Glacier","Sunder+1","Turbo","Ball Lightning","Beam Cell","Steam"],"relics":["Cracked Core","Golden Idol","Potion Belt","Shovel","MawBank"],"potions_floor_usage":[],"damage_taken":[{"damage":1,"enemies":"Cultist","floor":1,"turns":3},{"damage":2,"enemies":"Jaw Worm","floor":4,"turns":3},{"damage":14,"enemies":"Gremlin Nob","floor":6,"turns":4},{"damage":14,"enemies":"3 Sentries","floor":8,"turns":5},{"damage":0,"enemies":"Small Slimes","floor":11,"turns":2},{"damage":15,"enemies":"The Mushroom Lair","floor":12,"turns":2}],"seed_played":"5709466552132447213","potions_obtained":[{"floor":1,"key":"EssenceOfSteel"},{"floor":8,"key":"Poison Potion"},{"floor":11,"key":"Ancient Potion"}],"is_trial":false,"path_per_floor":["M","?","?","M","$","E","R","E","T","?","M","?"],"character_chosen":"DEFECT","items_purchased":["Sunder","Turbo"],"campfire_rested":0,"item_purchase_floors":[5,5],"current_hp_per_floor":[74,63,45,43,43,29,29,15,15,15,15,0],"gold":210,"neow_bonus":"RANDOM_COLORLESS_2","is_prod":false,"is_daily":false,"chose_seed":false,"campfire_upgraded":1,"win_rate":0,"timestamp":1549327792,"path_taken":["M","?","?","M","$","E","R","E","T","?","?","?"],"build_version":"2019-01-23","purchased_purges":1,"victory":false,"max_hp_per_floor":[75,75,75,75,75,75,75,75,75,75,75,75],"card_choices":[{"not_picked":["Redo","Melter"],"picked":"Consume","floor":1},{"not_picked":["Rebound","Stack"],"picked":"Glacier","floor":4},{"not_picked":["Chaos","Heatsinks"],"picked":"Ball Lightning","floor":6},{"not_picked":["Rebound","Melter"],"picked":"Beam Cell","floor":8},{"not_picked":["Sweeping Beam","Turbo"],"picked":"Steam","floor":11}],"player_experience":453548,"relics_obtained":[{"floor":6,"key":"Potion Belt"},{"floor":8,"key":"Shovel"},{"floor":9,"key":"MawBank"}],"event_choices":[{"damage_healed":0,"gold_gain":75,"player_choice":"Gather Gold","damage_taken":11,"max_hp_gain":0,"max_hp_loss":0,"event_name":"World of Goop","floor":2,"gold_loss":0},{"damage_healed":0,"gold_gain":0,"player_choice":"Take Damage","damage_taken":18,"relics_obtained":["Golden Idol"],"max_hp_gain":0,"max_hp_loss":0,"event_name":"Golden Idol","floor":3,"gold_loss":0},{"damage_healed":0,"gold_gain":0,"player_choice":"Upgraded","damage_taken":0,"max_hp_gain":0,"max_hp_loss":0,"event_name":"Upgrade Shrine","floor":10,"gold_loss":0,"cards_upgraded":["Sunder"]},{"damage_healed":0,"gold_gain":0,"player_choice":"Fought Mushrooms","damage_taken":0,"max_hp_gain":0,"max_hp_loss":0,"event_name":"Mushrooms","floor":12,"gold_loss":0}],"is_beta":false,"boss_relics":[],"items_purged_floors":[5],"is_endless":false,"potions_floor_spawned":[1,8,11],"killed_by":"The Mushroom Lair","ascension_level":2}