{"path_per_floor":["M","M","?","?","M","R","E","R","T","$","?","M","?","E","R"],"character_chosen":"IRONCLAD","items_purchased":["Armaments","Kunai"],"gold_per_floor":[110,125,300,300,313,313,338,338,387,22,82,92,167,196,196,196],"floor_reached":16,"campfire_rested":0,"playtime":960,"current_hp_per_floor":[27,36,36,62,66,66,49,49,49,49,29,38,27,26,26,0],"items_purged":["Doubt"],"gold":196,"score":140,"play_id":"dbb7a81e-b76d-4272-bfc1-10685a5ea4a3","local_time":"20180413215420","is_prod":false,"is_daily":false,"chose_seed":false,"is_ascension_mode":true,"campfire_upgraded":2,"timestamp":1523681660,"path_taken":["M","M","?","?","M","R","E","R","T","$","?","M","?","E","R","BOSS"],"build_version":"2018-04-12","seed_source_timestamp":881231236942743,"purchased_purges":1,"victory":false,"master_deck":["Strike_R","Strike_R","Strike_R","Strike_R","Strike_R","Defend_R","Defend_R","Defend_R","Defend_R","Bash","Anger+1","Warcry","Body Slam+1","Thunderclap","Armaments","Clash","Spot Weakness","Flex"],"max_hp_per_floor":[80,80,80,80,80,80,80,80,80,80,80,80,80,80,80,80],"relics":["Burning Blood","Magic Flower","Dream Catcher","Ancient Tea Set","Kunai","Girya","Bag of Preparation"],"card_choices":[{"not_picked":["Iron Wave","Ghostly Armor"],"picked":"Anger","floor":1},{"not_picked":["Searing Blow","Fire Breathing"],"picked":"Warcry","floor":2},{"not_picked":["Twin Strike","Wild Strike"],"picked":"Body Slam","floor":5},{"not_picked":["Reaper","Twin Strike"],"picked":"Thunderclap","floor":7},{"not_picked":["Heavy Blade","Clothesline"],"picked":"Clash","floor":11},{"not_picked":["Heavy Blade","Reckless Charge"],"picked":"Spot Weakness","floor":12},{"not_picked":["Seeing Red","Dual Wield"],"picked":"Flex","floor":14}],"player_experience":258350,"potions_floor_usage":[7,14,14],"damage_taken":[{"damage":18,"enemies":"Jaw Worm","floor":1,"turns":5},{"damage":0,"enemies":"2 Louse","floor":2,"turns":3},{"damage":5,"enemies":"Small Slimes","floor":5,"turns":5},{"damage":26,"enemies":"Lagavulin","floor":7,"turns":8},{"damage":29,"enemies":"Gremlin Nob","floor":11,"turns":4},{"damage":0,"enemies":"3 Louse","floor":12,"turns":2},{"damage":10,"enemies":"Gremlin Nob","floor":14,"turns":3},{"damage":32,"enemies":"The Guardian","floor":16,"turns":3}],"event_choices":[{"event_name":"Liars Game","player_choice":"agreed","floor":3,"damage_taken":0},{"event_name":"Big Fish","player_choice":"Banana","floor":4,"damage_taken":0},{"event_name":"Dead Adventurer","player_choice":"Searched \u00273\u0027 times","floor":11,"damage_taken":0},{"event_name":"World of Goop","player_choice":"Gather Gold","floor":13,"damage_taken":0}],"boss_relics":[],"potions_floor_spawned":[2,11,11],"seed_played":"-2887582546220098049","killed_by":"The Guardian","ascension_level":6,"is_trial":false}