{"gold_per_floor":[116,116,116,126,137,137,172,172,172,172,198,215,215],"floor_reached":13,"playtime":1025,"items_purged":[],"score":112,"play_id":"46fff6da-450e-4a90-9263-a4d8917a7059","local_time":"20190910190510","is_ascension_mode":true,"campfire_choices":[{"data":"FlurryOfBlows","floor":6.0,"key":"SMITH"},{"data":"Pray","floor":8.0,"key":"SMITH"},{"floor":10.0,"key":"REST"}],"neow_cost":"NONE","seed_source_timestamp":208243451289479,"circlet_count":0,"master_deck":["Strike_P","Strike_P","Strike_P","Strike_P","Defend_P","Defend_P","Eruption","Vigilance","Pray+1","ClearTheMind","FlurryOfBlows+1","Wireheading","FlowState","CutThroughFate+1","Prostrate"],"special_seed":0,"relics":["PureWater","Bottled Tornado","Molten Egg 2"],"potions_floor_usage":[13],"damage_taken":[{"damage":8.0,"enemies":"Jaw Worm","floor":1.0,"turns":5.0},{"damage":0.0,"enemies":"Cultist","floor":4.0,"turns":2.0},{"damage":0.0,"enemies":"Small Slimes","floor":5.0,"turns":2.0},{"damage":25.0,"enemies":"3 Sentries","floor":7.0,"turns":7.0},{"damage":20.0,"enemies":"Lagavulin","floor":11.0,"turns":5.0},{"damage":9,"enemies":"2 Fungi Beasts","floor":12,"turns":2},{"damage":35,"enemies":"3 Sentries","floor":13,"turns":2}],"seed_played":"6704284647637653006","potions_obtained":[{"floor":1.0,"key":"Energy Potion"},{"floor":4.0,"key":"GamblersBrew"},{"floor":7.0,"key":"Swift Potion"},{"floor":11.0,"key":"Fruit Juice"}],"is_trial":false,"path_per_floor":["M","?","?","M","M","R","E","R","T","R","E","M","E"],"character_chosen":"WATCHER","items_purchased":[],"campfire_rested":1,"item_purchase_floors":[],"current_hp_per_floor":[57,50,50,50,50,50,25,25,25,44,29,20,0],"gold":215,"neow_bonus":"ONE_RANDOM_RARE_CARD","is_prod":false,"is_daily":false,"chose_seed":false,"campfire_upgraded":2,"win_rate":0,"timestamp":1568167510,"path_taken":["M","?","?","?","M","R","E","R","T","R","E","M","E"],"build_version":"2019-09-10","purchased_purges":0,"victory":false,"max_hp_per_floor":[65,65,65,65,65,65,65,65,65,65,70,70,70],"card_choices":[{"not_picked":["Consecrate","ForeignInfluence"],"picked":"ClearTheMind","floor":1.0},{"not_picked":["JustLucky","Sanctity"],"picked":"FlurryOfBlows","floor":4.0},{"not_picked":["FlyingSleeves","Fasting"],"picked":"Wireheading","floor":5.0},{"not_picked":["EmptyMind","MentalFortress"],"picked":"FlowState","floor":7.0},{"not_picked":["Consecrate","JustLucky"],"picked":"CutThroughFate","floor":11.0},{"not_picked":["Protect","Fasting"],"picked":"Prostrate","floor":12}],"player_experience":76340,"relics_obtained":[{"floor":7.0,"key":"Bottled Tornado"},{"floor":11.0,"key":"Molten Egg 2"}],"event_choices":[{"cards_removed":["Defend_P"],"damage_healed":0.0,"max_hp_gain":0.0,"max_hp_loss":0.0,"gold_gain":0.0,"event_name":"Golden Wing","player_choice":"Card Removal","floor":2.0,"gold_loss":0.0,"damage_taken":7.0},{"cards_removed":["Defend_P"],"damage_healed":0.0,"max_hp_gain":0.0,"max_hp_loss":0.0,"gold_gain":0.0,"event_name":"Purifier","player_choice":"Purged","floor":3.0,"gold_loss":0.0,"damage_taken":0.0}],"is_beta":true,"boss_relics":[],"items_purged_floors":[],"is_endless":false,"potions_floor_spawned":[1,4,7,11],"killed_by":"3 Sentries","ascension_level":4}