{"path_per_floor":["M","M","M","M","$","R","E","R","T","E","R","E","R","$","R","B",null,"M","?","?","M","?","E","R","E","T","?","R","$","E","M","R","B",null,"M","?","?","$","?","R","?","M","T","E","R","?","M","E","R","B"],"character_chosen":"IRONCLAD","items_purchased":["Molten Egg 2","Bag of Preparation","Mind Blast","Sever Soul","Corruption","Flex","Offering"],"gold_per_floor":[217,230,250,260,13,13,344,344,344,376,376,408,408,48,48,144,144,154,154,79,92,92,119,119,148,148,148,148,32,61,81,81,178,208,221,221,221,23,23,23,23,35,35,65,65,110,128,158,158,158],"floor_reached":51,"campfire_rested":0,"playtime":5453,"current_hp_per_floor":[77,80,80,77,77,77,53,53,63,50,50,43,43,43,43,13,71,80,64,64,69,69,61,61,65,65,65,65,65,90,90,90,90,95,94,82,82,82,82,82,72,81,81,95,95,94,96,104,104,104],"items_purged":["Defend_R","Strike_R"],"gold":158,"score":1180,"play_id":"ce59d4eb-9460-4f4c-a065-98da3caffb4d","local_time":"20180415124655","is_prod":false,"is_daily":false,"chose_seed":false,"is_ascension_mode":true,"campfire_upgraded":11,"timestamp":1523821615,"path_taken":["M","?","M","M","$","R","E","R","T","E","R","E","R","$","R","BOSS","M","?","?","M","?","E","R","E","T","?","R","$","E","?","R","BOSS","M","?","?","$","?","R","?","?","T","E","R","?","M","E","R","BOSS"],"build_version":"2018-04-12","seed_source_timestamp":50155200026421,"purchased_purges":2,"victory":true,"master_deck":["Strike_R+1","Strike_R+1","Strike_R+1","Strike_R+1","Defend_R+1","Defend_R+1","Bash","Iron Wave+1","Havoc+1","Iron Wave+1","Thunderclap","Flex+1","Feel No Pain+1","Cleave+1","Mind Blast+1","Sever Soul+1","Double Tap+1","Iron Wave+1","Necronomicurse","Disarm+1","Havoc+1","Havoc+1","Corruption+1","Flex","Dropkick+1","Exhume","Sentinel+1","Flex+1","Madness+1","Madness","Offering+1","Secret Technique","Panache","Panacea+1","Body Slam+1"],"max_hp_per_floor":[80,80,80,80,80,80,80,80,90,90,90,90,90,90,90,90,90,90,90,90,90,90,90,90,90,90,90,90,90,90,90,90,90,95,95,95,95,95,95,95,95,95,95,98,98,100,102,104,104,104],"relics":["Burning Blood","Molten Egg 2","Old Coin","Pear","Vajra","Magic Flower","Bag of Preparation","Runic Dome","Necronomicon","Dead Branch","Torii","Pantograph","Smiling Mask","Tiny House","Shovel","Singing Bowl","Thread and Needle","Bronze Scales"],"card_choices":[{"not_picked":["Havoc","Clash"],"picked":"Iron Wave","floor":1},{"not_picked":["Perfected Strike","Reaper"],"picked":"Havoc","floor":2},{"not_picked":["Rampage","Twin Strike"],"picked":"Iron Wave","floor":3},{"not_picked":["Combust","Sword Boomerang"],"picked":"Thunderclap","floor":4},{"not_picked":["Pommel Strike","Infernal Blade"],"picked":"Flex","floor":7},{"not_picked":["Shockwave","Clothesline"],"picked":"Feel No Pain","floor":10},{"not_picked":["Headbutt","Power Through"],"picked":"Cleave","floor":12},{"not_picked":["Impervious","Berserk"],"picked":"Double Tap","floor":16},{"not_picked":["Warcry","Blood for Blood"],"picked":"Iron Wave","floor":18},{"not_picked":["Blood for Blood","Twin Strike"],"picked":"Disarm","floor":21},{"not_picked":["Exhume","Pommel Strike"],"picked":"Havoc","floor":23},{"not_picked":["Uppercut","Evolve"],"picked":"Havoc","floor":25},{"not_picked":["Havoc","Perfected Strike"],"picked":"Barricade","floor":30},{"not_picked":["Power Through","True Grit"],"picked":"Dropkick","floor":31},{"not_picked":["Impervious","Barricade"],"picked":"Exhume","floor":33},{"not_picked":["Flex","Reckless Charge"],"picked":"Sentinel","floor":34},{"not_picked":["Cleave","Evolve"],"picked":"Flex","floor":35},{"not_picked":["Jack Of All Trades","Flash of Steel"],"picked":"Secret Technique","floor":41},{"not_picked":["Flash of Steel","Transmutation"],"picked":"Panache","floor":41},{"not_picked":["Apotheosis","Dark Shackles"],"picked":"Panacea","floor":41},{"not_picked":["Thunderclap","Cleave"],"picked":"Body Slam","floor":44}],"player_experience":305186,"potions_floor_usage":[7,25,30,33,50,50,50],"damage_taken":[{"damage":1,"enemies":"Cultist","floor":1,"turns":3},{"damage":0,"enemies":"2 Louse","floor":2,"turns":2},{"damage":2,"enemies":"Jaw Worm","floor":3,"turns":3},{"damage":9,"enemies":"Blue Slaver","floor":4,"turns":5},{"damage":30,"enemies":"Lagavulin","floor":7,"turns":5},{"damage":19,"enemies":"3 Sentries","floor":10,"turns":9},{"damage":13,"enemies":"Gremlin Nob","floor":12,"turns":3},{"damage":39,"enemies":"The Guardian","floor":16,"turns":8},{"damage":0,"enemies":"Chosen","floor":18,"turns":2},{"damage":4,"enemies":"2 Thieves","floor":21,"turns":3},{"damage":17,"enemies":"Gremlin Leader","floor":23,"turns":4},{"damage":5,"enemies":"Slavers","floor":25,"turns":3},{"damage":0,"enemies":"Book of Stabbing","floor":30,"turns":3},{"damage":2,"enemies":"Slaver and Parasite","floor":31,"turns":3},{"damage":6,"enemies":"Automaton","floor":33,"turns":4},{"damage":10,"enemies":"3 Shapes","floor":35,"turns":3},{"damage":0,"enemies":"Orb Walker","floor":42,"turns":1},{"damage":0,"enemies":"2 Orb Walkers","floor":44,"turns":1},{"damage":12,"enemies":"Mysterious Sphere","floor":46,"turns":1},{"damage":9,"enemies":"Sphere and 2 Shapes","floor":47,"turns":3},{"damage":1,"enemies":"Giant Head","floor":48,"turns":4},{"damage":21,"enemies":"Awakened One","floor":50,"turns":6}],"event_choices":[{"event_name":"Cursed Tome","player_choice":"Obtained Book","floor":19,"damage_taken":0},{"event_name":"Beggar","player_choice":"Gave Gold","floor":20,"damage_taken":0},{"event_name":"Drug Dealer","player_choice":"Ignored","floor":22,"damage_taken":0},{"event_name":"Back to Basics","player_choice":"Simplicity","floor":27,"damage_taken":0},{"event_name":"Winding Halls","player_choice":"Embrace Madness","floor":36,"damage_taken":0},{"event_name":"Tomb of Lord Red Mask","player_choice":"Ignored","floor":37,"damage_taken":0},{"event_name":"SensoryStone","player_choice":"Memory 3","floor":41,"damage_taken":0},{"event_name":"Mysterious Sphere","player_choice":"Fight","floor":46,"damage_taken":0}],"boss_relics":[{"not_picked":["Philosopher\u0027s Stone","Sozu"],"picked":"Runic Dome"},{"not_picked":["Pandora\u0027s Box","Runic Pyramid"],"picked":"Tiny House"}],"potions_floor_spawned":[4,12,21,25,31,35,47,48],"seed_played":"4437253644387947806","ascension_level":6,"is_trial":false}