{"gold_per_floor":[114,60,10,10,10,10,10,10,10,27,27,27,27,42,42,145,145,164,114,127,88,108,108,108],"floor_reached":24,"playtime":433,"items_purged":[],"score":282,"play_id":"6feebd13-e3b5-4bfe-bdda-bcfa02295cae","local_time":"20190101064903","is_ascension_mode":true,"campfire_choices":[{"data":"Streamline","floor":6,"key":"SMITH"},{"data":"Dualcast","floor":8,"key":"SMITH"},{"data":"Zap","floor":11,"key":"SMITH"},{"data":"Echo Form","floor":15,"key":"SMITH"},{"floor":23,"key":"REST"}],"neow_cost":"NONE","seed_source_timestamp":997421412604665,"circlet_count":0,"master_deck":["AscendersBane","Strike_B","Strike_B+1","Strike_B","Defend_B","Defend_B","Defend_B","Zap+1","Dualcast+1","Skim+1","Streamline+1","Echo Form+1","Reboot","Beam Cell","Scrape"],"relics":["Cracked Core","Strawberry","Bottled Flame"],"potions_floor_usage":[16,20],"damage_taken":[{"damage":10,"enemies":"Small Slimes","floor":1,"turns":3},{"damage":0,"enemies":"2 Louse","floor":10,"turns":1},{"damage":7,"enemies":"Jaw Worm","floor":14,"turns":2},{"damage":28,"enemies":"Slime Boss","floor":16,"turns":6},{"damage":1,"enemies":"Spheric Guardian","floor":18,"turns":3},{"damage":12,"enemies":"2 Thieves","floor":20,"turns":3},{"damage":38,"enemies":"Snake Plant","floor":22,"turns":4},{"damage":47,"enemies":"Snecko","floor":24,"turns":5}],"seed_played":"-9105287171931821902","potions_obtained":[{"floor":1,"key":"AttackPotion"},{"floor":16,"key":"Poison Potion"}],"is_trial":false,"path_per_floor":["M","$","?","$","?","R","$","R","T","M","R","$","?","M","R","B",null,"M","?","M","$","M","R","M"],"character_chosen":"DEFECT","items_purchased":["Streamline","Scrape"],"campfire_rested":1,"item_purchase_floors":[2,21],"current_hp_per_floor":[65,65,65,65,49,49,49,49,49,49,49,49,42,35,35,7,63,62,62,50,50,12,36,0],"gold":108,"neow_bonus":"RANDOM_COMMON_RELIC","is_prod":false,"is_daily":false,"chose_seed":false,"campfire_upgraded":4,"win_rate":0,"timestamp":1546321743,"path_taken":["M","$","?","$","?","R","$","R","T","M","R","?","?","?","R","BOSS","M","?","M","?","M","R","?"],"build_version":"2018-12-20","purchased_purges":0,"victory":false,"max_hp_per_floor":[82,82,82,82,82,82,82,82,82,82,82,82,82,82,82,82,82,82,82,82,82,82,82,82],"card_choices":[{"not_picked":["Steam","Redo"],"picked":"Skim","floor":1},{"not_picked":["Barrage","Sweeping Beam","Genetic Algorithm"],"picked":"SKIP","floor":10},{"not_picked":["Streamline","Coolheaded"],"picked":"Echo Form","floor":14},{"not_picked":["Meteor Strike","Biased Cognition"],"picked":"Reboot","floor":16},{"not_picked":["Double Energy","Coolheaded"],"picked":"Beam Cell","floor":18},{"not_picked":["Redo","Sweeping Beam","Cold Snap"],"picked":"SKIP","floor":20},{"not_picked":["Genetic Algorithm","Aggregate","Rip and Tear"],"picked":"SKIP","floor":22}],"player_experience":378499,"relics_obtained":[{"floor":9,"key":"Bottled Flame"}],"event_choices":[{"cards_removed":["Strike_B"],"damage_healed":0,"gold_gain":0,"player_choice":"Card Removal","damage_taken":0,"max_hp_gain":0,"max_hp_loss":0,"event_name":"The Cleric","floor":3,"gold_loss":50},{"damage_healed":0,"gold_gain":0,"player_choice":"Entered Light","damage_taken":16,"max_hp_gain":0,"max_hp_loss":0,"event_name":"Shining Light","floor":5,"gold_loss":0,"cards_upgraded":["Skim","Strike_B"]},{"cards_removed":["Defend_B"],"damage_healed":0,"gold_gain":0,"player_choice":"Card Removal","damage_taken":7,"max_hp_gain":0,"max_hp_loss":0,"event_name":"Golden Wing","floor":13,"gold_loss":0},{"damage_healed":0,"gold_gain":0,"player_choice":"Bet on Owner","damage_taken":0,"max_hp_gain":0,"max_hp_loss":0,"event_name":"The Joust","floor":19,"gold_loss":50}],"is_beta":false,"boss_relics":[{"not_picked":["Calling Bell","Coffee Dripper","Cursed Key"]}],"items_purged_floors":[],"is_endless":false,"potions_floor_spawned":[1,16],"killed_by":"Snecko","ascension_level":11}