{"gold_per_floor":[117,128,148,98,23,23,35,64,88,37,37,37,37,55,55,55],"floor_reached":16,"playtime":340,"items_purged":["Defend_R"],"score":135,"play_id":"398776a0-4216-4e6f-8e7d-7efd6049265e","local_time":"20180917235822","is_ascension_mode":true,"campfire_choices":[{"data":"Rampage","floor":6,"key":"SMITH"},{"data":"Flex","floor":13,"key":"SMITH"},{"data":"Seeing Red","floor":15,"key":"SMITH"}],"neow_cost":"PERCENT_DAMAGE","seed_source_timestamp":434275984824555,"circlet_count":0,"master_deck":["Strike_R","Strike_R","Strike_R","Strike_R","Defend_R","Defend_R","Bash","Rampage+1","Clash","Flex+1","Seeing Red+1"],"relics":["Burning Blood","Unceasing Top","Bronze Scales","Boot"],"potions_floor_usage":[16],"damage_taken":[{"damage":1,"enemies":"Cultist","floor":1,"turns":3},{"damage":2,"enemies":"Jaw Worm","floor":2,"turns":5},{"damage":3,"enemies":"2 Louse","floor":3,"turns":3},{"damage":7,"enemies":"2 Fungi Beasts","floor":7,"turns":4},{"damage":25,"enemies":"Lagavulin","floor":8,"turns":6},{"damage":30,"enemies":"Exordium Thugs","floor":14,"turns":4},{"damage":19,"enemies":"Hexaghost","floor":16,"turns":5}],"seed_played":"-5786802869196285883","potions_obtained":[{"floor":2,"key":"EssenceOfSteel"},{"floor":8,"key":"Dexterity Potion"}],"is_trial":false,"path_per_floor":["M","M","M","?","$","R","M","E","T","$","?","?","R","M","R"],"character_chosen":"IRONCLAD","items_purchased":["Flex"],"campfire_rested":0,"item_purchase_floors":[10],"current_hp_per_floor":[56,60,63,63,63,63,62,43,43,43,43,43,43,19,19,0],"gold":55,"neow_bonus":"ONE_RARE_RELIC","is_prod":false,"is_daily":false,"chose_seed":false,"campfire_upgraded":3,"win_rate":0,"timestamp":1537243102,"path_taken":["M","?","M","?","$","R","M","E","T","?","?","?","R","M","R","BOSS"],"build_version":"2018-09-17","purchased_purges":1,"victory":false,"max_hp_per_floor":[80,80,80,80,80,80,80,80,80,80,80,80,80,80,80,80],"card_choices":[{"not_picked":["True Grit","Headbutt","Heavy Blade"],"picked":"SKIP","floor":1},{"not_picked":["Iron Wave","Fire Breathing","Perfected Strike"],"picked":"SKIP","floor":2},{"not_picked":["Twin Strike","Sword Boomerang"],"picked":"Rampage","floor":3},{"not_picked":["Ghostly Armor","Armaments","Clothesline"],"picked":"SKIP","floor":7},{"not_picked":["Seeing Red","Rampage"],"picked":"Clash","floor":8},{"not_picked":["Shrug It Off","Iron Wave"],"picked":"Seeing Red","floor":14}],"player_experience":896428,"relics_obtained":[{"floor":8,"key":"Bronze Scales"},{"floor":9,"key":"Boot"}],"event_choices":[{"event_name":"The Cleric","player_choice":"Card Removal","floor":4,"damage_taken":0},{"event_name":"Living Wall","player_choice":"Forget","floor":11,"damage_taken":0},{"event_name":"Shining Light","player_choice":"Ignored","floor":12,"damage_taken":0}],"is_beta":true,"boss_relics":[],"items_purged_floors":[5],"is_endless":false,"potions_floor_spawned":[2,8],"killed_by":"Hexaghost","ascension_level":7}