{"gold_per_floor":[10,27,27,47,47,72,72,91,115,115,115,133,143,162,162,264,264,279,279,292,305,317,345,345,125,125,135,135,60,60,91,91,186,186,198,98,113,123,140,140,174,174,201,201,0,12,22,36,36,36],"floor_reached":50,"playtime":1322,"items_purged":["Strike_R","Strike_R"],"score":568,"play_id":"f8b14845-30d0-4ce9-ae0f-9da4507dab4f","local_time":"20180928192316","is_ascension_mode":false,"campfire_choices":[{"data":"Bash","floor":7,"key":"SMITH"},{"data":"Anger","floor":10,"key":"SMITH"},{"data":"Flame Barrier","floor":15,"key":"SMITH"},{"data":"Limit Break","floor":24,"key":"SMITH"},{"floor":28,"key":"REST"},{"floor":30,"key":"REST"},{"data":"Whirlwind","floor":32,"key":"SMITH"},{"data":"Limit Break","floor":40,"key":"SMITH"},{"floor":42,"key":"REST"},{"floor":49,"key":"REST"}],"neow_cost":"NO_GOLD","seed_source_timestamp":296152278931970,"circlet_count":0,"master_deck":["Strike_R","Strike_R","Strike_R","Defend_R","Defend_R","Defend_R","Bash+1","Anger+1","Rampage+1","Reaper","Sword Boomerang","Flame Barrier+1","Limit Break+1","Whirlwind+1","Burning Pact+1","Headbutt+1","Twin Strike+1","Limit Break+1","Sword Boomerang","Heavy Blade+1"],"relics":["Burning Blood","Strawberry","Happy Flower","Vajra","Philosopher\u0027s Stone","Mango","Shuriken","ClockworkSouvenir","Mercury Hourglass","Pen Nib","White Beast Statue","Bronze Scales","Whetstone","Red Mask"],"potions_floor_usage":[6,16,22,23,23,38,50,50,50],"damage_taken":[{"damage":12,"enemies":"Small Slimes","floor":1,"turns":3},{"damage":0,"enemies":"2 Louse","floor":2,"turns":3},{"damage":11,"enemies":"Jaw Worm","floor":4,"turns":2},{"damage":28,"enemies":"Gremlin Nob","floor":6,"turns":4},{"damage":8,"enemies":"3 Louse","floor":8,"turns":3},{"damage":17,"enemies":"Large Slime","floor":12,"turns":5},{"damage":7,"enemies":"Blue Slaver","floor":13,"turns":2},{"damage":10,"enemies":"Looter","floor":14,"turns":3},{"damage":14,"enemies":"Slime Boss","floor":16,"turns":9},{"damage":31,"enemies":"Spheric Guardian","floor":18,"turns":4},{"damage":7,"enemies":"Shell Parasite","floor":20,"turns":3},{"damage":21,"enemies":"Sentry and Sphere","floor":21,"turns":4},{"damage":19,"enemies":"Snecko","floor":22,"turns":4},{"damage":51,"enemies":"Book of Stabbing","floor":23,"turns":5},{"damage":0,"enemies":"Centurion and Healer","floor":27,"turns":4},{"damage":12,"enemies":"Gremlin Leader","floor":31,"turns":4},{"damage":53,"enemies":"Champ","floor":33,"turns":8},{"damage":12,"enemies":"Orb Walker","floor":35,"turns":2},{"damage":18,"enemies":"3 Darklings","floor":37,"turns":3},{"damage":30,"enemies":"Sphere and 2 Shapes","floor":38,"turns":4},{"damage":5,"enemies":"Transient","floor":39,"turns":5},{"damage":61,"enemies":"Nemesis","floor":41,"turns":3},{"damage":0,"enemies":"Reptomancer","floor":46,"turns":3},{"damage":22,"enemies":"4 Shapes","floor":47,"turns":3},{"damage":34,"enemies":"Sphere and 2 Shapes","floor":48,"turns":3},{"damage":123,"enemies":"Donu and Deca","floor":50,"turns":5}],"seed_played":"534608018917776756","potions_obtained":[{"floor":4,"key":"AttackPotion"},{"floor":6,"key":"SkillPotion"},{"floor":12,"key":"Weak Potion"},{"floor":14,"key":"Weak Potion"},{"floor":21,"key":"GamblersBrew"},{"floor":22,"key":"Explosive Potion"},{"floor":33,"key":"GamblersBrew"},{"floor":35,"key":"Fire Potion"},{"floor":37,"key":"Fire Potion"},{"floor":38,"key":"SpeedPotion"},{"floor":41,"key":"Block Potion"},{"floor":46,"key":"Fire Potion"}],"is_trial":false,"path_per_floor":["M","M","?","M","?","E","R","M","T","R","?","M","M","M","R","B",null,"M","?","M","M","M","E","R","$","T","M","R","$","R","E","R","B",null,"M","$","M","M","M","R","E","R","T","?","?","M","M","M","R"],"character_chosen":"IRONCLAD","items_purchased":["Headbutt","ClockworkSouvenir"],"campfire_rested":4,"item_purchase_floors":[25,25],"current_hp_per_floor":[90,96,96,91,96,81,81,91,91,91,91,85,84,80,80,79,108,83,97,96,81,68,29,29,29,29,35,71,71,107,111,111,64,122,116,116,104,90,91,91,36,72,72,72,72,108,92,76,112,0],"gold":36,"neow_bonus":"TWENTY_PERCENT_HP_BONUS","is_prod":false,"is_daily":false,"chose_seed":false,"campfire_upgraded":6,"win_rate":0,"timestamp":1538176996,"path_taken":["M","M","?","M","?","E","R","M","T","R","?","?","M","M","R","BOSS","M","?","?","M","M","E","R","$","T","M","R","$","R","E","R","BOSS","M","$","M","?","M","R","E","R","T","?","?","M","M","M","R","BOSS"],"build_version":"2018-09-27","purchased_purges":2,"victory":false,"max_hp_per_floor":[96,96,96,96,101,108,108,108,108,108,108,108,108,108,108,108,108,108,122,122,122,122,122,122,122,122,122,122,122,122,122,122,122,122,122,122,122,122,122,122,122,122,122,122,122,122,122,122,122,122],"card_choices":[{"not_picked":["Headbutt","Dual Wield"],"picked":"Anger","floor":1},{"not_picked":["Wild Strike","Havoc"],"picked":"Rampage","floor":2},{"not_picked":["Corruption","Clothesline","Warcry"],"picked":"SKIP","floor":4},{"not_picked":["Heavy Blade","Twin Strike"],"picked":"Reaper","floor":6},{"not_picked":["Body Slam","Havoc","Power Through"],"picked":"SKIP","floor":8},{"not_picked":["True Grit","Cleave"],"picked":"Sword Boomerang","floor":12},{"not_picked":["Second Wind","Perfected Strike","Clothesline"],"picked":"SKIP","floor":13},{"not_picked":["Armaments","Headbutt"],"picked":"Flame Barrier","floor":14},{"not_picked":["Reaper","Demon Form"],"picked":"Limit Break","floor":16},{"not_picked":["Reckless Charge","Metallicize","Armaments+1"],"picked":"SKIP","floor":18},{"not_picked":["Sword Boomerang","Hemokinesis"],"picked":"Whirlwind","floor":20},{"not_picked":["Shockwave","Perfected Strike","Whirlwind"],"picked":"SKIP","floor":21},{"not_picked":["Headbutt","Perfected Strike"],"picked":"Burning Pact+1","floor":22},{"not_picked":["Blood for Blood+1","Second Wind","Corruption+1"],"picked":"SKIP","floor":23},{"not_picked":["Carnage","Sever Soul+1"],"picked":"Twin Strike+1","floor":27},{"not_picked":["Wild Strike","Searing Blow","Brutality"],"picked":"SKIP","floor":31},{"not_picked":["Berserk","Immolate"],"picked":"Limit Break","floor":33},{"not_picked":["True Grit","Havoc+1","Headbutt"],"picked":"SKIP","floor":35},{"not_picked":["Clash","Shrug It Off"],"picked":"Sword Boomerang","floor":37},{"not_picked":["Armaments+1","Twin Strike"],"picked":"Heavy Blade","floor":38},{"not_picked":["Clash","Warcry+1","Flex+1"],"picked":"SKIP","floor":39},{"not_picked":["Entrench","Sword Boomerang","Iron Wave"],"picked":"SKIP","floor":41},{"not_picked":["Impervious","Cleave+1","Infernal Blade"],"picked":"SKIP","floor":46},{"not_picked":["Entrench+1","Body Slam+1","Second Wind+1"],"picked":"SKIP","floor":47},{"not_picked":["True Grit+1","Sentinel+1","Rupture+1"],"picked":"SKIP","floor":48}],"player_experience":910665,"relics_obtained":[{"floor":6,"key":"Strawberry"},{"floor":9,"key":"Happy Flower"},{"floor":23,"key":"Shuriken"},{"floor":26,"key":"Mercury Hourglass"},{"floor":31,"key":"Pen Nib"},{"floor":41,"key":"Bronze Scales"},{"floor":43,"key":"Whetstone"}],"event_choices":[{"event_name":"Living Wall","player_choice":"Grow","floor":3,"damage_taken":0},{"event_name":"Big Fish","player_choice":"Donut","floor":5,"damage_taken":0},{"event_name":"Dead Adventurer","player_choice":"Searched \u00272\u0027 times","floor":11,"damage_taken":0},{"event_name":"The Mausoleum","player_choice":"Yes","floor":19,"damage_taken":0},{"event_name":"Falling","player_choice":"Removed Skill","floor":44,"damage_taken":0},{"event_name":"Tomb of Lord Red Mask","player_choice":"Paid","floor":45,"damage_taken":0}],"is_beta":true,"boss_relics":[{"not_picked":["Pandora\u0027s Box","Tiny House"],"picked":"Philosopher\u0027s Stone"},{"not_picked":["Calling Bell","Runic Cube"],"picked":"White Beast Statue"}],"items_purged_floors":[29,36],"is_endless":false,"potions_floor_spawned":[4,6,12,14,21,22,33,35,37,38,39,41,46,47,48],"killed_by":"Donu and Deca","ascension_level":0}