{"gold_per_floor":[117,117,131,131,131,161,161,177,177,177,187,203,203,216,216,313,313,329,167,167,167,150,150],"floor_reached":23,"playtime":582,"items_purged":[],"score":191,"play_id":"15efe002-4781-41de-96d9-b30d9ce465f0","local_time":"20190222153308","is_ascension_mode":false,"campfire_choices":[{"data":"ReplayTheSpireMod:Corrosion Curse","floor":10,"key":"SMITH"},{"data":"Bash","floor":13,"key":"SMITH"},{"data":"Strike_R+1","floor":15,"key":"SMITH"}],"neow_cost":"NONE","seed_source_timestamp":262727943575855,"circlet_count":0,"master_deck":["Strike_R","Strike_R+1","Strike_R","Strike_R+2","Defend_R+1","Defend_R","Defend_R","Defend_R+1","Bash+1","ReplayTheSpireMod:Corrosion Curse+1","strawberrySpire:CrashLanding+1","Hemogenesis+1","strawberrySpire:Taunt+1","strawberrySpire:Endurance+1","strawberrySpire:Endurance+1","strawberrySpire:JustAWound+1","Writhe"],"relics":["Burning Blood","Simple Rune","Golden Egg","Garlic","White Beast Statue","Juzu Bracelet","Baseball"],"potions_floor_usage":[18,23],"damage_taken":[{"damage":1,"enemies":"Jaw Worm","floor":1,"turns":5},{"damage":0,"enemies":"2 Louse","floor":3,"turns":4},{"damage":15,"enemies":"Gremlin Nob","floor":6,"turns":4},{"damage":0,"enemies":"infinitespire:Voidling","floor":8,"turns":3},{"damage":11,"enemies":"Exordium Wildlife","floor":11,"turns":3},{"damage":7,"enemies":"Blue Slaver","floor":12,"turns":2},{"damage":1,"enemies":"3 Louse","floor":14,"turns":2},{"damage":24,"enemies":"Hexaghost","floor":16,"turns":9},{"damage":0,"enemies":"3 Byrds","floor":18,"turns":2},{"damage":26,"enemies":"2 Thieves","floor":22,"turns":4},{"damage":76,"enemies":"strawberrySpire:AncientClocktower","floor":23,"turns":12}],"seed_played":"4078339037827314608","potions_obtained":[{"floor":3,"key":"PowerPotion"},{"floor":6,"key":"infinitespire:BlackPotion"},{"floor":12,"key":"LiquidBronze"},{"floor":18,"key":"Ancient Potion"}],"is_trial":false,"path_per_floor":["M","?","M","?","?","E","?","M","T","R","M","M","R","M","R","B",null,"M","$","?","?","M","E"],"character_chosen":"IRONCLAD","items_purchased":["strawberrySpire:Endurance","strawberrySpire:JustAWound","Juzu Bracelet"],"campfire_rested":0,"item_purchase_floors":[19,19,19],"current_hp_per_floor":[80,64,70,67,67,58,58,64,64,64,59,58,58,63,63,45,80,80,80,80,80,68,0],"gold":150,"neow_bonus":"REMOVE_CARD","is_prod":false,"is_daily":false,"chose_seed":false,"campfire_upgraded":3,"win_rate":0,"timestamp":1550867588,"path_taken":["M","?","M","?","?","E","?","?","T","R","M","M","R","M","R","BOSS","M","$","?","?","M","E"],"build_version":"2019-01-23","purchased_purges":0,"victory":false,"max_hp_per_floor":[80,80,80,80,80,80,80,80,80,80,80,80,80,80,80,80,80,80,80,80,80,80,80],"card_choices":[{"not_picked":["strawberrySpire:GettingOverIt","Clash"],"picked":"ReplayTheSpireMod:Corrosion Curse","floor":1},{"not_picked":["ReplayReversal","Iron Wave","strawberrySpire:Endurance"],"picked":"SKIP","floor":3},{"not_picked":["Wild Strike","strawberrySpire:Overwork"],"picked":"strawberrySpire:CrashLanding","floor":6},{"not_picked":["Ghostly Armor","Heavy Blade","True Grit"],"picked":"SKIP","floor":8},{"not_picked":["Power Through","Evolve","strawberrySpire:GettingOverIt"],"picked":"SKIP","floor":11},{"not_picked":["Evolve","Heavy Blade","Havoc"],"picked":"SKIP","floor":12},{"not_picked":["strawberrySpire:Hellbender","strawberrySpire:FireDrill","Warcry"],"picked":"SKIP","floor":14},{"not_picked":["Immolate","Reaper"],"picked":"Hemogenesis","floor":16},{"not_picked":["Warcry","hubris:ReadiedAction"],"picked":"strawberrySpire:Taunt+1","floor":18},{"not_picked":["Thunderclap","Pommel Strike","Battle Trance"],"picked":"SKIP","floor":22}],"player_experience":712047,"relics_obtained":[{"floor":6,"key":"Golden Egg"},{"floor":9,"key":"Garlic"}],"event_choices":[{"damage_healed":0,"gold_gain":0,"player_choice":"Entered Light","damage_taken":16,"max_hp_gain":0,"max_hp_loss":0,"event_name":"Shining Light","floor":2,"gold_loss":0,"cards_upgraded":["Strike_R","Strike_R"]},{"damage_healed":0,"gold_gain":0,"player_choice":"Success","damage_taken":3,"relics_obtained":["Simple Rune"],"max_hp_gain":0,"max_hp_loss":0,"event_name":"Scrap Ooze","floor":4,"gold_loss":0},{"damage_healed":0,"gold_gain":0,"player_choice":"Ignored","damage_taken":0,"max_hp_gain":0,"max_hp_loss":0,"event_name":"Ghosts","floor":20,"gold_loss":0},{"damage_healed":0,"gold_gain":0,"player_choice":"Opened","damage_taken":0,"relics_obtained":["Baseball"],"max_hp_gain":0,"max_hp_loss":0,"event_name":"The Mausoleum","floor":21,"gold_loss":0,"cards_obtained":["Writhe"]}],"is_beta":false,"boss_relics":[{"not_picked":["Runic Dome","ReplayTheSpireMod:DimensionalGlitch"],"picked":"White Beast Statue"}],"items_purged_floors":[],"is_endless":false,"potions_floor_spawned":[3,6,12,18,22],"killed_by":"strawberrySpire:AncientClocktower","ascension_level":0}