{"path_per_floor":["M","?","M","T","M","R","M","?","T","M","$","R","M","?","R","B",null,"M","?","?","$","M","M","M","M","T"],"character_chosen":"DEFECT","items_purchased":["DataDisk"],"gold_per_floor":[114,114,134,134,152,152,162,162,162,177,22,22,32,32,32,135,135,146,71,71,71,82,94,108,119,119,119],"floor_reached":27,"campfire_rested":0,"playtime":1288,"current_hp_per_floor":[75,75,75,75,75,75,60,60,60,50,50,50,43,68,68,30,75,46,46,71,71,56,35,32,16,23,0],"items_purged":[],"gold":119,"score":207,"play_id":"c3dab3e8-b158-4b0a-9124-18dfa7bebfa8","local_time":"20180508174825","is_prod":false,"is_daily":false,"chose_seed":false,"is_ascension_mode":false,"campfire_upgraded":3,"timestamp":1525816105,"path_taken":["M","?","M","?","M","R","M","?","T","M","$","R","M","?","R","BOSS","M","?","?","?","M","M","?","?","T","M"],"build_version":"2018-05-07","seed_source_timestamp":591340930296239,"purchased_purges":0,"victory":false,"master_deck":["Strike_B","Strike_B","Strike_B","Defend_B","Defend_B","Defend_B","Defend_B","Zap+1","Dualcast+1","Streamline+1","Hologram+1","Stack","Storm","Seek","Leap","Hyperbeam","Normality","Injury","Pain","Melter","Leap","Hyperbeam"],"max_hp_per_floor":[75,75,75,75,75,75,75,75,75,75,75,75,75,75,75,75,75,75,75,75,75,75,75,75,75,82,82],"relics":["Cracked Core","NeowsBlessing","Centennial Puzzle","Blue Candle","DataDisk","Calling Bell","Dream Catcher","Meat on the Bone","Emotion Chip","Strawberry"],"card_choices":[{"not_picked":["Hologram","Leap"],"picked":"Streamline","floor":1},{"not_picked":["Capacitor","Sunder"],"picked":"Hologram","floor":3},{"not_picked":["Turbo","Melter"],"picked":"Stack","floor":5},{"not_picked":["Turbo","Skim"],"picked":"Storm","floor":7},{"not_picked":["Steam Power","Storm"],"picked":"Seek","floor":10},{"not_picked":["Beam Cell","Hologram"],"picked":"Leap","floor":13},{"not_picked":["Thunder Strike","All For One"],"picked":"Hyperbeam","floor":16},{"not_picked":["Hologram","Cold Snap"],"picked":"Melter","floor":18},{"not_picked":["Streamline","Cold Snap"],"picked":"Leap","floor":22},{"not_picked":["Conserve Battery","Go for the Eyes"],"picked":"Hyperbeam","floor":25}],"player_experience":429413,"potions_floor_usage":[22,23,24,24],"damage_taken":[{"damage":0,"enemies":"Jaw Worm","floor":1,"turns":1},{"damage":0,"enemies":"Cultist","floor":3,"turns":1},{"damage":0,"enemies":"Small Slimes","floor":5,"turns":1},{"damage":15,"enemies":"Exordium Thugs","floor":7,"turns":4},{"damage":10,"enemies":"Looter","floor":10,"turns":2},{"damage":7,"enemies":"2 Fungi Beasts","floor":13,"turns":3},{"damage":38,"enemies":"Hexaghost","floor":16,"turns":8},{"damage":29,"enemies":"Chosen","floor":18,"turns":5},{"damage":15,"enemies":"Shell Parasite","floor":22,"turns":4},{"damage":33,"enemies":"Snecko","floor":23,"turns":4},{"damage":15,"enemies":"Cultist and Chosen","floor":24,"turns":5},{"damage":28,"enemies":"Snake Plant","floor":25,"turns":4},{"damage":24,"enemies":"Centurion and Healer","floor":27,"turns":2}],"event_choices":[{"event_name":"Upgrade Shrine","player_choice":"Upgraded","floor":2,"damage_taken":0},{"event_name":"Liars Game","player_choice":"disagreed","floor":8,"damage_taken":0},{"event_name":"Big Fish","player_choice":"Banana","floor":14,"damage_taken":0},{"event_name":"Beggar","player_choice":"Gave Gold","floor":19,"damage_taken":0},{"event_name":"The Library","player_choice":"Heal","floor":20,"damage_taken":0}],"boss_relics":[{"not_picked":["Sozu","Tiny House"],"picked":"Calling Bell"}],"potions_floor_spawned":[1,13,18,22],"seed_played":"-143775316791733319","killed_by":"Centurion and Healer","ascension_level":0,"is_trial":false}