{"gold_per_floor":[110,36,36,36,53,80,100,100,100,158,171,171,171,193,193,289,289,303,263,17,30,45,45,55,55,81,6,6,25,25,40,40,139,139,154,173,473,239,251,251,251,151,198,198,123,57,68,79,79,79],"floor_reached":51,"playtime":1715,"items_purged":["Strike_G","Strike_G"],"score":720,"play_id":"cf9c5f31-3dfb-448e-b8f3-a7c66ea1a8db","local_time":"20181031012610","is_ascension_mode":false,"campfire_choices":[{"data":"Noxious Fumes","floor":8,"key":"SMITH"},{"data":"Catalyst","floor":13,"key":"SMITH"},{"data":"Footwork","floor":15,"key":"SMITH"},{"data":"Choke","floor":23,"key":"SMITH"},{"data":"Deadly Poison","floor":25,"key":"SMITH"},{"data":"Footwork","floor":30,"key":"SMITH"},{"floor":32,"key":"REST"},{"data":"Bouncing Flask","floor":40,"key":"SMITH"},{"data":"Adrenaline","floor":44,"key":"SMITH"},{"floor":49,"key":"REST"}],"neow_cost":"NONE","seed_source_timestamp":34785443094075,"circlet_count":0,"master_deck":["Defend_G","Defend_G","Defend_G","Defend_G","Defend_G","Strike_G","Strike_G","Survivor","Neutralize","Noxious Fumes+1","Footwork+1","Infinite Blades","Die Die Die","Catalyst+1","Backstab","Malaise+1","Choke+1","Deflect","Deadly Poison+1","Footwork+1","Adrenaline+1","Corpse Explosion","Slice+1","Glass Knife","Bouncing Flask+1","Secret Technique","Backstab+1"],"relics":["Ring of the Serpent","NeowsBlessing","Bag of Preparation","Mummified Hand","Pear","Odd Mushroom","Bottled Lightning","Bag of Marbles","Mercury Hourglass","Runic Pyramid","Potion Belt","Omamori"],"potions_floor_usage":[10,16,22,33,48,50,50,50],"damage_taken":[{"damage":0,"enemies":"Jaw Worm","floor":1,"turns":1},{"damage":0,"enemies":"Cultist","floor":5,"turns":1},{"damage":0,"enemies":"Gremlin Nob","floor":6,"turns":1},{"damage":0,"enemies":"2 Louse","floor":7,"turns":4},{"damage":24,"enemies":"Gremlin Nob","floor":10,"turns":4},{"damage":2,"enemies":"Red Slaver","floor":11,"turns":4},{"damage":15,"enemies":"The Mushroom Lair","floor":14,"turns":3},{"damage":33,"enemies":"Slime Boss","floor":16,"turns":9},{"damage":7,"enemies":"Shell Parasite","floor":18,"turns":7},{"damage":0,"enemies":"Chosen","floor":21,"turns":5},{"damage":15,"enemies":"3 Cultists","floor":22,"turns":5},{"damage":15,"enemies":"Centurion and Healer","floor":24,"turns":7},{"damage":6,"enemies":"Sentry and Sphere","floor":29,"turns":4},{"damage":8,"enemies":"Snecko","floor":31,"turns":5},{"damage":42,"enemies":"Champ","floor":33,"turns":11},{"damage":14,"enemies":"3 Darklings","floor":35,"turns":2},{"damage":0,"enemies":"3 Shapes","floor":36,"turns":5},{"damage":23,"enemies":"Jaw Worm Horde","floor":39,"turns":2},{"damage":21,"enemies":"Spire Growth","floor":47,"turns":4},{"damage":1,"enemies":"Maw","floor":48,"turns":6},{"damage":38,"enemies":"Time Eater","floor":50,"turns":13}],"seed_played":"-5208731053833155432","potions_obtained":[{"floor":1,"key":"PowerPotion"},{"floor":5,"key":"Swift Potion"},{"floor":11,"key":"AttackPotion"},{"floor":14,"key":"Dexterity Potion"},{"floor":21,"key":"Swift Potion"},{"floor":29,"key":"Weak Potion"},{"floor":31,"key":"Poison Potion"},{"floor":39,"key":"Block Potion"},{"floor":47,"key":"Weak Potion"}],"is_trial":false,"path_per_floor":["M","$","?","$","M","E","M","R","T","?","M","?","R","?","R","B",null,"M","?","$","M","M","R","M","R","T","$","T","M","R","M","R","B",null,"M","M","?","$","M","R","?","$","T","R","$","?","M","M","R","B"],"character_chosen":"THE_SILENT","items_purchased":["Footwork","Bottled Lightning","Footwork","Glass Knife","GhostInAJar"],"campfire_rested":2,"item_purchase_floors":[2,20,27,38,45],"current_hp_per_floor":[70,70,70,70,70,70,70,70,70,56,54,59,59,44,44,11,85,78,78,78,78,63,63,48,48,48,48,48,42,42,34,59,17,85,71,71,71,71,48,48,48,48,48,48,48,48,27,26,51,13],"gold":79,"neow_bonus":"THREE_ENEMY_KILL","is_prod":false,"is_daily":false,"chose_seed":false,"campfire_upgraded":8,"win_rate":0,"timestamp":1540963570,"path_taken":["M","$","?","$","M","E","M","R","T","?","M","?","R","?","R","BOSS","M","?","$","?","M","R","M","R","T","$","?","?","R","M","R","BOSS","M","M","?","$","M","R","?","$","T","R","$","?","M","M","R","BOSS"],"build_version":"2018-10-29v2","purchased_purges":2,"victory":true,"max_hp_per_floor":[70,70,70,70,70,70,70,70,70,80,80,85,85,85,85,85,85,85,85,85,85,85,85,85,85,85,85,85,85,85,85,85,85,85,85,85,85,85,85,85,85,85,85,85,85,85,85,85,85,85],"card_choices":[{"not_picked":["Eviscerate","Slice"],"picked":"Noxious Fumes","floor":1},{"not_picked":["Underhanded Strike","Quick Slash","Acrobatics"],"picked":"SKIP","floor":5},{"not_picked":["Poisoned Stab","Slice"],"picked":"Infinite Blades","floor":6},{"not_picked":["Riddle With Holes","All Out Attack","Dagger Throw"],"picked":"SKIP","floor":7},{"not_picked":["Slice","Sucker Punch"],"picked":"Die Die Die","floor":10},{"not_picked":["Masterful Stab","Underhanded Strike"],"picked":"Catalyst","floor":11},{"not_picked":["Blade Dance","Distraction"],"picked":"Backstab","floor":14},{"not_picked":["Wraith Form v2","Night Terror"],"picked":"Malaise","floor":16},{"not_picked":["Tactician","Sucker Punch"],"picked":"Choke","floor":18},{"not_picked":["Dagger Spray","Acrobatics","Blade Dance"],"picked":"SKIP","floor":21},{"not_picked":["Bane","Flechettes"],"picked":"Deflect","floor":22},{"not_picked":["Poisoned Stab","Masterful Stab"],"picked":"Deadly Poison","floor":24},{"not_picked":["Acrobatics","Underhanded Strike"],"picked":"Adrenaline","floor":29},{"not_picked":["Concentrate","Deflect+1","Deadly Poison"],"picked":"SKIP","floor":31},{"not_picked":["Night Terror","Bullet Time"],"picked":"Corpse Explosion","floor":33},{"not_picked":["Infinite Blades+1","Acrobatics+1","Underhanded Strike+1"],"picked":"SKIP","floor":35},{"not_picked":["Dagger Throw","Dash+1"],"picked":"Slice+1","floor":36},{"not_picked":["Cloak And Dagger+1","Finisher"],"picked":"Bouncing Flask","floor":39},{"not_picked":["Forethought","Swift Strike"],"picked":"Secret Technique","floor":41},{"not_picked":["Skewer","Sucker Punch+1","Finisher"],"picked":"SKIP","floor":47},{"not_picked":["Bane","Underhanded Strike"],"picked":"Backstab+1","floor":48}],"player_experience":956640,"relics_obtained":[{"floor":6,"key":"Bag of Preparation"},{"floor":9,"key":"Mummified Hand"},{"floor":10,"key":"Pear"},{"floor":14,"key":"Odd Mushroom"},{"floor":26,"key":"Bag of Marbles"},{"floor":28,"key":"Mercury Hourglass"},{"floor":43,"key":"Potion Belt"}],"event_choices":[{"cards_removed":["Strike_G"],"damage_healed":0,"gold_gain":0,"player_choice":"Purged","damage_taken":0,"max_hp_gain":0,"max_hp_loss":0,"event_name":"Purifier","floor":3,"gold_loss":0},{"damage_healed":0,"gold_gain":0,"player_choice":"Searched \u00271\u0027 times","damage_taken":0,"max_hp_gain":0,"max_hp_loss":0,"event_name":"Dead Adventurer","floor":10,"gold_loss":0},{"damage_healed":0,"gold_gain":0,"player_choice":"Donut","damage_taken":0,"max_hp_gain":5,"max_hp_loss":0,"event_name":"Big Fish","floor":12,"gold_loss":0},{"damage_healed":0,"gold_gain":0,"player_choice":"Fought Mushrooms","damage_taken":0,"max_hp_gain":0,"max_hp_loss":0,"event_name":"Mushrooms","floor":14,"gold_loss":0},{"damage_healed":0,"gold_gain":0,"player_choice":"Upgrade","damage_taken":0,"max_hp_gain":0,"max_hp_loss":0,"event_name":"Designer","floor":19,"gold_loss":40,"cards_upgraded":["Malaise"]},{"damage_healed":0,"gold_gain":300,"player_choice":"Gold","damage_taken":0,"max_hp_gain":0,"max_hp_loss":0,"event_name":"Wheel of Change","floor":37,"gold_loss":0},{"damage_healed":0,"gold_gain":0,"player_choice":"Memory 1","damage_taken":0,"max_hp_gain":0,"max_hp_loss":0,"event_name":"SensoryStone","floor":41,"gold_loss":0},{"damage_healed":0,"gold_gain":0,"player_choice":"Paid Gold","damage_taken":0,"relics_obtained":["Omamori"],"max_hp_gain":0,"max_hp_loss":0,"event_name":"WeMeetAgain","floor":46,"gold_loss":66}],"is_beta":true,"boss_relics":[{"not_picked":["Black Star","Snecko Eye"],"picked":"Ring of the Serpent"},{"not_picked":["HoveringKite","Runic Dome"],"picked":"Runic Pyramid"}],"items_purged_floors":[38,42],"is_endless":false,"potions_floor_spawned":[1,5,11,14,21,29,31,39,47],"ascension_level":0}