{"gold_per_floor":[119,133,133,143,143,143,163,163,163,163,176,141,90,121,121,225,225,241,241,166,181,191,191,223,223,223,239,254,269,269,289,289,393,393,407,418,418,433,433,433,433],"floor_reached":41,"playtime":1277,"items_purged":["Strike_G"],"score":475,"play_id":"9832b11c-fc26-40b2-86e7-4a341015c006","local_time":"20180811203221","is_ascension_mode":true,"campfire_choices":[{"data":"Deadly Poison","floor":6,"key":"SMITH"},{"data":"Poisoned Stab","floor":8,"key":"SMITH"},{"data":"Neutralize","floor":10,"key":"SMITH"},{"data":"Bane","floor":15,"key":"SMITH"},{"data":"Die Die Die","floor":23,"key":"SMITH"},{"floor":25,"key":"REST"},{"floor":30,"key":"REST"},{"floor":32,"key":"REST"},{"floor":40,"key":"REST"}],"neow_cost":"NONE","seed_source_timestamp":536119556716473,"circlet_count":0,"master_deck":["Defend_G","Defend_G","Defend_G","Defend_G","Strike_G","Strike_G","Survivor","Neutralize+1","Deadly Poison+1","Acrobatics","Dagger Spray+1","Poisoned Stab+1","Bane+1","Backflip","Die Die Die+1","Well Laid Plans+1","Bouncing Flask+1","Corpse Explosion","Crippling Poison","Crippling Poison+1","Bullet Time","Bouncing Flask+1","Burst","Die Die Die+1"],"relics":["Sozu","Odd Mushroom","Frozen Egg 2","Orichalcum","Empty Cage","Mercury Hourglass","Turnip","Eternal Feather"],"potions_floor_usage":[],"damage_taken":[{"damage":6,"enemies":"2 Louse","floor":1,"turns":4},{"damage":0,"enemies":"Cultist","floor":2,"turns":3},{"damage":3,"enemies":"Jaw Worm","floor":4,"turns":5},{"damage":6,"floor":7,"turns":3},{"damage":0,"enemies":"Large Slime","floor":11,"turns":4},{"damage":6,"enemies":"Gremlin Nob","floor":14,"turns":3},{"damage":52,"enemies":"Slime Boss","floor":16,"turns":10},{"damage":22,"enemies":"Spheric Guardian","floor":18,"turns":5},{"damage":7,"enemies":"2 Thieves","floor":21,"turns":3},{"damage":7,"enemies":"Snecko","floor":22,"turns":4},{"damage":19,"enemies":"Book of Stabbing","floor":24,"turns":4},{"damage":5,"enemies":"Centurion and Healer","floor":27,"turns":3},{"damage":16,"enemies":"Snake Plant","floor":28,"turns":3},{"damage":2,"enemies":"Chosen and Byrds","floor":29,"turns":4},{"damage":14,"enemies":"Centurion and Healer","floor":31,"turns":5},{"damage":40,"enemies":"Collector","floor":33,"turns":7},{"damage":6,"enemies":"Orb Walker","floor":35,"turns":3},{"damage":9,"enemies":"3 Shapes","floor":36,"turns":3},{"damage":45,"enemies":"Spire Growth","floor":38,"turns":4},{"damage":52,"enemies":"2 Orb Walkers","floor":41,"turns":3}],"seed_played":"7946984907057983848","potions_obtained":[],"is_trial":false,"path_per_floor":["M","M","?","M","?","R","?","R","T","R","M","?","$","E","R","B",null,"M","?","$","M","M","R","E","R","T","M","M","M","R","M","R","B",null,"M","M","?","M","?","R"],"character_chosen":"THE_SILENT","items_purchased":["Bane"],"campfire_rested":4,"item_purchase_floors":[13],"current_hp_per_floor":[64,64,64,61,61,61,55,55,55,55,55,70,70,64,64,12,70,48,48,48,41,34,34,15,36,36,31,15,13,34,20,41,1,70,64,55,55,10,10,43,0],"gold":433,"neow_bonus":"BOSS_RELIC","is_prod":false,"is_daily":false,"chose_seed":false,"campfire_upgraded":5,"win_rate":0,"timestamp":1534033941,"path_taken":["M","M","?","M","?","R","?","R","T","R","?","?","$","E","R","BOSS","M","?","$","M","?","R","E","R","T","?","M","M","R","M","R","BOSS","M","?","?","?","?","R","E"],"build_version":"2018-08-08","purchased_purges":1,"victory":false,"max_hp_per_floor":[70,70,70,70,70,70,70,70,70,70,70,70,70,70,70,70,70,70,70,70,70,70,70,70,70,70,70,70,70,70,70,70,70,70,70,70,70,70,70,70,70],"card_choices":[{"not_picked":["Flechettes","Catalyst"],"picked":"Deadly Poison","floor":1},{"not_picked":["Blade Dance","Choke"],"picked":"Acrobatics","floor":2},{"not_picked":["Choke","Terror"],"picked":"Dagger Spray","floor":4},{"not_picked":["Footwork","Leg Sweep"],"picked":"Poisoned Stab","floor":7},{"not_picked":["Masterful Stab","Concentrate","Flying Knee"],"picked":"SKIP","floor":11},{"not_picked":["Escape Plan","Finisher"],"picked":"Backflip","floor":14},{"not_picked":["Wraith Form v2+1","Phantasmal Killer"],"picked":"Die Die Die","floor":16},{"not_picked":["Acrobatics+1","Tactician+1"],"picked":"Well Laid Plans+1","floor":18},{"not_picked":["Deadly Poison+1","Bane"],"picked":"Bouncing Flask+1","floor":21},{"not_picked":["Sucker Punch","Flying Knee"],"picked":"Corpse Explosion","floor":22},{"not_picked":["Quick Slash","Accuracy+1"],"picked":"Crippling Poison","floor":24},{"not_picked":["Well Laid Plans+1","Terror+1","Endless Agony"],"picked":"SKIP","floor":27},{"not_picked":["Acrobatics","Predator"],"picked":"Crippling Poison+1","floor":28},{"not_picked":["Backflip+1","Outmaneuver"],"picked":"Bullet Time","floor":29},{"not_picked":["Prepared","Terror"],"picked":"Bouncing Flask+1","floor":31},{"not_picked":["Grand Finale","Die Die Die"],"picked":"Burst","floor":33},{"not_picked":["Blade Dance+1","Poisoned Stab","Sucker Punch"],"picked":"SKIP","floor":35},{"not_picked":["Blade Dance","Underhanded Strike+1","Masterful Stab+1"],"picked":"SKIP","floor":36},{"not_picked":["Distraction+1","Backflip","Choke+1"],"picked":"SKIP","floor":38}],"player_experience":857296,"relics_obtained":[{"floor":7,"key":"Odd Mushroom"},{"floor":9,"key":"Frozen Egg 2"},{"floor":14,"key":"Orichalcum"},{"floor":24,"key":"Mercury Hourglass"},{"floor":26,"key":"Turnip"}],"event_choices":[{"event_name":"NoteForYourself","player_choice":"Ignored","floor":3,"damage_taken":0},{"event_name":"Living Wall","player_choice":"Grow","floor":5,"damage_taken":0},{"event_name":"Mushrooms","player_choice":"Fought Mushrooms","floor":7,"damage_taken":0},{"event_name":"The Cleric","player_choice":"Healed","floor":12,"damage_taken":0},{"event_name":"Ghosts","player_choice":"Ignored","floor":19,"damage_taken":0},{"event_name":"Duplicator","player_choice":"One dupe","floor":37,"damage_taken":0},{"event_name":"Purifier","player_choice":"One Purge","floor":39,"damage_taken":0}],"is_beta":true,"boss_relics":[{"not_picked":["Black Star","Philosopher\u0027s Stone"],"picked":"Empty Cage"},{"not_picked":["HoveringKite","Calling Bell"],"picked":"Eternal Feather"}],"items_purged_floors":[20],"is_endless":false,"potions_floor_spawned":[1,2,4,18,27,33,36,38],"killed_by":"2 Orb Walkers","ascension_level":3}