{"gold_per_floor":[118,132,57,74,74,44,75,75,75,75,100,100,0,15,15,114,114,130,130,130,130,149,149],"floor_reached":23,"playtime":1187,"items_purged":["Strike_R","Strike_R"],"score":197,"play_id":"26099582-79e7-4a3b-9097-d6b51ac2b8f9","local_time":"20190914175432","is_ascension_mode":false,"campfire_choices":[{"data":"Flex","floor":8,"key":"SMITH"},{"data":"Searing Blow","floor":12,"key":"SMITH"},{"data":"Searing Blow+1","floor":15,"key":"SMITH"}],"neow_cost":"NONE","seed_source_timestamp":2467635996434400,"circlet_count":0,"master_deck":["Strike_R","Strike_R","Defend_R","Defend_R","Defend_R","Defend_R","Bash","Flex+1","Flex","Searing Blow+2","Seeing Red"],"relics":["Burning Blood"],"potions_floor_usage":[11,18,23],"damage_taken":[{"damage":11,"enemies":"Jaw Worm","floor":1,"turns":6},{"damage":4,"enemies":"2 Louse","floor":2,"turns":3},{"damage":0,"enemies":"Small Slimes","floor":4,"turns":4},{"damage":0,"enemies":"Looter","floor":6,"turns":4},{"damage":66,"enemies":"Gremlin Nob","floor":7,"turns":7},{"damage":18,"enemies":"Lagavulin","floor":11,"turns":7},{"damage":9,"enemies":"Exordium Wildlife","floor":14,"turns":5},{"damage":31,"enemies":"Slime Boss","floor":16,"turns":9},{"damage":34,"enemies":"Chosen","floor":18,"turns":6},{"damage":27,"enemies":"Spheric Guardian","floor":22,"turns":5},{"damage":25,"enemies":"Snake Plant","floor":23,"turns":2}],"seed_played":"3047760931991364477","potions_obtained":[{"floor":4,"key":"SpeedPotion"},{"floor":16,"key":"SkillPotion"},{"floor":18,"key":"FearPotion"}],"is_trial":false,"path_per_floor":["M","M","$","M","?","M","E","R","T","?","E","R","$","M","R","B",null,"M","?","?","?","M","M"],"character_chosen":"IRONCLAD","items_purchased":[],"campfire_rested":0,"item_purchase_floors":[],"current_hp_per_floor":[83,85,85,88,81,87,27,27,27,56,44,44,44,41,41,16,88,60,60,60,43,22,0],"gold":149,"neow_bonus":"TEN_PERCENT_HP_BONUS","is_prod":false,"is_daily":false,"chose_seed":false,"campfire_upgraded":3,"win_rate":0,"timestamp":1568498072,"path_taken":["M","M","$","M","?","M","E","R","T","?","E","R","$","M","R","BOSS","M","?","?","?","M","M"],"build_version":"2019-07-17","purchased_purges":2,"victory":false,"max_hp_per_floor":[88,88,88,88,88,88,88,88,88,88,88,88,88,88,88,88,88,88,88,88,93,93,93],"card_choices":[{"not_picked":["Wild Strike","Pommel Strike","Anger"],"picked":"SKIP","floor":1},{"not_picked":["Shrug It Off","Clothesline","Feel No Pain"],"picked":"SKIP","floor":2},{"not_picked":["Carnage","Pommel Strike"],"picked":"Flex","floor":4},{"not_picked":["Bloodletting","Iron Wave"],"picked":"Flex","floor":6},{"not_picked":["Pommel Strike","Iron Wave","Double Tap"],"picked":"SKIP","floor":7},{"not_picked":["Iron Wave","Impervious"],"picked":"Searing Blow","floor":11},{"not_picked":["Warcry","Pommel Strike","Rage"],"picked":"SKIP","floor":14},{"not_picked":["Armaments","Twin Strike+1","Iron Wave"],"picked":"SKIP","floor":18},{"not_picked":["Blood for Blood","Sword Boomerang"],"picked":"Seeing Red","floor":22}],"player_experience":461141,"relics_obtained":[],"event_choices":[{"cards_removed":["Strike_R"],"damage_healed":0,"gold_gain":0,"player_choice":"Card Removal","damage_taken":7,"max_hp_gain":0,"max_hp_loss":0,"event_name":"Golden Wing","floor":5,"gold_loss":0},{"damage_healed":29,"gold_gain":0,"player_choice":"Banana","damage_taken":0,"max_hp_gain":0,"max_hp_loss":0,"event_name":"Big Fish","floor":10,"gold_loss":0},{"damage_healed":0,"gold_gain":0,"player_choice":"Ignored","damage_taken":0,"max_hp_gain":0,"max_hp_loss":0,"event_name":"Vampires","floor":19,"gold_loss":0},{"damage_healed":0,"gold_gain":0,"player_choice":"Ignored","damage_taken":0,"max_hp_gain":0,"max_hp_loss":0,"event_name":"Cursed Tome","floor":20,"gold_loss":0},{"damage_healed":0,"gold_gain":0,"player_choice":"Shed Blood","damage_taken":22,"max_hp_gain":5,"max_hp_loss":0,"event_name":"Forgotten Altar","floor":21,"gold_loss":0}],"is_beta":false,"boss_relics":[{"not_picked":["Empty Cage","Runic Dome","Velvet Choker"]}],"items_purged_floors":[3,13],"is_endless":false,"potions_floor_spawned":[4,16,18],"killed_by":"Snake Plant","ascension_level":0}