{"path_per_floor":["M","M","?","?","M","R","M","?","T","E","R","T","M","$","R","B",null,"M","?","?","$","T","R","E","M","T","R","E","M","R","M","R","B",null,"M","M","M","?","$","R","E","R","T","R","?","$","?","?","R","B"],"character_chosen":"DEFECT","items_purchased":["Secret Technique","White Noise","Capacitor","Mind Blast","FTL","Apotheosis","Mummified Hand"],"gold_per_floor":[113,126,126,126,143,143,163,338,392,424,424,475,491,52,52,149,149,162,197,197,25,107,107,134,147,173,173,204,216,216,236,236,340,340,357,370,382,382,182,182,207,207,256,256,256,11,11,11,11,11],"floor_reached":51,"campfire_rested":0,"playtime":7869,"current_hp_per_floor":[68,63,63,63,58,58,56,56,56,45,45,45,31,31,31,14,68,50,50,50,50,50,50,26,38,38,38,38,46,46,45,45,44,68,67,66,63,54,54,64,47,57,57,67,67,67,67,67,68,47],"items_purged":["Doubt","Strike_B"],"gold":11,"score":815,"play_id":"f6dd1051-9434-44b9-b53d-29ecca2ac205","local_time":"20180429110111","is_prod":false,"is_daily":false,"chose_seed":false,"is_ascension_mode":true,"campfire_upgraded":11,"timestamp":1525024871,"path_taken":["M","M","?","?","?","R","M","?","T","E","R","?","M","$","R","BOSS","M","?","?","?","?","R","E","M","T","R","E","M","R","M","R","BOSS","M","M","M","?","$","R","E","R","T","R","?","$","?","?","R","BOSS"],"build_version":"2018-04-27v3","seed_source_timestamp":0,"purchased_purges":2,"victory":true,"master_deck":["Defend_B+1","Zap+1","Dualcast","Chaos+1","Steam Power+1","Sunder+1","Reboot+1","Recycle+1","Secret Technique+1","White Noise+1","Capacitor","Mind Blast+1","Seek","Leap","Auto Shields+1","FTL","Hologram+1","Echo Form","Prime+1","Chill+1","Madness","Madness","Apotheosis+1","Streamline"],"max_hp_per_floor":[68,68,68,68,68,68,68,68,68,68,68,68,68,68,68,68,68,68,68,68,68,68,68,68,68,68,68,68,68,68,68,68,68,68,68,68,68,68,68,68,68,68,68,68,68,68,68,68,68,68],"relics":["Cracked Core","Tiny Chest","Ancient Tea Set","War Paint","Sozu","Red Mask","Matryoshka","Meat on the Bone","Dream Catcher","Bronze Scales","Kunai","Eternal Feather","Lantern","Juzu Bracelet","Prayer Wheel","Mummified Hand"],"card_choices":[{"not_picked":["Coolheaded","Storm"],"picked":"Chaos","floor":1.0},{"not_picked":["Go for the Eyes","Chill"],"picked":"Steam Power","floor":2.0},{"not_picked":["Barrage","Heatsinks"],"picked":"Sunder","floor":7.0},{"not_picked":["Hologram","Flux Capacitor"],"picked":"Reboot","floor":10.0},{"not_picked":["Stack","Barrage"],"picked":"Recycle","floor":13.0},{"not_picked":["Prime","Nova"],"picked":"Seek","floor":16.0},{"not_picked":["Streamline","Barrage"],"picked":"Leap","floor":18.0},{"not_picked":["Skim","Impulse"],"picked":"Auto Shields","floor":19.0},{"not_picked":["Leap","Blizzard"],"picked":"Hologram","floor":24.0},{"not_picked":["Loop","Heatsinks"],"picked":"Capacitor","floor":25.0},{"not_picked":["Hello World","Multi-Cast"],"picked":"Echo Form","floor":28.0},{"not_picked":["Seek","Biased Cognition"],"picked":"Prime","floor":33},{"not_picked":["Rebound","Barrage"],"picked":"Chill","floor":37}],"player_experience":469868,"potions_floor_usage":[],"damage_taken":[{"damage":0.0,"enemies":"Cultist","floor":1.0,"turns":4.0},{"damage":5.0,"enemies":"Small Slimes","floor":2.0,"turns":3.0},{"damage":5.0,"enemies":"2 Louse","floor":5.0,"turns":3.0},{"damage":2.0,"enemies":"Exordium Wildlife","floor":7.0,"turns":4.0},{"damage":26.0,"enemies":"Lagavulin","floor":10.0,"turns":7.0},{"damage":14.0,"enemies":"Exordium Thugs","floor":13.0,"turns":3.0},{"damage":17.0,"enemies":"The Guardian","floor":16.0,"turns":7.0},{"damage":18.0,"enemies":"Shell Parasite","floor":18.0,"turns":4.0},{"damage":0.0,"enemies":"Masked Bandits","floor":19.0,"turns":3.0},{"damage":24.0,"enemies":"Book of Stabbing","floor":24.0,"turns":4.0},{"damage":0.0,"enemies":"Chosen","floor":25.0,"turns":3.0},{"damage":0.0,"enemies":"Slavers","floor":28.0,"turns":4.0},{"damage":4.0,"enemies":"Slaver and Parasite","floor":29.0,"turns":4.0},{"damage":1.0,"enemies":"Snake Plant","floor":31.0,"turns":3.0},{"damage":13,"enemies":"Automaton","floor":33,"turns":8},{"damage":1,"enemies":"3 Shapes","floor":35,"turns":5},{"damage":1,"enemies":"Flame Bruiser 1 Orb","floor":36,"turns":4},{"damage":3,"enemies":"4 Shapes","floor":37,"turns":6},{"damage":17,"enemies":"2 Orb Walkers","floor":41,"turns":6},{"damage":21,"enemies":"Donu and Deca","floor":50,"turns":7}],"event_choices":[{"event_name":"Living Wall","player_choice":"Forget","floor":3.0,"damage_taken":0.0},{"event_name":"The Lab","player_choice":"Got Potions","floor":4.0,"damage_taken":0.0},{"event_name":"Liars Game","player_choice":"agreed","floor":8.0,"damage_taken":0.0},{"event_name":"Masked Bandits","player_choice":"Fought over 162 gold","floor":19.0,"damage_taken":0.0},{"event_name":"Back to Basics","player_choice":"Elegance","floor":20.0,"damage_taken":0.0},{"event_name":"Winding Halls","player_choice":"Embrace Madness","floor":38,"damage_taken":0},{"event_name":"Transmorgrifier","player_choice":"Transform","floor":45,"damage_taken":0},{"event_name":"Purifier","player_choice":"One Purge","floor":48,"damage_taken":0}],"boss_relics":[{"not_picked":["Black Star","Pandora\u0027s Box"],"picked":"Eternal Feather"}],"potions_floor_spawned":[5,13,16,19,24,25,33,36,41],"seed_played":"1581796903176236480","ascension_level":3,"is_trial":false}