{"gold_per_floor":[117,128,53,53,3,3,19,19,19,19,30,30,65,89,89,184,184,200,219,73,73],"floor_reached":21,"playtime":645,"items_purged":["Strike_R","Strike_R"],"score":177,"play_id":"e544bded-57a3-488e-a656-28cd071b7dec","local_time":"20190914173418","is_ascension_mode":false,"campfire_choices":[{"data":"Sword Boomerang","floor":6,"key":"SMITH"},{"data":"Flex","floor":8,"key":"SMITH"},{"data":"Bash","floor":10,"key":"SMITH"},{"floor":15,"key":"REST"}],"neow_cost":"NONE","seed_source_timestamp":2466963387198900,"circlet_count":0,"master_deck":["Strike_R","Strike_R","Strike_R","Defend_R","Defend_R","Defend_R","Defend_R","Bash+1","Sword Boomerang+1","Flex+1","Demon Form","Flex"],"relics":["Runic Pyramid"],"potions_floor_usage":[16,19],"damage_taken":[{"damage":4,"enemies":"Jaw Worm","floor":1,"turns":9},{"damage":5,"enemies":"Cultist","floor":2,"turns":4},{"damage":0,"enemies":"Small Slimes","floor":7,"turns":4},{"damage":7,"enemies":"Blue Slaver","floor":11,"turns":2},{"damage":14,"enemies":"Gremlin Nob","floor":13,"turns":3},{"damage":62,"enemies":"Hexaghost","floor":16,"turns":10},{"damage":0,"enemies":"Chosen","floor":18,"turns":4},{"damage":40,"enemies":"2 Thieves","floor":19,"turns":3},{"damage":42,"enemies":"Centurion and Healer","floor":21,"turns":4}],"seed_played":"-3485029514783067962","potions_obtained":[{"floor":1,"key":"Explosive Potion"},{"floor":11,"key":"SpeedPotion"},{"floor":16,"key":"Ancient Potion"}],"is_trial":false,"path_per_floor":["M","M","$","?","$","R","M","R","T","R","M","?","E","T","R","B",null,"M","M","$","M"],"character_chosen":"IRONCLAD","items_purchased":["Flex","Flex"],"campfire_rested":1,"item_purchase_floors":[5,20],"current_hp_per_floor":[76,71,71,71,71,71,71,71,71,71,64,64,50,50,74,12,80,80,40,40,0],"gold":73,"neow_bonus":"BOSS_RELIC","is_prod":false,"is_daily":false,"chose_seed":false,"campfire_upgraded":3,"win_rate":0,"timestamp":1568496858,"path_taken":["M","M","$","?","?","R","?","R","T","R","?","?","E","?","R","BOSS","M","M","$","M"],"build_version":"2019-07-17","purchased_purges":2,"victory":false,"max_hp_per_floor":[80,80,80,80,80,80,80,80,80,80,80,80,80,80,80,80,80,80,80,80,80],"card_choices":[{"not_picked":["Rage","Clothesline","Pommel Strike"],"picked":"SKIP","floor":1},{"not_picked":["Combust","Headbutt"],"picked":"Sword Boomerang","floor":2},{"not_picked":["Havoc","Headbutt","Pommel Strike"],"picked":"SKIP","floor":7},{"not_picked":["Twin Strike","Uppercut","Clothesline"],"picked":"SKIP","floor":11},{"not_picked":["Perfected Strike","Ghostly Armor","Fiend Fire"],"picked":"SKIP","floor":13},{"not_picked":["Barricade","Fiend Fire"],"picked":"Demon Form","floor":16},{"not_picked":["Clash","Power Through","Pummel"],"picked":"SKIP","floor":18},{"not_picked":["Havoc","Clothesline","Intimidate"],"picked":"SKIP","floor":19}],"player_experience":460488,"relics_obtained":[],"event_choices":[{"damage_healed":0,"gold_gain":0,"player_choice":"Ignored","damage_taken":0,"max_hp_gain":0,"max_hp_loss":0,"event_name":"Liars Game","floor":4,"gold_loss":0},{"damage_healed":0,"gold_gain":0,"player_choice":"Ignored","damage_taken":0,"max_hp_gain":0,"max_hp_loss":0,"event_name":"Shining Light","floor":12,"gold_loss":0}],"is_beta":false,"boss_relics":[{"not_picked":["Empty Cage","Ectoplasm","Mark of Pain"]}],"items_purged_floors":[3,20],"is_endless":false,"potions_floor_spawned":[1,11,16],"killed_by":"Centurion and Healer","ascension_level":0}