{"path_per_floor":["M","M","M","$","?","R","M","R","T","E","M","R","?","$","R","B",null,"M","M","M","$","M","E","R","?","T","R","M"],"character_chosen":"DEFECT","items_purchased":["Static Discharge+1","Self Repair+1"],"gold_per_floor":[109,126,137,137,87,87,105,105,105,131,143,143,143,1,1,97,97,113,124,141,65,77,77,77,77,77,77,88,88],"floor_reached":29,"campfire_rested":0,"playtime":570,"item_purchase_floors":[14,21],"current_hp_per_floor":[73,72,67,67,67,67,55,55,55,47,29,29,54,54,54,54,75,55,50,50,50,34,34,34,34,34,34,19,0],"items_purged":["Strike_B"],"gold":88,"score":336,"play_id":"5a42a9bf-522b-41e8-84a7-58f408418875","local_time":"20180601135252","is_prod":false,"is_daily":false,"chose_seed":false,"is_ascension_mode":true,"campfire_upgraded":6,"win_rate":0,"timestamp":1527875572,"campfire_choices":[{"data":"Zap","floor":6,"key":"SMITH"},{"data":"Defragment","floor":8,"key":"SMITH"},{"data":"Leap","floor":12,"key":"SMITH"},{"data":"Redo","floor":15,"key":"SMITH"},{"data":"Redo","floor":24,"key":"SMITH"},{"data":"Ball Lightning","floor":27,"key":"SMITH"}],"path_taken":["M","M","M","$","?","R","M","R","T","E","?","R","?","?","R","BOSS","M","M","M","$","M","E","R","?","T","R","?","M"],"build_version":"2018-05-31","seed_source_timestamp":149240523206429,"purchased_purges":1,"victory":false,"master_deck":["Strike_B","Strike_B","Defend_B","Defend_B","Defend_B","Defend_B","Zap+1","Dualcast","Electrodynamics","Redo+1","Leap+1","Defragment+1","Redo+1","Buffer+1","Ball Lightning+1","Static Discharge+1","Seek","Redo+1","Storm+1","Self Repair+1","Stack","Capacitor+1"],"max_hp_per_floor":[75,75,75,75,75,75,75,75,75,75,75,75,75,75,75,75,75,75,75,75,75,75,75,75,75,75,75,75,75],"relics":["Cracked Core","Emotion Chip","Frozen Egg 2","Runic Dome","Bottled Flame"],"card_choices":[{"not_picked":["Rip and Tear","White Noise"],"picked":"Redo","floor":1},{"not_picked":["Go for the Eyes","Reinforced Body"],"picked":"Leap","floor":2},{"not_picked":["BootSequence","Streamline"],"picked":"Defragment","floor":3},{"not_picked":["Beam Cell","Conserve Battery"],"picked":"Redo","floor":7},{"not_picked":["Turbo","White Noise"],"picked":"Buffer","floor":10},{"not_picked":["Stack","Conserve Battery"],"picked":"Ball Lightning","floor":11},{"not_picked":["Thunder Strike","Hyperbeam"],"picked":"Seek","floor":16},{"not_picked":["Aggregate","Rebound+1"],"picked":"Redo+1","floor":18},{"not_picked":["Hologram","Hello World+1"],"picked":"Storm+1","floor":19},{"not_picked":["Sunder","Go for the Eyes+1","Conserve Battery"],"picked":"SKIP","floor":20},{"not_picked":["Beam Cell+1","Blizzard"],"picked":"Stack","floor":22},{"not_picked":["Loop+1","Leap"],"picked":"Capacitor+1","floor":28}],"player_experience":538510,"potions_floor_usage":[23],"damage_taken":[{"damage":2,"enemies":"2 Louse","floor":1,"turns":2},{"damage":1,"enemies":"Cultist","floor":2,"turns":3},{"damage":5,"enemies":"Small Slimes","floor":3,"turns":3},{"damage":12,"enemies":"Blue Slaver","floor":7,"turns":3},{"damage":8,"enemies":"Lagavulin","floor":10,"turns":5},{"damage":18,"enemies":"Exordium Wildlife","floor":11,"turns":2},{"damage":0,"enemies":"Slime Boss","floor":16,"turns":6},{"damage":20,"enemies":"2 Thieves","floor":18,"turns":2},{"damage":5,"enemies":"Chosen","floor":19,"turns":3},{"damage":0,"enemies":"Sentry and Sphere","floor":20,"turns":3},{"damage":16,"enemies":"Snake Plant","floor":22,"turns":1},{"damage":0,"enemies":"Slavers","floor":23,"turns":1},{"damage":15,"enemies":"Chosen and Byrds","floor":28,"turns":4},{"damage":20,"enemies":"Centurion and Healer","floor":29,"turns":1}],"relics_obtained":[{"floor":9,"key":"Emotion Chip"},{"floor":10,"key":"Frozen Egg 2"},{"floor":26,"key":"Bottled Flame"}],"event_choices":[{"event_name":"The Cleric","player_choice":"Card Removal","floor":5,"damage_taken":0},{"event_name":"Big Fish","player_choice":"Banana","floor":13,"damage_taken":0},{"event_name":"Ghosts","player_choice":"Ignored","floor":25,"damage_taken":0}],"boss_relics":[{"not_picked":["Sozu","Philosopher\u0027s Stone"],"picked":"Runic Dome"}],"items_purged_floors":[14],"potions_floor_spawned":[1,11,16,22,23],"seed_played":"976076907035678665","killed_by":"Centurion and Healer","ascension_level":1,"potions_obtained":[{"floor":1,"key":"SpeedPotion"},{"floor":11,"key":"SmokeBomb"},{"floor":16,"key":"Regen Potion"}],"is_trial":false}