{"path_per_floor":["M","?","M","M","?","M","?","R","T","R","M","M","?","M","R"],"character_chosen":"DEFECT","items_purchased":[],"gold_per_floor":[110,110,130,147,147,161,161,161,161,161,173,185,185,195,195,195],"floor_reached":16,"campfire_rested":0,"playtime":1141,"current_hp_per_floor":[64,69,69,69,69,61,61,61,61,61,61,59,44,44,44,0],"items_purged":[],"gold":195,"score":103,"play_id":"6ed91aea-0b2a-4d82-9b90-b83b81eb8fd8","local_time":"20180428103517","is_prod":false,"is_daily":false,"chose_seed":false,"is_ascension_mode":true,"campfire_upgraded":3,"timestamp":1524936917,"path_taken":["M","?","M","M","?","M","?","R","T","R","M","?","?","?","R","BOSS"],"build_version":"2018-04-26v2","seed_source_timestamp":221777497374319,"purchased_purges":0,"victory":false,"master_deck":["Strike_B","Defend_B","Defend_B","Defend_B","Defend_B","Zap+1","Dualcast","Undo","Rebound+1","Leap","Zap+1","Aggregate","Thunder Strike","Double Energy","FTL+1","Defragment+1"],"max_hp_per_floor":[68,73,73,73,73,73,73,73,73,73,73,73,73,73,73,73],"relics":["Cracked Core","Toolbox"],"card_choices":[{"not_picked":["Go for the Eyes","Capacitor"],"picked":"Undo","floor":1},{"not_picked":["Blizzard","Reinforced Body"],"picked":"Rebound","floor":3},{"not_picked":["Go for the Eyes","Reprogram"],"picked":"Leap","floor":4},{"not_picked":["Impulse","Glacier"],"picked":"Thunder Strike","floor":6},{"not_picked":["Chill","Turbo"],"picked":"Double Energy","floor":11},{"not_picked":["Conserve Battery","Impulse"],"picked":"FTL","floor":12},{"not_picked":["FTL","Steam Power"],"picked":"Defragment","floor":14}],"player_experience":444827,"potions_floor_usage":[16],"damage_taken":[{"damage":4,"enemies":"Small Slimes","floor":1,"turns":4},{"damage":3,"enemies":"2 Louse","floor":3,"turns":3},{"damage":12,"enemies":"Jaw Worm","floor":4,"turns":3},{"damage":8,"enemies":"Red Slaver","floor":6,"turns":4},{"damage":11,"enemies":"Looter","floor":11,"turns":3},{"damage":12,"enemies":"Large Slime","floor":12,"turns":5},{"damage":5,"enemies":"Red Slaver","floor":14,"turns":3},{"damage":54,"enemies":"The Guardian","floor":16,"turns":9}],"event_choices":[{"event_name":"Big Fish","player_choice":"Donut","floor":2,"damage_taken":0},{"event_name":"Match and Keep!","player_choice":"2 cards matched","floor":5,"damage_taken":0},{"event_name":"Living Wall","player_choice":"Forget","floor":7,"damage_taken":0},{"event_name":"Shining Light","player_choice":"Entered Light","floor":13,"damage_taken":0}],"boss_relics":[],"potions_floor_spawned":[3,14],"seed_played":"-6903361305780552083","killed_by":"The Guardian","ascension_level":2,"is_trial":false}