{"gold_per_floor":[115,131,131,131,154,184,184,184,184,184,209,209,239,259,259,359,359,373,384,398,398,408,408,435,435,435,435,467,484,512,452,452,557,557,567,587,604,604,604,604,514,514,514,547,560,560,590,602,602,602],"floor_reached":50,"playtime":1391,"items_purged":["Strike_R"],"score":813,"play_id":"c0f17b23-c8b8-47f7-841f-595ab2660c14","local_time":"20181002165924","is_ascension_mode":true,"campfire_choices":[{"data":"Body Slam","floor":7,"key":"SMITH"},{"data":"Dropkick","floor":10,"key":"SMITH"},{"data":"Reckless Charge","floor":12,"key":"SMITH"},{"data":"Bash","floor":15,"key":"SMITH"},{"data":"Limit Break","floor":23,"key":"SMITH"},{"data":"Offering","floor":25,"key":"SMITH"},{"data":"Dropkick","floor":27,"key":"SMITH"},{"floor":32,"key":"REST"},{"data":"Sword Boomerang","floor":40,"key":"SMITH"},{"data":"Cleave","floor":46,"key":"SMITH"},{"floor":49,"key":"REST"}],"neow_cost":"NONE","seed_source_timestamp":633049027643549,"circlet_count":0,"master_deck":["Strike_R","Strike_R+1","Strike_R+1","Defend_R","Defend_R","Defend_R","Defend_R","Bash+1","Body Slam+1","Offering+1","Dropkick+1","Cleave+1","Reckless Charge+1","Thunderclap+1","Dropkick+1","Limit Break+1","Headbutt+1","Shrug It Off+1","Sword Boomerang+1","Pommel Strike+1","Iron Wave+1"],"relics":["Burning Blood","Happy Flower","Frozen Egg 2","Dream Catcher","Vajra","Shuriken","Cursed Key","The Courier","Red Mask","Bag of Preparation","Busted Crown","Pocketwatch","Matryoshka","Bottled Flame"],"potions_floor_usage":[11,16,30,36,50,50,50],"damage_taken":[{"damage":14,"enemies":"Small Slimes","floor":1,"turns":4},{"damage":2,"enemies":"2 Louse","floor":2,"turns":3},{"damage":36,"enemies":"Lagavulin","floor":6,"turns":5},{"damage":21,"enemies":"3 Sentries","floor":11,"turns":6},{"damage":6,"enemies":"Gremlin Nob","floor":13,"turns":2},{"damage":6,"enemies":"Jaw Worm","floor":14,"turns":1},{"damage":31,"enemies":"The Guardian","floor":16,"turns":7},{"damage":12,"enemies":"3 Byrds","floor":18,"turns":3},{"damage":7,"enemies":"2 Thieves","floor":19,"turns":2},{"damage":6,"enemies":"Snake Plant","floor":20,"turns":2},{"damage":6,"enemies":"Chosen and Byrds","floor":22,"turns":3},{"damage":20,"enemies":"Book of Stabbing","floor":24,"turns":3},{"damage":25,"enemies":"Masked Bandits","floor":28,"turns":3},{"damage":6,"enemies":"Centurion and Healer","floor":29,"turns":2},{"damage":20,"enemies":"Slavers","floor":30,"turns":4},{"damage":30,"enemies":"Automaton","floor":33,"turns":5},{"damage":6,"enemies":"Orb Walker","floor":35,"turns":1},{"damage":36,"enemies":"3 Shapes","floor":36,"turns":5},{"damage":6,"enemies":"Sphere and 2 Shapes","floor":37,"turns":2},{"damage":25,"enemies":"Mind Bloom Boss Battle","floor":38,"turns":3},{"damage":26,"enemies":"2 Orb Walkers","floor":44,"turns":2},{"damage":17,"enemies":"Jaw Worm Horde","floor":45,"turns":2},{"damage":3,"enemies":"Giant Head","floor":47,"turns":4},{"damage":29,"enemies":"Maw","floor":48,"turns":4},{"damage":85,"enemies":"Awakened One","floor":50,"turns":5}],"seed_played":"-4605645110751838728","potions_obtained":[{"floor":1,"key":"Explosive Potion"},{"floor":2,"key":"Dexterity Potion"},{"floor":13,"key":"Dexterity Potion"},{"floor":19,"key":"SpeedPotion"},{"floor":24,"key":"SpeedPotion"},{"floor":28,"key":"Fire Potion"},{"floor":30,"key":"LiquidBronze"},{"floor":36,"key":"LiquidBronze"}],"is_trial":false,"path_per_floor":["M","M","?","?","T","E","R","?","T","R","E","R","E","M","R","B",null,"M","M","M","?","M","R","E","R","T","R","?","M","E","$","R","B",null,"M","M","M","?","?","R","?","T","T","E","M","R","E","M","R"],"character_chosen":"IRONCLAD","items_purchased":[],"campfire_rested":2,"item_purchase_floors":[],"current_hp_per_floor":[72,76,58,58,58,28,28,57,57,57,42,42,42,42,42,17,70,64,63,63,88,88,88,74,74,74,74,55,55,41,41,67,43,77,77,47,47,28,77,77,77,77,77,57,46,46,49,26,49,0],"gold":602,"neow_bonus":"TEN_PERCENT_HP_BONUS","is_prod":false,"is_daily":false,"chose_seed":false,"campfire_upgraded":9,"win_rate":0,"timestamp":1538513964,"path_taken":["M","M","?","?","?","E","R","?","T","R","E","R","E","M","R","BOSS","M","M","?","?","?","R","E","R","T","R","?","M","E","?","R","BOSS","M","M","M","?","?","R","?","?","T","E","M","R","E","M","R","BOSS"],"build_version":"2018-10-01","purchased_purges":1,"victory":false,"max_hp_per_floor":[88,88,88,88,88,88,88,88,88,88,88,88,88,88,88,88,88,88,88,88,88,88,88,88,88,88,88,88,88,88,88,88,88,88,88,88,88,88,77,77,77,77,77,77,77,77,77,77,77,77],"card_choices":[{"not_picked":["Spot Weakness","Power Through","Wild Strike"],"picked":"SKIP","floor":1},{"not_picked":["Battle Trance","Blood for Blood"],"picked":"Body Slam","floor":2},{"not_picked":["Flex","Fiend Fire"],"picked":"Reckless Charge","floor":6},{"not_picked":["Power Through","Intimidate"],"picked":"Thunderclap","floor":11},{"not_picked":["Evolve+1","Clothesline","Seeing Red"],"picked":"SKIP","floor":13},{"not_picked":["Havoc","Shrug It Off"],"picked":"Dropkick","floor":14},{"not_picked":["Bludgeon","Immolate"],"picked":"Limit Break","floor":16},{"not_picked":["Flex","Twin Strike"],"picked":"Headbutt+1","floor":18},{"not_picked":["Flex+1","Thunderclap","Dual Wield+1"],"picked":"SKIP","floor":19},{"not_picked":["Anger","Flex+1"],"picked":"Shrug It Off+1","floor":20},{"not_picked":["Dual Wield+1","Anger","Entrench"],"picked":"SKIP","floor":22},{"not_picked":["Battle Trance+1","Exhume","Seeing Red"],"picked":"SKIP","floor":24},{"not_picked":["Pommel Strike","Shrug It Off"],"picked":"Sword Boomerang","floor":29},{"not_picked":["Fire Breathing+1","Rampage","Twin Strike"],"picked":"SKIP","floor":30},{"not_picked":["Uppercut","Metallicize+1"],"picked":"Pommel Strike+1","floor":32},{"not_picked":["Warcry+1"],"picked":"SKIP","floor":35},{"not_picked":["Cleave+1"],"picked":"SKIP","floor":36},{"not_picked":["Dual Wield"],"picked":"SKIP","floor":37},{"not_picked":["Armaments"],"picked":"SKIP","floor":44},{"not_picked":[],"picked":"Iron Wave+1","floor":45},{"not_picked":["Searing Blow"],"picked":"SKIP","floor":47},{"not_picked":["Armaments"],"picked":"SKIP","floor":48}],"player_experience":915569,"relics_obtained":[{"floor":5,"key":"Happy Flower"},{"floor":6,"key":"Frozen Egg 2"},{"floor":9,"key":"Dream Catcher"},{"floor":11,"key":"Vajra"},{"floor":13,"key":"Shuriken"},{"floor":24,"key":"The Courier"},{"floor":28,"key":"Red Mask"},{"floor":30,"key":"Bag of Preparation"},{"floor":38,"key":"Pocketwatch"},{"floor":44,"key":"Matryoshka"},{"floor":47,"key":"Bottled Flame"}],"event_choices":[{"event_name":"Shining Light","player_choice":"Entered Light","floor":3,"damage_taken":0},{"event_name":"Match and Keep!","player_choice":"3 cards matched","floor":4,"damage_taken":0},{"event_name":"Big Fish","player_choice":"Banana","floor":8,"damage_taken":0},{"event_name":"The Library","player_choice":"Heal","floor":21,"damage_taken":0},{"event_name":"Masked Bandits","player_choice":"Fought Bandits","floor":28,"damage_taken":0},{"event_name":"MindBloom","player_choice":"Fight","floor":38,"damage_taken":0},{"event_name":"The Moai Head","player_choice":"Heal","floor":39,"damage_taken":0},{"event_name":"Designer","player_choice":"Full Service","floor":41,"damage_taken":0}],"is_beta":true,"boss_relics":[{"not_picked":["Runic Pyramid","Pandora\u0027s Box"],"picked":"Cursed Key"},{"not_picked":["Snecko Eye","Runic Dome"],"picked":"Busted Crown"}],"items_purged_floors":[31],"is_endless":false,"potions_floor_spawned":[1,2,13,19,24,28,30,36,38,45],"killed_by":"Awakened One","ascension_level":8}