{"gold_per_floor":[112,132,56,206,206,206,232,232,232,243,243,272,332,350,350,425,425,442,259,509,570,620,620,646,646,646,646,586,586,602,622,622,696,696,707,721,771,841,871,871,883,685,685,735,721,741,791,801,801,801],"floor_reached":51,"playtime":1517,"items_purged":["Strike_G"],"score":1368,"play_id":"0194a897-226c-4bb7-9c99-b44f082aaa3b","local_time":"20190917224532","is_ascension_mode":true,"campfire_choices":[{"data":"Neutralize","floor":6.0,"key":"SMITH"},{"data":"Footwork","floor":11.0,"key":"SMITH"},{"data":"Noxious Fumes","floor":15.0,"key":"SMITH"},{"floor":23.0,"key":"REST"},{"data":"Caltrops","floor":25.0,"key":"SMITH"},{"data":"Burst","floor":27.0,"key":"SMITH"},{"data":"Noxious Fumes","floor":29.0,"key":"SMITH"},{"data":"Footwork","floor":32.0,"key":"SMITH"},{"floor":40,"key":"REST"},{"floor":49,"key":"REST"}],"neow_cost":"NONE","seed_source_timestamp":290952225412100,"circlet_count":0,"master_deck":["AscendersBane","Strike_G","Strike_G","Strike_G","Defend_G+1","Defend_G+1","Defend_G","Defend_G","Defend_G","Survivor","Neutralize+1","Dagger Spray+1","Heel Hook","Noxious Fumes+1","Noxious Fumes+1","Footwork+1","Crippling Poison","Caltrops+1","Burst+1","Sucker Punch","Leg Sweep","Riddle With Holes+1","Footwork+1","Envenom","Deflect+1","Venomology","Deflect"],"special_seed":0,"relics":["Ring of the Serpent","NeowsBlessing","FossilizedHelix","SsserpentHead","Akabeko","War Paint","Velvet Choker","Membership Card","Pen Nib","Meat on the Bone","Paper Crane","Oddly Smooth Stone","Letter Opener"],"potions_floor_usage":[],"damage_taken":[{"damage":0.0,"enemies":"Cultist","floor":1.0,"turns":1.0},{"damage":0.0,"enemies":"Small Slimes","floor":2.0,"turns":1.0},{"damage":0.0,"enemies":"Lagavulin","floor":7.0,"turns":1.0},{"damage":0.0,"enemies":"2 Louse","floor":10.0,"turns":2.0},{"damage":4.0,"enemies":"3 Sentries","floor":12.0,"turns":5.0},{"damage":0.0,"enemies":"Red Slaver","floor":13.0,"turns":4.0},{"damage":0.0,"enemies":"Looter","floor":14.0,"turns":4.0},{"damage":4.0,"enemies":"The Guardian","floor":16.0,"turns":10.0},{"damage":10.0,"enemies":"3 Byrds","floor":18.0,"turns":3.0},{"damage":4.0,"enemies":"Chosen","floor":21.0,"turns":5.0},{"damage":7.0,"enemies":"Slavers","floor":24.0,"turns":5.0},{"damage":10.0,"enemies":"Shelled Parasite and Fungi","floor":30.0,"turns":5.0},{"damage":6.0,"enemies":"3 Cultists","floor":31.0,"turns":3.0},{"damage":32.0,"enemies":"Collector","floor":33.0,"turns":8.0},{"damage":0.0,"enemies":"3 Darklings","floor":35.0,"turns":2.0},{"damage":0.0,"enemies":"3 Shapes","floor":36.0,"turns":5.0},{"damage":34,"enemies":"3 Darklings","floor":38,"turns":4},{"damage":18,"enemies":"4 Shapes","floor":41,"turns":3},{"damage":5,"enemies":"Sphere and 2 Shapes","floor":46,"turns":7},{"damage":25,"enemies":"Spire Growth","floor":48,"turns":7},{"damage":26,"enemies":"Time Eater","floor":50,"turns":16}],"seed_played":"-2286895225278149878","potions_obtained":[{"floor":7.0,"key":"GamblersBrew"},{"floor":10.0,"key":"GhostInAJar"},{"floor":18.0,"key":"Block Potion"},{"floor":24.0,"key":"EssenceOfSteel"},{"floor":30.0,"key":"SkillPotion"}],"is_trial":false,"path_per_floor":["M","M","$","?","?","R","E","?","T","M","R","E","M","M","R","B",null,"M","$","?","M","T","R","E","R","T","R","?","R","M","M","R","B",null,"M","M","?","M","?","R","M","$","T","?","$","M","?","M","R","B",null],"character_chosen":"THE_SILENT","items_purchased":["Noxious Fumes","Membership Card","Leg Sweep","Venomology","Oddly Smooth Stone","GhostInAJar","Deflect"],"campfire_rested":3,"item_purchase_floors":[3,19,19,42,42,42,45],"current_hp_per_floor":[59,59,59,59,59,59,59,59,59,59,59,55,55,55,55,51,62,52,52,52,48,48,66,59,59,59,59,59,59,49,43,43,23,55,55,55,55,33,33,52,34,34,34,34,34,41,41,28,47,33],"gold":801,"neow_bonus":"THREE_ENEMY_KILL","is_prod":false,"is_daily":false,"chose_seed":false,"campfire_upgraded":7,"win_rate":0,"timestamp":1568778332,"path_taken":["M","M","?","?","?","R","E","?","T","M","R","E","?","M","R","BOSS","M","$","?","?","?","R","E","R","T","R","?","R","M","M","R","BOSS","M","M","?","?","?","R","M","?","T","?","$","M","?","M","R","BOSS"],"build_version":"2019-09-17","purchased_purges":1,"victory":true,"max_hp_per_floor":[66,66,66,66,66,66,66,66,66,66,66,66,66,66,66,66,66,66,66,66,66,66,66,66,66,66,66,66,66,66,66,66,66,66,66,66,66,66,66,66,66,66,66,66,66,66,66,66,66,66],"card_choices":[{"not_picked":["Flying Knee","Bane"],"picked":"Dagger Spray","floor":1.0},{"not_picked":["PiercingWail","Dodge and Roll"],"picked":"Heel Hook","floor":2.0},{"not_picked":["Sucker Punch","Finisher"],"picked":"Noxious Fumes","floor":7.0},{"not_picked":["Prepared","Noxious Fumes"],"picked":"Footwork","floor":10.0},{"not_picked":["Slice","PiercingWail"],"picked":"Crippling Poison","floor":12.0},{"not_picked":["Outmaneuver","Quick Slash"],"picked":"Caltrops","floor":13.0},{"not_picked":["Acrobatics","Poisoned Stab","Expertise"],"picked":"SKIP","floor":14.0},{"not_picked":["Storm of Steel","Wraith Form v2"],"picked":"Burst","floor":16.0},{"not_picked":["Masterful Stab","Acrobatics"],"picked":"Sucker Punch","floor":18.0},{"not_picked":["Cloak And Dagger","Flying Knee"],"picked":"Riddle With Holes+1","floor":21.0},{"not_picked":["Caltrops+1","Deadly Poison","Crippling Poison"],"picked":"SKIP","floor":24.0},{"not_picked":["Crippling Poison","Dagger Spray","Slice"],"picked":"SKIP","floor":30.0},{"not_picked":["Blade Dance","Quick Slash"],"picked":"Footwork","floor":31.0},{"not_picked":["Malaise","Tools of the Trade"],"picked":"Envenom","floor":33.0},{"not_picked":["Prepared","Outmaneuver","Predator"],"picked":"SKIP","floor":35.0},{"not_picked":["Slice","Sucker Punch"],"picked":"Deflect+1","floor":36.0},{"not_picked":["Footwork","Accuracy"],"picked":"Prepared+1","floor":38},{"not_picked":["Blade Dance","Poisoned Stab+1","Footwork"],"picked":"SKIP","floor":41},{"not_picked":["Outmaneuver","Bane","PiercingWail"],"picked":"SKIP","floor":46},{"not_picked":["Choke","Setup","Doppelganger"],"picked":"SKIP","floor":48}],"player_experience":1378279,"relics_obtained":[{"floor":7.0,"key":"FossilizedHelix"},{"floor":9.0,"key":"Akabeko"},{"floor":12.0,"key":"War Paint"},{"floor":22.0,"key":"Pen Nib"},{"floor":24.0,"key":"Meat on the Bone"},{"floor":26.0,"key":"Paper Crane"},{"floor":43,"key":"Letter Opener"}],"event_choices":[{"damage_healed":0.0,"max_hp_gain":0.0,"max_hp_loss":0.0,"gold_gain":150.0,"event_name":"Liars Game","player_choice":"AGREE","floor":4.0,"gold_loss":0.0,"damage_taken":0.0,"cards_obtained":["Doubt"]},{"cards_removed":["Doubt"],"damage_healed":0.0,"max_hp_gain":0.0,"max_hp_loss":0.0,"gold_gain":0.0,"event_name":"Living Wall","player_choice":"Forget","floor":5.0,"gold_loss":0.0,"damage_taken":0.0},{"damage_healed":0.0,"max_hp_gain":0.0,"max_hp_loss":0.0,"gold_gain":0.0,"event_name":"FaceTrader","player_choice":"Trade","floor":8.0,"gold_loss":0.0,"damage_taken":0.0,"relics_obtained":["SsserpentHead"]},{"damage_healed":0.0,"max_hp_gain":0.0,"max_hp_loss":0.0,"gold_gain":250.0,"event_name":"The Joust","player_choice":"Bet on Owner","floor":20.0,"gold_loss":50.0,"damage_taken":0.0},{"cards_removed":["Strike_G"],"damage_healed":0.0,"max_hp_gain":0.0,"max_hp_loss":0.0,"gold_gain":0.0,"event_name":"Designer","player_choice":"Upgrade and Remove","floor":28.0,"gold_loss":110.0,"damage_taken":0.0,"cards_upgraded":["Dagger Spray"]},{"damage_healed":0.0,"max_hp_gain":0.0,"max_hp_loss":0.0,"gold_gain":0.0,"event_name":"SecretPortal","player_choice":"Ignored","floor":37.0,"gold_loss":0.0,"damage_taken":0.0},{"damage_healed":0,"gold_gain":0,"player_choice":"Bought 1 Potion","damage_taken":0,"max_hp_gain":0,"max_hp_loss":0,"event_name":"The Woman in Blue","floor":39,"gold_loss":0},{"cards_removed":["Prepared"],"damage_healed":0,"gold_gain":0,"player_choice":"Removed Skill","damage_taken":0,"max_hp_gain":0,"max_hp_loss":0,"event_name":"Falling","floor":44,"gold_loss":0},{"damage_healed":0,"gold_gain":0,"player_choice":"Memory 1","damage_taken":0,"max_hp_gain":0,"max_hp_loss":0,"event_name":"SensoryStone","floor":47,"gold_loss":0}],"is_beta":true,"boss_relics":[{"not_picked":["Black Star","Busted Crown"],"picked":"Velvet Choker"},{"not_picked":["HoveringKite","Philosopher\u0027s Stone"],"picked":"Ring of the Serpent"}],"items_purged_floors":[42],"is_endless":false,"potions_floor_spawned":[7,10,13,18,24,30,33,36,48],"ascension_level":19}