{"gold_per_floor":[119,84,104,84,102,102,67,67,67,82,108,108,126,126,126,224,224,241,241,241,255,355,355,375,375,375,410,410,410,410,77,77,174,174,194,194,35,45,59,78,97,110,133,133,133,143,168,168],"floor_reached":48,"playtime":3156,"items_purged":[],"score":555,"play_id":"ea749f3f-2c3e-4dfc-a3d4-72099edcfd13","local_time":"20190916225005","is_ascension_mode":false,"campfire_choices":[{"data":"Armaments","floor":6,"key":"SMITH"},{"data":"Inflame","floor":8,"key":"SMITH"},{"data":"Inflame","floor":15,"key":"SMITH"},{"floor":23,"key":"REST"},{"floor":25,"key":"REST"},{"data":"Flame Barrier","floor":28,"key":"SMITH"},{"data":"Juggernaut","floor":30,"key":"SMITH"},{"data":"Anger","floor":32,"key":"SMITH"}],"neow_cost":"NONE","seed_source_timestamp":260562415604300,"circlet_count":0,"master_deck":["Strike_R","Strike_R","Strike_R","Strike_R","Strike_R","Defend_R","Defend_R+1","Defend_R+1","Bash+1","Armaments+1","Inflame+1","Perfected Strike","Flame Barrier+1","Inflame+1","Body Slam","Perfected Strike+1","Juggernaut+1","Anger+1","Iron Wave","Heavy Blade","Whirlwind+1","Barricade+1","Thunderclap+1","Whirlwind","Bandage Up","Anger+1","Anger","Pommel Strike+1","Panache+1","Purity"],"relics":["Burning Blood","Bag of Preparation","Darkstone Periapt","Pear","Velvet Choker","Unceasing Top","Question Card","Whetstone","Dodecahedron","Frozen Egg 2","Chemical X","War Paint","Empty Cage","Anchor","PreservedInsect","GremlinMask","Bottled Tornado"],"potions_floor_usage":[11,11,16,21,22,22,24,24,27,41,46,47,48],"damage_taken":[{"damage":5,"enemies":"Cultist","floor":1,"turns":4},{"damage":7,"enemies":"Jaw Worm","floor":3,"turns":5},{"damage":0,"enemies":"Small Slimes","floor":5,"turns":3},{"damage":7,"enemies":"Blue Slaver","floor":10,"turns":5},{"damage":0,"enemies":"Gremlin Nob","floor":11,"turns":3},{"damage":15,"enemies":"Looter","floor":13,"turns":3},{"damage":37,"enemies":"Slime Boss","floor":16,"turns":14},{"damage":10,"enemies":"Shell Parasite","floor":18,"turns":4},{"damage":38,"enemies":"2 Thieves","floor":21,"turns":4},{"damage":22,"enemies":"Colosseum Slavers","floor":22,"turns":4},{"damage":16,"enemies":"Colosseum Nobs","floor":22,"turns":5},{"damage":12,"enemies":"Centurion and Healer","floor":24,"turns":4},{"damage":16,"enemies":"Gremlin Leader","floor":27,"turns":6},{"damage":72,"enemies":"Champ","floor":33,"turns":10},{"damage":25,"enemies":"3 Darklings","floor":35,"turns":4},{"damage":0,"enemies":"Orb Walker","floor":38,"turns":3},{"damage":13,"enemies":"4 Shapes","floor":39,"turns":2},{"damage":7,"enemies":"Transient","floor":40,"turns":5},{"damage":40,"enemies":"Spire Growth","floor":41,"turns":4},{"damage":3,"enemies":"4 Shapes","floor":42,"turns":2},{"damage":58,"enemies":"Writhing Mass","floor":46,"turns":4},{"damage":14,"enemies":"Reptomancer","floor":47,"turns":3},{"damage":26,"enemies":"Sphere and 2 Shapes","floor":48,"turns":3}],"seed_played":"890516267016202759","potions_obtained":[{"floor":1,"key":"SkillPotion"},{"floor":4,"key":"Weak Potion"},{"floor":10,"key":"BloodPotion"},{"floor":11,"key":"Block Potion"},{"floor":13,"key":"GamblersBrew"},{"floor":20,"key":"Block Potion"},{"floor":20,"key":"Weak Potion"},{"floor":21,"key":"Energy Potion"},{"floor":22,"key":"Block Potion"},{"floor":24,"key":"LiquidBronze"},{"floor":33,"key":"SpeedPotion"},{"floor":38,"key":"LiquidBronze"},{"floor":39,"key":"Regen Potion"},{"floor":42,"key":"Swift Potion"},{"floor":46,"key":"Block Potion"}],"is_trial":false,"path_per_floor":["M","$","M","?","M","R","$","R","T","M","E","T","M","?","R","B",null,"M","?","?","M","?","R","M","R","T","E","R","?","R","$","R","B",null,"M","?","$","M","M","M","M","M","T","?","?","M","E","M"],"character_chosen":"IRONCLAD","items_purchased":["Inflame","Inflame","Chemical X","War Paint","Whirlwind","Bandage Up"],"campfire_rested":2,"item_purchase_floors":[2,7,31,31,37,37],"current_hp_per_floor":[88,88,87,87,88,88,88,88,88,87,88,98,89,89,89,58,98,94,74,74,52,26,56,50,80,80,70,70,76,76,76,76,10,109,90,90,90,100,93,98,80,83,83,78,78,26,18,0],"gold":168,"neow_bonus":"TEN_PERCENT_HP_BONUS","is_prod":false,"is_daily":false,"chose_seed":false,"campfire_upgraded":6,"win_rate":0.0,"timestamp":1568695805,"path_taken":["M","$","?","?","?","R","?","R","T","M","E","?","?","?","R","BOSS","M","?","?","?","?","R","M","R","T","E","R","?","R","$","R","BOSS","M","?","$","M","?","M","M","M","T","?","?","M","E","M"],"build_version":"2019-01-23","purchased_purges":0,"victory":false,"max_hp_per_floor":[88,88,88,88,88,88,88,88,88,88,88,98,98,98,98,98,98,98,103,103,103,103,103,103,103,103,103,103,109,109,109,109,109,109,109,109,109,109,109,109,109,109,109,109,109,109,109,109],"card_choices":[{"not_picked":["Power Through","Inflame"],"picked":"Armaments","floor":1},{"not_picked":["Body Slam","Reckless Charge"],"picked":"Perfected Strike","floor":3},{"not_picked":["Body Slam","Warcry"],"picked":"Flame Barrier","floor":5},{"not_picked":["Corruption","Burning Pact"],"picked":"Body Slam","floor":10},{"not_picked":["Iron Wave","Flex"],"picked":"Perfected Strike","floor":11},{"not_picked":["Shockwave","Burning Pact","Armaments"],"picked":"SKIP","floor":13},{"not_picked":["Reaper","Feed"],"picked":"Juggernaut","floor":16},{"not_picked":["Disarm","Reckless Charge+1","Searing Blow"],"picked":"SKIP","floor":18},{"not_picked":["Pommel Strike","Heavy Blade"],"picked":"Anger","floor":21},{"not_picked":["Fire Breathing","Warcry+1"],"picked":"Iron Wave","floor":22},{"not_picked":["Searing Blow","Headbutt","Twin Strike"],"picked":"Heavy Blade","floor":24},{"not_picked":["Offering","Armaments","Clothesline"],"picked":"Whirlwind+1","floor":27},{"not_picked":["Impervious","Feed","Fiend Fire"],"picked":"Barricade+1","floor":33},{"not_picked":["True Grit","Body Slam","Rage+1"],"picked":"Thunderclap+1","floor":35},{"not_picked":["Twin Strike+1","Clothesline+1","Battle Trance+1","Headbutt"],"picked":"SKIP","floor":38},{"not_picked":["Intimidate+1","Heavy Blade","Reckless Charge+1"],"picked":"Anger+1","floor":39},{"not_picked":["Rupture+1","Body Slam+1","Dark Embrace+1"],"picked":"Anger","floor":40},{"not_picked":["Warcry","Clash+1","Armaments"],"picked":"Pommel Strike+1","floor":41},{"not_picked":["Dropkick+1","Flame Barrier","Fire Breathing+1","Body Slam+1"],"picked":"SKIP","floor":42},{"not_picked":["Impatience","Discovery","Magnetism+1"],"picked":"Panache+1","floor":44},{"not_picked":["Discovery","Trip","Mind Blast"],"picked":"Purity","floor":44},{"not_picked":["Shrug It Off","Entrench+1","Thunderclap","Reckless Charge"],"picked":"SKIP","floor":46},{"not_picked":["Spot Weakness","Dual Wield+1","Shrug It Off","Double Tap"],"picked":"SKIP","floor":47}],"player_experience":3861,"relics_obtained":[{"floor":9,"key":"Bag of Preparation"},{"floor":11,"key":"Darkstone Periapt"},{"floor":12,"key":"Pear"},{"floor":22,"key":"Unceasing Top"},{"floor":22,"key":"Question Card"},{"floor":26,"key":"Whetstone"},{"floor":27,"key":"Dodecahedron"},{"floor":36,"key":"Anchor"},{"floor":43,"key":"PreservedInsect"},{"floor":47,"key":"Bottled Tornado"}],"event_choices":[{"damage_healed":0,"gold_gain":0,"player_choice":"Bought 1 Potion","damage_taken":0,"max_hp_gain":0,"max_hp_loss":0,"event_name":"The Woman in Blue","floor":4,"gold_loss":0},{"damage_healed":0,"gold_gain":0,"player_choice":"Ignored","damage_taken":0,"max_hp_gain":0,"max_hp_loss":0,"event_name":"Golden Wing","floor":14,"gold_loss":0},{"damage_healed":0,"gold_gain":0,"player_choice":"Shed Blood","damage_taken":25,"max_hp_gain":5,"max_hp_loss":0,"event_name":"Forgotten Altar","floor":19,"gold_loss":0},{"damage_healed":0,"gold_gain":0,"player_choice":"Got Potions","damage_taken":0,"max_hp_gain":0,"max_hp_loss":0,"event_name":"Lab","floor":20,"gold_loss":0},{"damage_healed":0,"gold_gain":0,"player_choice":"Fight","damage_taken":0,"max_hp_gain":0,"max_hp_loss":0,"event_name":"Colosseum","floor":22,"gold_loss":0},{"damage_healed":0,"gold_gain":0,"player_choice":"Fought Nobs","damage_taken":0,"max_hp_gain":0,"max_hp_loss":0,"event_name":"Colosseum","floor":22,"gold_loss":0},{"damage_healed":0,"gold_gain":0,"player_choice":"Opened","damage_taken":0,"relics_obtained":["Frozen Egg 2"],"max_hp_gain":0,"max_hp_loss":0,"event_name":"The Mausoleum","floor":29,"gold_loss":0,"cards_obtained":["Writhe"]},{"damage_healed":0,"gold_gain":0,"player_choice":"Relic","damage_taken":0,"max_hp_gain":0,"max_hp_loss":0,"event_name":"Wheel of Change","floor":36,"gold_loss":0},{"damage_healed":0,"gold_gain":0,"player_choice":"Memory 2","damage_taken":5,"max_hp_gain":0,"max_hp_loss":0,"event_name":"SensoryStone","floor":44,"gold_loss":0},{"damage_healed":0,"gold_gain":0,"player_choice":"Trade","damage_taken":0,"relics_obtained":["GremlinMask"],"max_hp_gain":0,"max_hp_loss":0,"event_name":"FaceTrader","floor":45,"gold_loss":0}],"is_beta":false,"boss_relics":[{"not_picked":["Runic Cube","Snecko Eye"],"picked":"Velvet Choker"},{"not_picked":["Coffee Dripper","White Beast Statue"],"picked":"Empty Cage"}],"items_purged_floors":[],"is_endless":false,"potions_floor_spawned":[1,10,11,13,21,22,22,24,33,38,39,42,46],"killed_by":"Sphere and 2 Shapes","ascension_level":0}