{"gold_per_floor":[111,111,130,140,140,140,9,9,91,41,52,67,67,67,67,170,170,180,191,191,70,84,84,115,128,154,176,188,200,225,256,268,384,396,425,447,459,485,497,509,532,544,556,568,594,606,207,227,227,227],"floor_reached":50,"playtime":6563,"items_purged":["Parasite"],"score":531,"play_id":"08c1a5bd-caa1-4db1-b098-379722fa48ec","local_time":"20190904233159","is_ascension_mode":false,"campfire_choices":[{"data":"Bash","floor":6,"key":"SMITH"},{"data":"Mind Blast","floor":8,"key":"SMITH"},{"data":"Body Slam","floor":15,"key":"SMITH"},{"data":"Barricade","floor":23,"key":"SMITH"},{"floor":28,"key":"REST"},{"floor":32,"key":"REST"},{"floor":40,"key":"REST"},{"data":"Entrench","floor":42,"key":"SMITH"},{"floor":46,"key":"REST"},{"data":"Armaments","floor":49,"key":"SMITH"}],"neow_cost":"NONE","seed_source_timestamp":387101211844000,"circlet_count":0,"master_deck":["Strike_R","Strike_R","Strike_R","Strike_R","Defend_R","Defend_R","Defend_R+1","Defend_R+1","Bash+1","Armaments+1","Iron Wave","Battle Trance","Combust","Mind Blast+1","Perfected Strike","Cleave","Body Slam+1","Barricade+1","Headbutt+1","Carnage+1","Uppercut","Inflame","Shrug It Off+1","Pommel Strike","Entrench+1","Searing Blow","Rampage","Warcry","Double Tap","True Grit+1","Twin Strike+1","Perfected Strike+1","Impervious","Cleave+1","Secret Technique","Impervious"],"relics":["Black Blood","Mummified Hand","FaceOfCleric","Sozu","Nunchaku","Ornamental Fan","MawBank","Self Forming Clay","PreservedInsect"],"potions_floor_usage":[16,50],"damage_taken":[{"damage":10,"enemies":"Small Slimes","floor":1,"turns":5},{"damage":3,"enemies":"2 Louse","floor":3,"turns":3},{"damage":0,"enemies":"Cultist","floor":4,"turns":5},{"damage":6,"enemies":"2 Fungi Beasts","floor":11,"turns":3},{"damage":2,"enemies":"Exordium Thugs","floor":12,"turns":4},{"damage":76,"enemies":"The Guardian","floor":16,"turns":11},{"damage":20,"enemies":"2 Thieves","floor":18,"turns":4},{"damage":2,"enemies":"Chosen","floor":19,"turns":3},{"damage":27,"enemies":"Centurion and Healer","floor":22,"turns":6},{"damage":35,"enemies":"Slavers","floor":24,"turns":6},{"damage":8,"enemies":"Snake Plant","floor":25,"turns":3},{"damage":11,"enemies":"Chosen and Byrds","floor":27,"turns":8},{"damage":24,"enemies":"Snecko","floor":30,"turns":5},{"damage":5,"enemies":"3 Cultists","floor":31,"turns":4},{"damage":16,"enemies":"Champ","floor":33,"turns":8},{"damage":42,"enemies":"3 Darklings","floor":35,"turns":7},{"damage":18,"enemies":"3 Shapes","floor":36,"turns":3},{"damage":0,"enemies":"Transient","floor":38,"turns":5},{"damage":10,"enemies":"Sphere and 2 Shapes","floor":41,"turns":3},{"damage":50,"enemies":"Writhing Mass","floor":45,"turns":7},{"damage":0,"enemies":"Maw","floor":48,"turns":10},{"damage":111,"enemies":"Awakened One","floor":50,"turns":19}],"seed_played":"-8165726553699390897","potions_obtained":[{"floor":3,"key":"SpeedPotion"},{"floor":4,"key":"GamblersBrew"},{"floor":16,"key":"GamblersBrew"}],"is_trial":false,"path_per_floor":["M","?","M","M","?","R","$","R","T","$","M","M","?","?","R","B",null,"M","M","?","$","M","R","E","M","T","M","R","$","M","M","R","B",null,"M","M","?","M","$","R","M","R","T","?","M","R","$","M","R","B"],"character_chosen":"IRONCLAD","items_purchased":["Combust","Mind Blast","Perfected Strike","Uppercut","Inflame","Secret Technique","PreservedInsect"],"campfire_rested":4,"item_purchase_floors":[7,7,10,21,21,47,47],"current_hp_per_floor":[84,66,69,75,75,75,75,75,75,75,75,79,79,79,79,10,89,76,81,81,81,61,61,33,32,32,28,56,56,39,41,70,61,98,67,60,60,71,71,101,102,102,102,102,63,93,93,101,101,0],"gold":227,"neow_bonus":"TEN_PERCENT_HP_BONUS","is_prod":false,"is_daily":false,"chose_seed":false,"campfire_upgraded":6,"win_rate":0.0,"timestamp":1567632719,"path_taken":["M","?","M","M","?","R","$","R","T","$","M","M","?","?","R","BOSS","M","?","?","?","?","R","E","M","T","M","R","$","?","M","R","BOSS","M","M","?","M","$","R","M","R","T","?","M","R","$","M","R","BOSS"],"build_version":"2019-07-17","purchased_purges":1,"victory":false,"max_hp_per_floor":[88,88,88,88,88,88,88,88,88,88,88,88,88,88,88,89,89,90,91,91,91,92,92,93,94,94,95,95,95,96,97,97,98,98,99,100,100,101,101,101,102,102,102,102,103,103,100,101,101,101],"card_choices":[{"not_picked":["Anger","Warcry"],"picked":"Armaments","floor":1},{"not_picked":["Clothesline","Anger"],"picked":"Iron Wave","floor":3},{"not_picked":["Flex","Bloodletting"],"picked":"Battle Trance","floor":4},{"not_picked":["Perfected Strike","Juggernaut"],"picked":"Cleave","floor":11},{"not_picked":["Armaments","Twin Strike"],"picked":"Body Slam","floor":12},{"not_picked":["Reaper","Dark Embrace"],"picked":"Barricade","floor":16},{"not_picked":["Clothesline","Anger"],"picked":"Headbutt+1","floor":18},{"not_picked":["Reckless Charge","Iron Wave"],"picked":"Carnage+1","floor":19},{"not_picked":["Headbutt","Pommel Strike"],"picked":"Shrug It Off+1","floor":22},{"not_picked":["Thunderclap","Sword Boomerang"],"picked":"Pommel Strike","floor":24},{"not_picked":["True Grit","Twin Strike"],"picked":"Entrench","floor":25},{"not_picked":["Fire Breathing+1","Cleave"],"picked":"Searing Blow","floor":27},{"not_picked":["Dual Wield","Carnage"],"picked":"Rampage","floor":30},{"not_picked":["Hemokinesis","Body Slam"],"picked":"Warcry","floor":31},{"not_picked":["Barricade","Offering"],"picked":"Double Tap","floor":33},{"not_picked":["Carnage","Rampage"],"picked":"True Grit+1","floor":35},{"not_picked":["Warcry","Headbutt"],"picked":"Twin Strike+1","floor":36},{"not_picked":["True Grit","Fire Breathing"],"picked":"Perfected Strike+1","floor":38},{"not_picked":["Perfected Strike+1","Burning Pact+1"],"picked":"Impervious","floor":41},{"not_picked":["Sword Boomerang","Headbutt+1"],"picked":"Cleave+1","floor":45},{"not_picked":["Flex","Clash"],"picked":"Impervious","floor":48}],"player_experience":571,"relics_obtained":[{"floor":9,"key":"Mummified Hand"},{"floor":24,"key":"Ornamental Fan"},{"floor":26,"key":"MawBank"},{"floor":43,"key":"Self Forming Clay"}],"event_choices":[{"damage_healed":0,"gold_gain":0,"player_choice":"Entered Light","damage_taken":18,"max_hp_gain":0,"max_hp_loss":0,"event_name":"Shining Light","floor":2,"gold_loss":0,"cards_upgraded":["Defend_R","Defend_R"]},{"damage_healed":0,"gold_gain":0,"player_choice":"Ignored","damage_taken":0,"max_hp_gain":0,"max_hp_loss":0,"event_name":"Liars Game","floor":5,"gold_loss":0},{"damage_healed":0,"gold_gain":0,"player_choice":"Ignored","damage_taken":0,"max_hp_gain":0,"max_hp_loss":0,"event_name":"Golden Idol","floor":13,"gold_loss":0},{"damage_healed":0,"gold_gain":0,"player_choice":"Trade","damage_taken":0,"relics_obtained":["FaceOfCleric"],"max_hp_gain":0,"max_hp_loss":0,"event_name":"FaceTrader","floor":14,"gold_loss":0},{"damage_healed":0,"gold_gain":0,"player_choice":"Gave Potion","damage_taken":0,"relics_obtained":["Nunchaku"],"max_hp_gain":0,"max_hp_loss":0,"event_name":"WeMeetAgain","floor":20,"gold_loss":0},{"damage_healed":0,"gold_gain":0,"player_choice":"Ignored","damage_taken":0,"max_hp_gain":0,"max_hp_loss":0,"event_name":"Tomb of Lord Red Mask","floor":37,"gold_loss":0},{"cards_removed":["Strike_R"],"damage_healed":0,"gold_gain":0,"player_choice":"Offered Basic","damage_taken":0,"max_hp_gain":0,"max_hp_loss":0,"event_name":"Bonfire Elementals","floor":44,"gold_loss":0}],"is_beta":false,"boss_relics":[{"not_picked":["Empty Cage","Ectoplasm"],"picked":"Sozu"},{"not_picked":["White Beast Statue","Calling Bell"],"picked":"Black Blood"}],"items_purged_floors":[47],"is_endless":false,"potions_floor_spawned":[3,4,16,18,24,30,35,41,45],"killed_by":"Awakened One","ascension_level":0}