{"gold_per_floor":[99,99,99,99,24,24,24,24,24,24,0,0,0,0,0,0,0,0,0,0,0,0,0],"floor_reached":23,"playtime":812,"items_purged":[],"score":263,"play_id":"e573c823-3d48-4018-8b0d-20a85ebb8f0c","local_time":"20181018231024","is_ascension_mode":true,"campfire_choices":[{"floor":12,"key":"REST"},{"floor":15,"key":"REST"}],"neow_cost":"NONE","seed_source_timestamp":978389239881961,"circlet_count":0,"master_deck":["Defend_G","Defend_G","Defend_G","Defend_G","Defend_G","Strike_G","Strike_G","Strike_G","Strike_G","Strike_G","Survivor","Neutralize+1","Blade Dance","Acrobatics","Finisher","Accuracy","Bane","Blade Dance","Underhanded Strike","Masterful Stab","Corpse Explosion","Catalyst+1","Accuracy","Decay"],"relics":["Ectoplasm","Ornamental Fan","Smiling Mask","Blue Candle","Pantograph","Eternal Feather"],"potions_floor_usage":[6,7,16,21,23],"damage_taken":[{"damage":5,"enemies":"Cultist","floor":1,"turns":5},{"damage":4,"enemies":"Jaw Worm","floor":2,"turns":4},{"damage":0,"enemies":"Small Slimes","floor":4,"turns":4},{"damage":4,"enemies":"Gremlin Nob","floor":6,"turns":5},{"damage":36,"enemies":"Gremlin Nob","floor":7,"turns":6},{"damage":4,"enemies":"Red Slaver","floor":10,"turns":4},{"damage":2,"enemies":"Looter","floor":11,"turns":3},{"damage":9,"enemies":"Blue Slaver","floor":13,"turns":2},{"damage":0,"enemies":"Large Slime","floor":14,"turns":5},{"damage":35,"enemies":"The Guardian","floor":16,"turns":13},{"damage":24,"enemies":"2 Thieves","floor":18,"turns":4},{"damage":8,"enemies":"Chosen","floor":20,"turns":4},{"damage":27,"enemies":"Snecko","floor":21,"turns":5},{"damage":1,"enemies":"Slavers","floor":23,"turns":2}],"seed_played":"1881084497059016606","potions_obtained":[{"floor":2,"key":"PowerPotion"},{"floor":6,"key":"Weak Potion"},{"floor":11,"key":"FearPotion"},{"floor":14,"key":"FearPotion"},{"floor":16,"key":"GhostInAJar"},{"floor":18,"key":"AttackPotion"}],"is_trial":false,"path_per_floor":["M","M","?","M","$","E","?","T","T","M","M","R","M","M","R","B",null,"M","?","M","M","?"],"character_chosen":"THE_SILENT","items_purchased":["Accuracy"],"campfire_rested":2,"item_purchase_floors":[5],"current_hp_per_floor":[58,54,54,54,54,50,14,14,14,10,8,29,20,20,41,31,60,36,36,28,1,1,0],"gold":0,"neow_bonus":"BOSS_RELIC","is_prod":false,"is_daily":false,"chose_seed":false,"campfire_upgraded":0,"win_rate":0,"timestamp":1539918624,"path_taken":["M","?","?","M","$","E","?","?","T","M","?","R","M","?","R","BOSS","M","?","M","M","?","E"],"build_version":"2018-10-18","purchased_purges":0,"victory":false,"max_hp_per_floor":[70,70,70,70,70,70,70,70,70,70,70,70,70,70,70,70,70,70,70,70,70,70,70],"card_choices":[{"not_picked":["Dagger Throw","Dagger Spray"],"picked":"Blade Dance","floor":1},{"not_picked":["Distraction","Heel Hook"],"picked":"Acrobatics","floor":2},{"not_picked":["Prepared","Outmaneuver"],"picked":"Finisher","floor":4},{"not_picked":["Predator","Flechettes"],"picked":"Bane","floor":6},{"not_picked":["Bane","PiercingWail"],"picked":"Blade Dance","floor":7},{"not_picked":["Blur","Heel Hook"],"picked":"Underhanded Strike","floor":10},{"not_picked":["Expertise","Quick Slash","Outmaneuver"],"picked":"SKIP","floor":11},{"not_picked":["Poisoned Stab","Sucker Punch"],"picked":"Masterful Stab","floor":13},{"not_picked":["Sucker Punch","Outmaneuver","Dagger Throw"],"picked":"SKIP","floor":14},{"not_picked":["Unload","Grand Finale"],"picked":"Corpse Explosion","floor":16},{"not_picked":["Slice","PiercingWail+1"],"picked":"Catalyst+1","floor":18},{"not_picked":["Sucker Punch","Dodge and Roll"],"picked":"Accuracy","floor":20},{"not_picked":["Prepared+1","Flying Knee","Blade Dance"],"picked":"SKIP","floor":21}],"player_experience":936814,"relics_obtained":[{"floor":6,"key":"Ornamental Fan"},{"floor":7,"key":"Smiling Mask"},{"floor":8,"key":"Blue Candle"},{"floor":9,"key":"Pantograph"}],"event_choices":[{"damage_healed":0,"gold_gain":0,"player_choice":"Grow","damage_taken":0,"max_hp_gain":0,"max_hp_loss":0,"event_name":"Living Wall","floor":3,"gold_loss":0,"cards_upgraded":["Neutralize"]},{"damage_healed":0,"gold_gain":0,"player_choice":"Searched \u00271\u0027 times","damage_taken":0,"max_hp_gain":0,"max_hp_loss":0,"event_name":"Dead Adventurer","floor":7,"gold_loss":0},{"damage_healed":0,"gold_gain":0,"player_choice":"Ignored","damage_taken":0,"max_hp_gain":0,"max_hp_loss":0,"event_name":"Ghosts","floor":19,"gold_loss":0},{"damage_healed":0,"gold_gain":0,"player_choice":"Smashed Altar","damage_taken":0,"max_hp_gain":0,"max_hp_loss":0,"event_name":"Forgotten Altar","floor":22,"gold_loss":0,"cards_obtained":["Decay"]}],"is_beta":true,"boss_relics":[{"not_picked":["Orrery","Velvet Choker"],"picked":"Eternal Feather"}],"items_purged_floors":[],"is_endless":false,"potions_floor_spawned":[2,6,11,14,16,18],"killed_by":"Slavers","ascension_level":7}