{"gold_per_floor":[112,122,138,213,226,259,259,287,287,299,249,249,249,284,284,284],"floor_reached":16,"playtime":1082,"items_purged":[],"score":204,"play_id":"7af6edb7-18b0-4d17-bfdd-7ad5298092c8","local_time":"20190807123355","is_ascension_mode":true,"campfire_choices":[{"data":"Fission","floor":7.0,"key":"SMITH"},{"floor":13.0,"key":"REST"},{"data":"Recycle","floor":15.0,"key":"SMITH"}],"neow_cost":"NONE","seed_source_timestamp":6920792799227,"circlet_count":0,"master_deck":["AscendersBane","Strike_B","Strike_B","Strike_B","Defend_B","Defend_B","Defend_B","Defend_B","Zap","Dualcast","Leap","FTL","Doom and Gloom","Sunder","Fission+1","Recycle+1","Coolheaded+1","Fission+1"],"special_seed":0,"relics":["Cracked Core","Bag of Marbles","Omamori","Toxic Egg 2","Symbiotic Virus"],"potions_floor_usage":[16,16],"damage_taken":[{"damage":1.0,"enemies":"Cultist","floor":1.0,"turns":3.0},{"damage":5.0,"enemies":"Small Slimes","floor":2.0,"turns":3.0},{"damage":0.0,"enemies":"2 Louse","floor":3.0,"turns":2.0},{"damage":3.0,"enemies":"Looter","floor":5.0,"turns":3.0},{"damage":16.0,"enemies":"3 Sentries","floor":6.0,"turns":4.0},{"damage":30.0,"enemies":"Lagavulin","floor":8.0,"turns":5.0},{"damage":0.0,"enemies":"Large Slime","floor":10.0,"turns":4.0},{"damage":13.0,"enemies":"3 Sentries","floor":14.0,"turns":4.0},{"damage":15,"enemies":"The Guardian","floor":16,"turns":7}],"seed_played":"-7908939811223349332","potions_obtained":[{"floor":2.0,"key":"LiquidBronze"},{"floor":5.0,"key":"SpeedPotion"},{"floor":6.0,"key":"Weak Potion"},{"floor":14.0,"key":"LiquidBronze"}],"is_trial":false,"path_per_floor":["M","M","M","?","M","E","R","E","T","M","?","?","R","E","R","B"],"character_chosen":"DEFECT","items_purchased":[],"campfire_rested":1,"item_purchase_floors":[],"current_hp_per_floor":[70,65,65,54,51,35,35,5,5,5,5,5,28,15,15,0],"gold":284,"neow_bonus":"TEN_PERCENT_HP_BONUS","is_prod":false,"is_daily":false,"chose_seed":false,"campfire_upgraded":2,"win_rate":0,"timestamp":1565206435,"path_taken":["M","?","M","?","M","E","R","E","T","M","?","?","R","E","R","BOSS"],"build_version":"2019-07-17","purchased_purges":0,"victory":false,"max_hp_per_floor":[78,78,78,78,78,78,78,78,78,78,78,78,78,78,78,78],"card_choices":[{"not_picked":["Compile Driver","Reprogram"],"picked":"Leap","floor":1.0},{"not_picked":["Sweeping Beam","Reprogram"],"picked":"FTL","floor":2.0},{"not_picked":["Coolheaded","Scrape"],"picked":"Doom and Gloom","floor":3.0},{"not_picked":["Sweeping Beam","Static Discharge"],"picked":"Sunder","floor":5.0},{"not_picked":["Coolheaded","Sweeping Beam"],"picked":"Fission","floor":6.0},{"not_picked":["Sunder","Steam Power"],"picked":"Recycle","floor":8.0},{"not_picked":["Auto Shields+1","Beam Cell"],"picked":"Coolheaded+1","floor":10.0},{"not_picked":["FTL","Sunder"],"picked":"Fission+1","floor":14.0}],"player_experience":625057,"relics_obtained":[{"floor":6.0,"key":"Bag of Marbles"},{"floor":8.0,"key":"Omamori"},{"floor":9.0,"key":"Toxic Egg 2"},{"floor":14.0,"key":"Symbiotic Virus"}],"event_choices":[{"damage_healed":0.0,"max_hp_gain":0.0,"max_hp_loss":0.0,"gold_gain":75.0,"event_name":"World of Goop","player_choice":"Gather Gold","floor":4.0,"gold_loss":0.0,"damage_taken":11.0},{"cards_removed":["Strike_B"],"damage_healed":0.0,"max_hp_gain":0.0,"max_hp_loss":0.0,"gold_gain":0.0,"event_name":"The Cleric","player_choice":"Card Removal","floor":11.0,"gold_loss":50.0,"damage_taken":0.0},{"damage_healed":0.0,"max_hp_gain":0.0,"max_hp_loss":0.0,"gold_gain":0.0,"event_name":"Golden Idol","player_choice":"Ignored","floor":12.0,"gold_loss":0.0,"damage_taken":0.0}],"is_beta":false,"boss_relics":[],"items_purged_floors":[],"is_endless":false,"potions_floor_spawned":[2,5,6,14],"killed_by":"The Guardian","ascension_level":14}