{"path_per_floor":["M","M","?","?","M","E","R","M","T","R","M","T","R","$","R","B",null,"M","M","?","M","M","R","?","M","T","$","M","R","M","M","R","B",null,"M","?","M","?","$","R","M","M","T","M","R","M","R","M","R"],"character_chosen":"IRONCLAD","items_purchased":["Whetstone","Purity","Flex"],"gold_per_floor":[117,132,132,132,149,175,175,191,191,191,205,259,259,11,11,115,115,130,142,57,71,86,86,86,96,96,21,41,41,53,67,67,163,163,183,183,198,198,173,173,185,202,202,215,215,230,230,249,249],"floor_reached":50,"campfire_rested":8,"playtime":2589,"current_hp_per_floor":[80,76,60,60,55,39,63,52,52,76,80,80,80,80,80,44,80,60,47,47,45,14,38,38,28,28,28,22,46,49,42,66,40,80,45,45,47,47,47,47,50,26,26,11,38,29,56,14,41],"items_purged":["Purity"],"gold":249,"score":400,"play_id":"f09c5072-dd3c-47b0-bf90-6f31fc6c0d1c","is_prod":false,"is_daily":false,"is_ascension_mode":false,"campfire_upgraded":3,"path_taken":["M","M","?","?","M","E","R","M","T","R","M","?","R","$","R","BOSS","M","M","?","M","M","R","?","?","T","$","M","R","M","M","R","BOSS","M","?","M","?","?","R","M","M","T","M","R","?","R","M","R","BOSS"],"build_version":"2018-02-15-PROD1","purchased_purges":1,"victory":false,"master_deck":["Strike_R+1","Strike_R+1","Defend_R","Defend_R","Defend_R+1","Bash+1","Shrug It Off","Searing Blow+5","Rupture","Wild Strike","Reaper","Cleave","Warcry","Dark Embrace","Bloodletting+1","Fire Breathing+1","Pummel+1","Combust","Combust","Thunderclap+1","Evolve","Flex","Thunderclap","Flame Barrier+1","Power Through+1","Feed+1","Cleave+1","Armaments+1","Flex","True Grit+1","Metallicize","Heavy Blade+1","Immolate","Flex"],"max_hp_per_floor":[80,80,80,80,80,80,80,80,80,80,80,80,80,80,80,80,80,80,80,80,80,80,80,80,80,80,80,80,80,80,80,80,80,80,80,80,80,80,80,80,84,88,88,92,92,92,92,92,92],"relics":["Burning Blood","Mummified Hand","Thread and Needle","Bag of Preparation","Whetstone","Astrolabe","Ornamental Fan","Orichalcum","Lizard Tail","Centennial Puzzle"],"card_choices":[{"not_picked":["Body Slam","Shockwave"],"picked":"Shrug It Off"},{"not_picked":["Pommel Strike","Intimidate"],"picked":"Searing Blow"},{"not_picked":["Thunderclap","Clash"],"picked":"Wild Strike"},{"not_picked":["Sword Boomerang","Body Slam"],"picked":"Reaper"},{"not_picked":["Warcry","Iron Wave"],"picked":"Cleave"},{"not_picked":["Intimidate","Body Slam"],"picked":"Warcry"},{"not_picked":["Fiend Fire","Bludgeon"],"picked":"Dark Embrace"},{"not_picked":["Searing Blow","True Grit"],"picked":"Combust"},{"not_picked":["Pommel Strike","Wild Strike"],"picked":"Combust"},{"not_picked":["True Grit","Pommel Strike"],"picked":"Thunderclap"},{"not_picked":["Intimidate","Searing Blow"],"picked":"Evolve"},{"not_picked":["Perfected Strike","Second Wind"],"picked":"Flex"},{"not_picked":["Anger","Perfected Strike"],"picked":"Thunderclap"},{"not_picked":["Searing Blow","Headbutt"],"picked":"Flame Barrier"},{"not_picked":["Cleave","Corruption"],"picked":"Power Through"},{"not_picked":["Barricade","Juggernaut"],"picked":"Feed"},{"not_picked":["Reckless Charge","Second Wind"],"picked":"Cleave"},{"not_picked":["Sword Boomerang","Iron Wave"],"picked":"Armaments"},{"not_picked":["Uppercut","Blood for Blood"],"picked":"True Grit"},{"not_picked":["Warcry","Sword Boomerang"],"picked":"Metallicize"},{"not_picked":["Feel No Pain","Sever Soul"],"picked":"Heavy Blade"},{"not_picked":["Armaments","Wild Strike"],"picked":"Immolate"},{"not_picked":["Perfected Strike","True Grit"],"picked":"Flex"}],"player_experience":66324,"potions_floor_usage":[],"damage_taken":[{"damage":2,"enemies":"2 Louse","floor":1,"turns":4},{"damage":10,"enemies":"Small Slimes","floor":2,"turns":3},{"damage":11,"enemies":"Jaw Worm","floor":5,"turns":3},{"damage":22,"enemies":"Gremlin Nob","floor":6,"turns":4},{"damage":17,"enemies":"Large Slime","floor":8,"turns":6},{"damage":2,"enemies":"3 Louse","floor":11,"turns":4},{"damage":45,"enemies":"The Guardian","floor":16,"turns":11},{"damage":26,"enemies":"2 Thieves","floor":18,"turns":4},{"damage":19,"enemies":"Chosen","floor":19,"turns":5},{"damage":14,"enemies":"Snake Plant","floor":21,"turns":2},{"damage":37,"enemies":"Chosen and Byrds","floor":22,"turns":5},{"damage":20,"enemies":"Snecko","floor":25,"turns":5},{"damage":12,"enemies":"Centurion and Healer","floor":28,"turns":6},{"damage":3,"enemies":"Snake Plant","floor":30,"turns":2},{"damage":13,"enemies":"Snecko","floor":31,"turns":5},{"damage":32,"enemies":"Champ","floor":33,"turns":12},{"damage":42,"enemies":"3 Darklings","floor":35,"turns":5},{"damage":4,"enemies":"Orb Walker","floor":37,"turns":4},{"damage":57,"enemies":"Maw","floor":41,"turns":9},{"damage":34,"enemies":"Sphere and 2 Shapes","floor":42,"turns":4},{"damage":53,"enemies":"4 Shapes","floor":44,"turns":4},{"damage":30,"enemies":"3 Darklings","floor":46,"turns":7},{"damage":48,"enemies":"Maw","floor":48,"turns":9},{"damage":46,"enemies":"Time Eater","floor":50,"turns":4}],"event_choices":[{"event_name":"Shining Light","player_choice":"Entered Light","floor":3,"damage_taken":0},{"event_name":"Living Wall","player_choice":"Change","floor":4,"damage_taken":0},{"event_name":"Addict","player_choice":"Obtained Relic","floor":20,"damage_taken":0},{"event_name":"The Woman in Blue","player_choice":"Bought 0 Potions","floor":24,"damage_taken":0},{"event_name":"Upgrade Shrine","player_choice":"Upgraded","floor":36,"damage_taken":0},{"event_name":"Accursed Blacksmith","player_choice":"Forge","floor":38,"damage_taken":0}],"boss_relics":[{"not_picked":["Eternal Feather","Tiny House"],"picked":"Astrolabe"},{"not_picked":["Black Blood","Sozu"],"picked":"Lizard Tail"}],"potions_floor_spawned":[1,5,11,18,22,28,31,42,44,46,48],"seed_played":"-351129383968664759","killed_by":"Time Eater","ascension_level":0,"is_trial":false}