{"gold_per_floor":[112,131,131,49,49,82,82,95,122,148,148,148],"floor_reached":12,"playtime":410,"items_purged":[],"score":90,"play_id":"7e8d080f-670c-4d30-8a19-7e4d4f54f2f8","local_time":"20190916125541","is_ascension_mode":true,"campfire_choices":[{"floor":7,"key":"REST"}],"neow_cost":"PERCENT_DAMAGE","seed_source_timestamp":31276821181100,"circlet_count":0,"master_deck":["Strike_R","Strike_R","Strike_R","Defend_R","Defend_R","Defend_R","Bash"],"relics":["Burning Blood","Juzu Bracelet","Self Forming Clay","Paper Frog","PreservedInsect","Gremlin Horn"],"potions_floor_usage":[10],"damage_taken":[{"damage":6,"enemies":"Cultist","floor":1,"turns":3},{"damage":1,"enemies":"Jaw Worm","floor":2,"turns":6},{"damage":36,"enemies":"3 Sentries","floor":6,"turns":15},{"damage":0,"enemies":"Small Slimes","floor":8,"turns":3},{"damage":44,"enemies":"Lagavulin","floor":10,"turns":8},{"damage":14,"enemies":"Gremlin Nob","floor":12,"turns":2}],"seed_played":"-2563095501995399359","potions_obtained":[{"floor":6,"key":"Dexterity Potion"},{"floor":10,"key":"Dexterity Potion"}],"is_trial":false,"path_per_floor":["M","M","?","?","$","E","R","M","T","E","?","E"],"character_chosen":"IRONCLAD","items_purchased":[],"campfire_rested":1,"item_purchase_floors":[],"current_hp_per_floor":[56,61,49,49,49,19,43,49,49,11,4,0],"gold":148,"neow_bonus":"REMOVE_TWO","is_prod":false,"is_daily":false,"chose_seed":false,"campfire_upgraded":0,"win_rate":0,"timestamp":1568652941,"path_taken":["M","M","?","?","$","E","R","M","T","E","?","E"],"build_version":"2019-07-17","purchased_purges":0,"victory":false,"max_hp_per_floor":[80,80,80,80,80,80,80,80,80,80,80,80],"card_choices":[{"not_picked":["Havoc","Pommel Strike","Fire Breathing"],"picked":"SKIP","floor":1},{"not_picked":["Whirlwind","Clash","Clothesline"],"picked":"SKIP","floor":2},{"not_picked":["Reckless Charge","Fire Breathing","Rupture"],"picked":"SKIP","floor":6},{"not_picked":["Headbutt","Warcry","Clash"],"picked":"SKIP","floor":8},{"not_picked":["Warcry","Spot Weakness","Infernal Blade"],"picked":"SKIP","floor":10}],"player_experience":530498,"relics_obtained":[{"floor":6,"key":"Paper Frog"},{"floor":9,"key":"PreservedInsect"},{"floor":10,"key":"Gremlin Horn"}],"event_choices":[{"damage_healed":0,"gold_gain":0,"player_choice":"Success","damage_taken":12,"relics_obtained":["Juzu Bracelet"],"max_hp_gain":0,"max_hp_loss":0,"event_name":"Scrap Ooze","floor":3,"gold_loss":0},{"damage_healed":0,"gold_gain":0,"player_choice":"Paid Gold","damage_taken":0,"relics_obtained":["Self Forming Clay"],"max_hp_gain":0,"max_hp_loss":0,"event_name":"WeMeetAgain","floor":4,"gold_loss":82},{"cards_removed":["Defend_R"],"damage_healed":0,"gold_gain":0,"player_choice":"Card Removal","damage_taken":7,"max_hp_gain":0,"max_hp_loss":0,"event_name":"Golden Wing","floor":11,"gold_loss":0}],"is_beta":false,"boss_relics":[],"items_purged_floors":[],"is_endless":false,"potions_floor_spawned":[6,10],"killed_by":"Gremlin Nob","ascension_level":1}