{"gold_per_floor":[112,112,132,147,67,67,82,43,67,67,77,77,108,121,121,216,216,235,163,174,184,197,197,208,137,137,137,172,188,188,188,188,284,284,302,320,340,352,153,188,188,204,204,204,204,214,214,229,229,229,229,229,3,35,35],"floor_reached":55,"playtime":2280,"items_purged":[],"score":698,"play_id":"70426805-78b5-4287-9649-e3ff2c067023","local_time":"20190913212007","is_ascension_mode":false,"campfire_choices":[{"data":"Zap","floor":6.0,"key":"SMITH"},{"data":"Go for the Eyes","floor":12.0,"key":"SMITH"},{"data":"Defragment","floor":15.0,"key":"SMITH"},{"floor":23.0,"key":"REST"},{"data":"Echo Form","floor":27.0,"key":"SMITH"},{"data":"Defragment","floor":32.0,"key":"SMITH"},{"floor":41.0,"key":"REST"},{"floor":45.0,"key":"RECALL"},{"data":"Storm","floor":49.0,"key":"SMITH"},{"data":"Chaos","floor":52.0,"key":"SMITH"}],"neow_cost":"NONE","seed_source_timestamp":107988616242000,"circlet_count":0,"master_deck":["Defend_B","Defend_B","Defend_B","Defend_B","Zap+1","Dualcast","Go for the Eyes+1","Thunder Strike","Storm+1","Self Repair","Chaos+1","Defragment+1","Echo Form+1","Defragment+1","Chill+1","Coolheaded","Go for the Eyes+1","Core Surge","Leap","Steam","RitualDagger","Multi-Cast+1","Static Discharge+1","Barrage+1","Stack+1","Tempest+1","Reboot","Capacitor","Hologram+1","Leap+1","Panache","Blind","Force Field"],"special_seed":0,"relics":["Cracked Core","NeowsBlessing","Orichalcum","Bag of Marbles","Regal Pillow","Philosopher\u0027s Stone","Kunai","Astrolabe","Cables","The Courier","Blue Candle","Lantern"],"potions_floor_usage":[55],"damage_taken":[{"damage":0.0,"enemies":"Small Slimes","floor":1.0,"turns":1.0},{"damage":0.0,"enemies":"Cultist","floor":3.0,"turns":1.0},{"damage":0.0,"enemies":"Jaw Worm","floor":4.0,"turns":1.0},{"damage":5.0,"enemies":"3 Louse","floor":7.0,"turns":3.0},{"damage":14.0,"enemies":"Lots of Slimes","floor":11.0,"turns":4.0},{"damage":16.0,"enemies":"Gremlin Nob","floor":13.0,"turns":4.0},{"damage":7.0,"enemies":"Exordium Thugs","floor":14.0,"turns":5.0},{"damage":53.0,"enemies":"The Guardian","floor":16.0,"turns":9.0},{"damage":30.0,"enemies":"3 Byrds","floor":18.0,"turns":3.0},{"damage":39.0,"enemies":"2 Thieves","floor":20.0,"turns":4.0},{"damage":19.0,"enemies":"Snake Plant","floor":21.0,"turns":6.0},{"damage":1.0,"enemies":"Snecko","floor":22.0,"turns":4.0},{"damage":16.0,"enemies":"Sentry and Sphere","floor":24.0,"turns":4.0},{"damage":23.0,"enemies":"Book of Stabbing","floor":28.0,"turns":6.0},{"damage":0.0,"enemies":"Centurion and Healer","floor":29.0,"turns":6.0},{"damage":35.0,"enemies":"Automaton","floor":33.0,"turns":9.0},{"damage":18.0,"enemies":"3 Shapes","floor":35.0,"turns":3.0},{"damage":22.0,"enemies":"Orb Walker","floor":36.0,"turns":4.0},{"damage":16.0,"enemies":"3 Darklings","floor":37.0,"turns":6.0},{"damage":10.0,"enemies":"Spire Growth","floor":38.0,"turns":5.0},{"damage":27.0,"enemies":"Reptomancer","floor":40.0,"turns":8.0},{"damage":8.0,"enemies":"4 Shapes","floor":42.0,"turns":4.0},{"damage":4.0,"enemies":"Transient","floor":46.0,"turns":5.0},{"damage":0.0,"enemies":"Sphere and 2 Shapes","floor":48.0,"turns":8.0},{"damage":81.0,"enemies":"Time Eater","floor":50.0,"turns":9.0},{"damage":60.0,"enemies":"Shield and Spear","floor":54.0,"turns":7.0},{"damage":67,"enemies":"The Heart","floor":55,"turns":3}],"seed_played":"8240006385418364606","potions_obtained":[{"floor":3.0,"key":"FocusPotion"},{"floor":7.0,"key":"Fruit Juice"},{"floor":13.0,"key":"GamblersBrew"},{"floor":14.0,"key":"GamblersBrew"},{"floor":16.0,"key":"Energy Potion"},{"floor":20.0,"key":"Explosive Potion"},{"floor":21.0,"key":"SkillPotion"},{"floor":28.0,"key":"Dexterity Potion"},{"floor":29.0,"key":"PowerPotion"},{"floor":36.0,"key":"GamblersBrew"},{"floor":38.0,"key":"SkillPotion"},{"floor":40.0,"key":"Poison Potion"},{"floor":46.0,"key":"SpeedPotion"},{"floor":54.0,"key":"Explosive Potion"}],"is_trial":false,"path_per_floor":["M","?","M","M","$","R","M","$","T","?","M","R","E","M","R","B",null,"M","$","M","M","M","R","M","$","T","R","E","M","?","?","R","B",null,"M","M","M","M","$","E","R","M","T","?","R","M","T","M","R","B",null,"R","$","E","B"],"character_chosen":"DEFECT","items_purchased":["Thunder Strike","Self Repair","Defragment","Leap","Steam","Block Potion","Reboot","Capacitor","Panache","Blind"],"campfire_rested":2,"item_purchase_floors":[5,8,19,25,25,39,39,39,53,53],"current_hp_per_floor":[75,75,75,75,75,75,70,70,70,70,63,63,59,59,59,13,80,57,57,25,13,26,65,56,56,56,56,40,47,41,41,41,13,80,62,47,38,42,42,22,61,53,53,90,90,90,90,90,90,16,90,90,90,37,0],"gold":35,"neow_bonus":"THREE_ENEMY_KILL","is_prod":false,"is_daily":false,"chose_seed":false,"campfire_upgraded":7,"win_rate":0,"timestamp":1568427607,"path_taken":["M","?","?","?","$","R","?","$","T","?","M","R","E","M","R","BOSS","M","$","M","?","M","R","M","$","T","R","E","M","?","?","R","BOSS","M","M","M","?","$","E","R","M","T","?","R","?","?","M","R","BOSS","R","$","E","BOSS"],"build_version":"2019-09-12","purchased_purges":0,"victory":false,"max_hp_per_floor":[75,75,75,75,75,75,75,75,75,75,75,75,80,80,80,80,80,80,80,80,80,80,80,80,80,80,80,80,80,80,80,80,80,80,80,80,80,80,80,80,80,80,80,90,90,90,90,90,90,90,90,90,90,90,90],"card_choices":[{"not_picked":["Beam Cell","Heatsinks"],"picked":"Sweeping Beam","floor":1.0},{"not_picked":["Redo","Rebound","Recycle"],"picked":"SKIP","floor":3.0},{"not_picked":["Ball Lightning","Compile Driver"],"picked":"Go for the Eyes","floor":4.0},{"not_picked":["Fusion","Turbo"],"picked":"Storm","floor":7.0},{"not_picked":["Steam Power","Redo","Stack"],"picked":"SKIP","floor":11.0},{"not_picked":["Turbo","Compile Driver"],"picked":"Chaos","floor":13.0},{"not_picked":["Lockon","Go for the Eyes"],"picked":"Defragment","floor":14.0},{"not_picked":["Seek","Biased Cognition"],"picked":"Echo Form","floor":16.0},{"not_picked":["Streamline","Rebound","Turbo"],"picked":"SKIP","floor":18.0},{"not_picked":["Go for the Eyes","Barrage"],"picked":"Chill+1","floor":20.0},{"not_picked":["Beam Cell+1","Steam Power"],"picked":"Coolheaded","floor":21.0},{"not_picked":["Aggregate","Turbo+1"],"picked":"Go for the Eyes+1","floor":22.0},{"not_picked":["Compile Driver","Streamline"],"picked":"Core Surge","floor":24.0},{"not_picked":["Redo","Sweeping Beam+1","Compile Driver+1"],"picked":"SKIP","floor":28.0},{"not_picked":["Melter","Skim","Fusion"],"picked":"SKIP","floor":29.0},{"not_picked":["Multi-Cast","Hyperbeam"],"picked":"Echo Form","floor":33.0},{"not_picked":["Heatsinks","Ball Lightning+1"],"picked":"Stack+1","floor":35.0},{"not_picked":["Steam+1","Reprogram","Ball Lightning"],"picked":"SKIP","floor":36.0},{"not_picked":["Rebound+1","Scrape","Fusion"],"picked":"SKIP","floor":37.0},{"not_picked":["Redo+1","Rebound"],"picked":"Tempest+1","floor":38.0},{"not_picked":["Conserve Battery+1","Streamline+1"],"picked":"Hologram+1","floor":40.0},{"not_picked":["Reprogram+1","Ball Lightning+1","Steam+1"],"picked":"SKIP","floor":42.0},{"not_picked":["Rebound+1","Coolheaded+1"],"picked":"Leap+1","floor":46.0},{"not_picked":["Turbo+1","Cold Snap","Rebound"],"picked":"SKIP","floor":48.0},{"not_picked":["Sunder","Chaos"],"picked":"Force Field","floor":54.0}],"player_experience":1298913,"relics_obtained":[{"floor":9.0,"key":"Bag of Marbles"},{"floor":13.0,"key":"Regal Pillow"},{"floor":28.0,"key":"Kunai"},{"floor":40.0,"key":"Cables"},{"floor":43.0,"key":"The Courier"},{"floor":47.0,"key":"Blue Candle"},{"floor":54.0,"key":"Lantern"}],"event_choices":[{"cards_removed":["Sweeping Beam"],"damage_healed":0.0,"max_hp_gain":0.0,"max_hp_loss":0.0,"gold_gain":0.0,"event_name":"WeMeetAgain","player_choice":"Gave Card","floor":2.0,"gold_loss":0.0,"damage_taken":0.0,"relics_obtained":["Orichalcum"]},{"cards_removed":["Strike_B"],"damage_healed":0.0,"max_hp_gain":0.0,"max_hp_loss":0.0,"gold_gain":0.0,"event_name":"Purifier","player_choice":"Purged","floor":10.0,"gold_loss":0.0,"damage_taken":0.0},{"damage_healed":0.0,"max_hp_gain":0.0,"max_hp_loss":0.0,"gold_gain":0.0,"event_name":"Nest","player_choice":"Joined the Cult","floor":30.0,"gold_loss":0.0,"damage_taken":6.0,"cards_obtained":["RitualDagger"]},{"damage_healed":0.0,"max_hp_gain":0.0,"max_hp_loss":0.0,"gold_gain":0.0,"event_name":"N\u0027loth","player_choice":"Ignored","floor":31.0,"gold_loss":0.0,"damage_taken":0.0},{"cards_removed":["Echo Form"],"damage_healed":27.0,"max_hp_gain":10.0,"max_hp_loss":0.0,"gold_gain":0.0,"event_name":"Bonfire Elementals","player_choice":"Offered Rare","floor":44.0,"gold_loss":0.0,"damage_taken":0.0}],"is_beta":true,"boss_relics":[{"not_picked":["Ectoplasm","Snecko Eye"],"picked":"Philosopher\u0027s Stone"},{"not_picked":["Empty Cage","Coffee Dripper"],"picked":"Astrolabe"}],"items_purged_floors":[],"is_endless":false,"potions_floor_spawned":[3,7,13,14,16,20,21,28,29,36,38,40,46,54],"killed_by":"The Heart","ascension_level":0}