{"path_per_floor":["M","?","M","$","M","E","M","E","T","?","R","M","R","M","R","B",null,"M","M","?","?","M","R","E","M","T","?","R","M","E","$","R","B",null,"M","?","M","?","M","E","R","M","T","M","E","M","R","E","R"],"character_chosen":"THE_SILENT","items_purchased":[],"gold_per_floor":[99,99,99,24,24,24,0,0,0,0,0,0,0,0,0,0,0,0,0,0,0,0,0,0,0,0,0,0,0,0,0,0,0,0,0,0,0,0,0,0,0,0,0,0,0,0,0,0,0,0],"floor_reached":50,"campfire_rested":1,"playtime":5660,"current_hp_per_floor":[70,70,70,70,65,57,46,23,23,23,23,23,23,23,23,24,70,70,70,70,54,44,44,44,44,44,44,44,49,40,40,40,30,51,49,39,39,39,43,44,44,13,13,15,25,35,35,23,39,0],"items_purged":["Strike_G"],"gold":0,"score":748,"play_id":"11122f32-698f-4603-826b-0b00e37d2b9f","local_time":"20180411203247","is_prod":false,"is_daily":false,"is_ascension_mode":true,"campfire_upgraded":8,"timestamp":1523503967,"path_taken":["M","?","M","?","M","E","M","E","T","?","R","M","R","M","R","BOSS","M","M","?","?","M","R","E","M","T","?","R","M","E","$","R","BOSS","M","?","M","?","M","E","R","M","T","M","E","M","R","E","R","BOSS"],"build_version":"2018-04-05v2","purchased_purges":1,"victory":false,"master_deck":["Defend_G","Defend_G","Defend_G","Survivor","Neutralize+1","Well Laid Plans","Flying Knee","Predator","Quick Slash","Masterful Stab","Deflect","Setup+1","Acrobatics+1","Finisher","Adrenaline+1","Expertise+1","Outmaneuver+1","Trip","Dagger Spray+1","Concentrate+1","Choke+1","Doubt","Bite","Bite","Bite","Bite","Bite","Prepared","After Image+1","Bane+1","Secret Technique","Mind Blast","Purity","Slice+1","Deadly Poison+1","Deadly Poison+1","Noxious Fumes+1","After Image+1","Finisher"],"max_hp_per_floor":[70,70,70,70,70,70,70,70,70,70,70,70,70,70,70,70,70,70,70,70,70,70,70,70,70,70,49,49,49,51,51,51,51,51,51,51,51,51,51,53,53,53,53,55,55,55,55,55,55,55],"relics":["Ectoplasm","Anchor","Lantern","Oddly Smooth Stone","Cursed Key","Paper Crane","The Specimen","Singing Bowl","Runic Dome","Omamori","Bag of Preparation","Frozen Egg 2","Snake Skull"],"card_choices":[{"not_picked":["Outmaneuver","Deadly Poison"],"picked":"Well Laid Plans","floor":1},{"not_picked":["Reflex","Riddle With Holes"],"picked":"Predator","floor":3},{"not_picked":["Cloak And Dagger","Poisoned Stab"],"picked":"Quick Slash","floor":5},{"not_picked":["Backflip","Acrobatics"],"picked":"Masterful Stab","floor":6},{"not_picked":["Dash","Backstab"],"picked":"Deflect","floor":7},{"not_picked":["PiercingWail","Underhanded Strike"],"picked":"Setup","floor":8},{"not_picked":["Bane","Escape Plan"],"picked":"Acrobatics","floor":12},{"not_picked":["Quick Slash","Die Die Die"],"picked":"Finisher","floor":14},{"not_picked":["Corpse Explosion","Envenom"],"picked":"Adrenaline","floor":16},{"not_picked":["Distraction","Sucker Punch"],"picked":"Expertise","floor":18},{"not_picked":["Footwork","Sucker Punch"],"picked":"Outmaneuver","floor":19},{"not_picked":["Riddle With Holes","Concentrate"],"picked":"Dagger Spray","floor":22},{"not_picked":["Tools of the Trade","Underhanded Strike"],"picked":"Concentrate","floor":24},{"not_picked":["Acrobatics","Quick Slash"],"picked":"Choke","floor":25},{"not_picked":["Dash","Dagger Throw"],"picked":"Prepared","floor":29},{"not_picked":["Die Die Die","Adrenaline"],"picked":"After Image","floor":33},{"not_picked":["PiercingWail","Distraction"],"picked":"Bane","floor":35},{"not_picked":["Transmutation","Deep Breath"],"picked":"Secret Technique","floor":36},{"not_picked":["Enlightenment","Purity"],"picked":"Mind Blast","floor":36},{"not_picked":["Secret Technique","Jack Of All Trades"],"picked":"Purity","floor":36},{"not_picked":["Deflect","Flying Knee"],"picked":"Slice","floor":37},{"not_picked":["Distraction","Dagger Spray"],"picked":"Deadly Poison","floor":39},{"not_picked":["Backstab","Cloak And Dagger"],"picked":"Deadly Poison","floor":42},{"not_picked":["Deadly Poison","Sucker Punch"],"picked":"Noxious Fumes","floor":45},{"not_picked":["Terror","Blade Dance"],"picked":"After Image","floor":46},{"not_picked":["Quick Slash","Slice"],"picked":"Finisher","floor":48}],"player_experience":216275,"potions_floor_usage":[16,16,18,22,30,33,40,40,44],"damage_taken":[{"damage":0,"enemies":"2 Louse","floor":1,"turns":4},{"damage":0,"enemies":"Cultist","floor":3,"turns":4},{"damage":5,"enemies":"Small Slimes","floor":5,"turns":3},{"damage":8,"enemies":"Lagavulin","floor":6,"turns":6},{"damage":11,"enemies":"Exordium Thugs","floor":7,"turns":3},{"damage":23,"enemies":"Gremlin Nob","floor":8,"turns":4},{"damage":0,"enemies":"Blue Slaver","floor":12,"turns":3},{"damage":0,"enemies":"Looter","floor":14,"turns":2},{"damage":14,"enemies":"The Guardian","floor":16,"turns":9},{"damage":0,"enemies":"3 Byrds","floor":18,"turns":4},{"damage":0,"enemies":"2 Thieves","floor":19,"turns":4},{"damage":10,"enemies":"Sentry and Sphere","floor":22,"turns":5},{"damage":0,"enemies":"Slavers","floor":24,"turns":4},{"damage":0,"enemies":"Centurion and Healer","floor":25,"turns":3},{"damage":0,"enemies":"Snake Plant","floor":29,"turns":2},{"damage":15,"enemies":"Book of Stabbing","floor":30,"turns":5},{"damage":26,"enemies":"Collector","floor":33,"turns":5},{"damage":5,"enemies":"3 Shapes","floor":35,"turns":3},{"damage":0,"enemies":"Orb Walker","floor":37,"turns":2},{"damage":0,"enemies":"3 Darklings","floor":39,"turns":2},{"damage":9,"enemies":"Nemesis","floor":40,"turns":5},{"damage":41,"enemies":"Sphere and 2 Shapes","floor":42,"turns":6},{"damage":8,"enemies":"4 Shapes","floor":44,"turns":3},{"damage":0,"enemies":"Giant Head","floor":45,"turns":5},{"damage":0,"enemies":"3 Darklings","floor":46,"turns":3},{"damage":20,"enemies":"2 Orb Walkers","floor":48,"turns":4},{"damage":52,"enemies":"Time Eater","floor":50,"turns":4}],"event_choices":[{"event_name":"Transmorgrifier","player_choice":"Transform","floor":2,"damage_taken":0},{"event_name":"Golden Idol","player_choice":"Ignored","floor":10,"damage_taken":0},{"event_name":"Drug Dealer","player_choice":"Ignored","floor":20,"damage_taken":0},{"event_name":"Knowing Skull","player_choice":"CARD ","floor":21,"damage_taken":0},{"event_name":"Knowing Skull","player_choice":"CARD ","floor":21,"damage_taken":0},{"event_name":"Vampires","player_choice":"Became a vampire","floor":27,"damage_taken":0},{"event_name":"SensoryStone","player_choice":"Memory 3","floor":36,"damage_taken":0}],"boss_relics":[{"not_picked":["Runic Pyramid","Tiny House"],"picked":"Cursed Key"},{"not_picked":["Pandora\u0027s Box","Lizard Tail"],"picked":"Runic Dome"}],"potions_floor_spawned":[1,7,12,14,16,18,19,33,35,37,40],"seed_played":"3112320943244861979","killed_by":"Time Eater","ascension_level":2,"is_trial":false}