{"path_per_floor":["M","M","M","?","M","R","E","M","T","R","E","R","$","?","R","B",null,"M","M","$","?","M","R","?","R","T","M","R","?","R","M","R","B",null,"M","$","?","M","M"],"character_chosen":"IRONCLAD","items_purchased":[],"gold_per_floor":[114,129,148,148,168,168,211,229,254,254,292,292,217,217,217,347,347,361,379,279,279,297,297,197,197,252,272,272,272,272,297,297,421,421,439,314,314,330,346],"floor_reached":40,"campfire_rested":2,"playtime":1978,"current_hp_per_floor":[80,80,80,60,64,64,55,59,59,59,79,79,79,79,79,52,94,90,87,87,87,77,77,77,77,77,34,63,63,63,49,79,42,100,67,67,67,45,7],"items_purged":["Defend_R","Defend_R","Defend_R"],"gold":346,"score":422,"play_id":"f1c96d26-cf57-405d-b48a-11d6f566f938","is_prod":false,"is_daily":false,"is_ascension_mode":false,"campfire_upgraded":7,"path_taken":["M","M","?","?","M","R","E","M","T","R","E","R","$","?","R","BOSS","M","M","$","?","M","R","?","R","T","M","R","?","R","?","R","BOSS","M","$","?","M","M","E"],"build_version":"2018-02-15-PROD1","purchased_purges":3,"victory":false,"master_deck":["Strike_R","Strike_R","Strike_R","Strike_R","Strike_R","Bash+1","Clash+1","Searing Blow","Clash+1","Inflame+1","Clash+1","Headbutt","Searing Blow","Feed","Cleave","Metallicize+1","Rampage","Clash","J.A.X.","Double Tap+1","Twin Strike","Bludgeon","Dual Wield+1","Twin Strike","Rage+1"],"max_hp_per_floor":[80,80,80,80,80,80,80,80,80,80,94,94,94,94,94,94,94,94,97,97,97,97,97,97,97,97,97,97,97,97,100,100,100,100,100,100,100,100,100],"relics":["Burning Blood","Golden Idol","Pen Nib","Vajra","Mango","Black Star","Ancient Tea Set","Runic Cube"],"card_choices":[{"not_picked":["Uppercut","Flex"],"picked":"Clash"},{"not_picked":["Metallicize","Intimidate"],"picked":"Searing Blow"},{"not_picked":["Anger","Twin Strike"],"picked":"Clash"},{"not_picked":["Twin Strike","Fire Breathing"],"picked":"Inflame"},{"not_picked":["Disarm","Cleave"],"picked":"Clash"},{"not_picked":["Anger","Power Through"],"picked":"Headbutt"},{"not_picked":["Battle Trance","Flame Barrier"],"picked":"Searing Blow"},{"not_picked":["Impervious","Barricade"],"picked":"Feed"},{"not_picked":["Heavy Blade","Headbutt"],"picked":"Cleave"},{"not_picked":["Sever Soul","Perfected Strike"],"picked":"Metallicize"},{"not_picked":["Fire Breathing","Clothesline"],"picked":"Clash"},{"not_picked":["Headbutt","Anger"],"picked":"Double Tap"},{"not_picked":["Feel No Pain","Armaments"],"picked":"Twin Strike"},{"not_picked":["Feed","Exhume"],"picked":"Bludgeon"},{"not_picked":["Havoc","Reckless Charge"],"picked":"Dual Wield"},{"not_picked":["Shrug It Off","Perfected Strike"],"picked":"Twin Strike"},{"not_picked":["Flex","Iron Wave"],"picked":"Rage"}],"player_experience":97063,"potions_floor_usage":[],"damage_taken":[{"damage":4,"enemies":"Cultist","floor":1,"turns":4},{"damage":6,"enemies":"Jaw Worm","floor":2,"turns":3},{"damage":0,"enemies":"Small Slimes","floor":3,"turns":2},{"damage":2,"enemies":"Blue Slaver","floor":5,"turns":3},{"damage":15,"enemies":"3 Sentries","floor":7,"turns":7},{"damage":2,"enemies":"Large Slime","floor":8,"turns":4},{"damage":0,"enemies":"Gremlin Nob","floor":11,"turns":2},{"damage":33,"enemies":"Slime Boss","floor":16,"turns":7},{"damage":10,"enemies":"2 Thieves","floor":18,"turns":2},{"damage":12,"enemies":"Shell Parasite","floor":19,"turns":3},{"damage":16,"enemies":"Snake Plant","floor":22,"turns":2},{"damage":49,"enemies":"Centurion and Healer","floor":27,"turns":4},{"damage":23,"enemies":"Cultist and Chosen","floor":31,"turns":4},{"damage":43,"enemies":"Champ","floor":33,"turns":8},{"damage":39,"enemies":"3 Darklings","floor":35,"turns":4},{"damage":28,"enemies":"3 Shapes","floor":38,"turns":3},{"damage":44,"enemies":"Maw","floor":39,"turns":5},{"damage":9,"enemies":"Nemesis","floor":40,"turns":2}],"event_choices":[{"event_name":"Golden Idol","player_choice":"Take Damage","floor":4,"damage_taken":0},{"event_name":"Liars Game","player_choice":"disagreed","floor":14,"damage_taken":0},{"event_name":"Transmorgrifier","player_choice":"Transform","floor":21,"damage_taken":0},{"event_name":"Drug Dealer","player_choice":"Got JAXXED","floor":24,"damage_taken":0},{"event_name":"Vampires","player_choice":"Ignored","floor":29,"damage_taken":0},{"event_name":"The Woman in Blue","player_choice":"Bought 0 Potions","floor":37,"damage_taken":0}],"boss_relics":[{"not_picked":["Orrery","White Beast Statue"],"picked":"Black Star"},{"not_picked":["Mark of Pain","Runic Dome"],"picked":"Runic Cube"}],"potions_floor_spawned":[1,3,5,11,22,27,33,38,39],"seed_played":"-4491295004294890374","killed_by":"Nemesis","ascension_level":0,"is_trial":false}