{"gold_per_floor":[114,114,114,134,149,179,179,210,210,210,210,229,4,25,25,120,120,140,160,160,2,22,22,58,72,149,168,183,202,202,245,245,339,339,352,181,194,214,239,278,278,316,340,340,72,72,112,112,112,112,112,112,37,37],"floor_reached":54,"playtime":3987,"items_purged":["Strike_R"],"score":1576,"play_id":"692fca43-5d10-4ba1-ba33-428e1a476876","local_time":"20190403190235","is_ascension_mode":true,"campfire_choices":[{"data":"Corruption","floor":7.0,"key":"SMITH"},{"data":"Inflame","floor":10.0,"key":"SMITH"},{"data":"Pommel Strike","floor":15,"key":"SMITH"},{"floor":23,"key":"REST"},{"data":"Warcry","floor":32,"key":"SMITH"},{"floor":41,"key":"REST"},{"floor":44,"key":"RECALL"},{"data":"Offering","floor":49,"key":"SMITH"},{"data":"Feel No Pain","floor":52,"key":"SMITH"}],"neow_cost":"NONE","seed_source_timestamp":0,"circlet_count":0,"master_deck":["AscendersBane","Strike_R+1","Strike_R+1","Strike_R+1","Strike_R+1","Defend_R+1","Defend_R+1","Defend_R+1","Defend_R+1","Bash+1","Corruption+1","Combust","Inflame+1","Whirlwind","Feel No Pain+1","Anger","Pommel Strike+1","Offering+1","Headbutt","Rupture","Warcry+1","Havoc","Burning Pact","Pommel Strike","Havoc","Feel No Pain","Shrug It Off","Offering+1","Warcry+1","Seeing Red","Metallicize+1","Sentinel","Doubt","Metallicize"],"special_seed":0,"relics":["Burning Blood","NeowsBlessing","Thread and Needle","Letter Opener","Gambling Chip","Golden Idol","Centennial Puzzle","Philosopher\u0027s Stone","Anchor","Question Card","Vajra","Mark of Pain","Bag of Preparation","Ginger","Lantern","Ornamental Fan","Potion Belt"],"potions_floor_usage":[16,18,19,28,28,31,33,47,50,50],"damage_taken":[{"damage":0.0,"enemies":"Jaw Worm","floor":1.0,"turns":1.0},{"damage":0.0,"enemies":"Small Slimes","floor":4.0,"turns":2.0},{"damage":0.0,"enemies":"2 Louse","floor":5.0,"turns":1.0},{"damage":41.0,"enemies":"3 Sentries","floor":6.0,"turns":7.0},{"damage":22.0,"enemies":"Lagavulin","floor":8.0,"turns":6.0},{"damage":9.0,"enemies":"Blue Slaver","floor":12.0,"turns":3.0},{"damage":5.0,"enemies":"Red Slaver","floor":14.0,"turns":3.0},{"damage":34,"enemies":"Hexaghost","floor":16,"turns":8},{"damage":6,"enemies":"2 Thieves","floor":18,"turns":1},{"damage":6,"enemies":"Shell Parasite","floor":19,"turns":3},{"damage":25,"enemies":"Centurion and Healer","floor":22,"turns":4},{"damage":6,"enemies":"Gremlin Leader","floor":24,"turns":5},{"damage":8,"enemies":"3 Cultists","floor":25,"turns":3},{"damage":13,"enemies":"Chosen and Byrds","floor":27,"turns":5},{"damage":8,"enemies":"Cultist and Chosen","floor":28,"turns":5},{"damage":14,"enemies":"Snake Plant","floor":29,"turns":3},{"damage":9,"enemies":"Book of Stabbing","floor":31,"turns":4},{"damage":17,"enemies":"Champ","floor":33,"turns":7},{"damage":6,"enemies":"Orb Walker","floor":35,"turns":3},{"damage":14,"enemies":"3 Shapes","floor":37,"turns":2},{"damage":12,"enemies":"3 Darklings","floor":38,"turns":2},{"damage":12,"enemies":"Transient","floor":39,"turns":6},{"damage":18,"enemies":"Nemesis","floor":40,"turns":5},{"damage":13,"enemies":"Reptomancer","floor":42,"turns":4},{"damage":14,"enemies":"Giant Head","floor":47,"turns":5},{"damage":30,"enemies":"Donu and Deca","floor":50,"turns":7},{"damage":57,"enemies":"Shield and Spear","floor":54,"turns":2}],"seed_played":"-732785398805751181","potions_obtained":[{"floor":1.0,"key":"Fire Potion"},{"floor":5.0,"key":"Regen Potion"},{"floor":8.0,"key":"Ancient Potion"},{"floor":12.0,"key":"Regen Potion"},{"floor":14,"key":"Weak Potion"},{"floor":16,"key":"FearPotion"},{"floor":22,"key":"Poison Potion"},{"floor":27,"key":"AttackPotion"},{"floor":28,"key":"PowerPotion"},{"floor":29,"key":"Fire Potion"},{"floor":39,"key":"Poison Potion"},{"floor":40,"key":"Swift Potion"},{"floor":47,"key":"Weak Potion"}],"is_trial":false,"path_per_floor":["M","?","?","M","M","E","R","E","T","R","?","M","$","M","R","B",null,"M","M","?","$","M","R","E","M","T","M","M","M","?","E","R","B",null,"M","$","M","M","M","E","R","E","T","R","$","?","E","?","R","B",null,"R","$","E"],"character_chosen":"IRONCLAD","items_purchased":["Centennial Puzzle","Anger","Rupture","Bag of Preparation","Ornamental Fan","Metallicize"],"campfire_rested":2,"item_purchase_floors":[13,13,21,36,45,53],"current_hp_per_floor":[74,74,74,75,75,40,40,39,39,39,39,36,36,37,37,24,57,57,57,57,57,38,58,58,56,56,49,47,39,39,36,36,25,57,57,57,49,43,37,25,45,38,38,38,38,56,48,56,56,32,50,50,50,0],"gold":37,"neow_bonus":"THREE_ENEMY_KILL","is_prod":false,"is_daily":false,"chose_seed":false,"campfire_upgraded":6,"win_rate":0,"timestamp":1554310955,"path_taken":["M","?","?","M","?","E","R","E","T","R","?","M","$","M","R","BOSS","M","M","?","$","M","R","E","?","T","M","M","M","?","E","R","BOSS","M","$","M","M","M","E","R","E","T","R","$","?","E","?","R","BOSS","R","$","E"],"build_version":"2019-01-23","purchased_purges":1,"victory":false,"max_hp_per_floor":[75,75,75,75,75,75,75,75,75,75,68,68,68,68,68,68,68,68,68,68,68,68,68,68,68,68,68,68,68,68,68,68,68,68,68,68,68,68,68,68,68,68,68,68,68,56,56,56,56,56,56,56,56,56],"card_choices":[{"not_picked":["Clash","Reckless Charge"],"picked":"Corruption","floor":1.0},{"not_picked":["Thunderclap","Headbutt"],"picked":"Combust","floor":4.0},{"not_picked":["True Grit","Wild Strike"],"picked":"Inflame","floor":5.0},{"not_picked":["Bloodletting","Berserk","Thunderclap"],"picked":"SKIP","floor":6.0},{"not_picked":["Shrug It Off","Double Tap"],"picked":"Whirlwind","floor":8.0},{"not_picked":["Perfected Strike","Intimidate"],"picked":"Feel No Pain","floor":12.0},{"not_picked":["Second Wind","Sword Boomerang"],"picked":"Pommel Strike","floor":14},{"not_picked":["Brutality","Juggernaut"],"picked":"Offering","floor":16},{"not_picked":["Clothesline","Body Slam"],"picked":"Headbutt","floor":18},{"not_picked":["Fire Breathing","Rampage","Reckless Charge"],"picked":"SKIP","floor":19},{"not_picked":["Feel No Pain","Entrench"],"picked":"Warcry","floor":22},{"not_picked":["Wild Strike","Twin Strike+1"],"picked":"Havoc","floor":24},{"not_picked":["Headbutt+1","Pommel Strike"],"picked":"Burning Pact","floor":25},{"not_picked":["Thunderclap","Dual Wield","Perfected Strike"],"picked":"Pommel Strike","floor":27},{"not_picked":["Rage","Immolate","Rampage"],"picked":"Havoc","floor":28},{"not_picked":["Sword Boomerang","Anger","Inflame+1"],"picked":"Feel No Pain","floor":29},{"not_picked":["Rampage+1","Pommel Strike","Reckless Charge"],"picked":"Shrug It Off","floor":31},{"not_picked":["Demon Form","Brutality","Impervious"],"picked":"Offering","floor":33},{"not_picked":["Headbutt","Perfected Strike+1","Thunderclap","Intimidate"],"picked":"SKIP","floor":35},{"not_picked":["Body Slam","Flex","Thunderclap"],"picked":"Warcry+1","floor":37},{"not_picked":["Headbutt","Clothesline+1","Warcry+1"],"picked":"Seeing Red","floor":38},{"not_picked":["Clothesline","Shrug It Off+1","Flame Barrier","Battle Trance"],"picked":"SKIP","floor":39},{"not_picked":["Ghostly Armor","Wild Strike","Combust"],"picked":"Metallicize+1","floor":40},{"not_picked":["Bludgeon","Iron Wave","Exhume","Wild Strike"],"picked":"SKIP","floor":42},{"not_picked":["Battle Trance+1","Immolate","Anger"],"picked":"Sentinel","floor":47}],"player_experience":525141,"relics_obtained":[{"floor":6.0,"key":"Thread and Needle"},{"floor":8.0,"key":"Letter Opener"},{"floor":9.0,"key":"Gambling Chip"},{"floor":24,"key":"Anchor"},{"floor":26,"key":"Question Card"},{"floor":31,"key":"Vajra"},{"floor":40,"key":"Ginger"},{"floor":42,"key":"Lantern"},{"floor":47,"key":"Potion Belt"}],"event_choices":[{"damage_healed":0.0,"max_hp_gain":0.0,"max_hp_loss":0.0,"gold_gain":0.0,"event_name":"Living Wall","player_choice":"Grow","floor":2.0,"gold_loss":0.0,"damage_taken":0.0,"cards_upgraded":["Bash"]},{"damage_healed":0.0,"max_hp_gain":0.0,"max_hp_loss":0.0,"gold_gain":0.0,"event_name":"Liars Game","player_choice":"Ignored","floor":3.0,"gold_loss":0.0,"damage_taken":0.0},{"damage_healed":0.0,"max_hp_gain":0.0,"max_hp_loss":7.0,"gold_gain":0.0,"event_name":"Golden Idol","player_choice":"Lose Max HP","floor":11.0,"gold_loss":0.0,"damage_taken":0.0,"relics_obtained":["Golden Idol"]},{"damage_healed":0,"gold_gain":0,"player_choice":"Forge","damage_taken":0,"max_hp_gain":0,"max_hp_loss":0,"event_name":"Accursed Blacksmith","floor":20,"gold_loss":0,"cards_upgraded":["Offering"]},{"damage_healed":0,"gold_gain":0,"player_choice":"Simplicity","damage_taken":0,"max_hp_gain":0,"max_hp_loss":0,"event_name":"Back to Basics","floor":30,"gold_loss":0,"cards_upgraded":["Strike_R","Strike_R","Strike_R","Strike_R","Defend_R","Defend_R","Defend_R","Defend_R"]},{"damage_healed":56,"gold_gain":0,"player_choice":"Heal","damage_taken":0,"max_hp_gain":0,"max_hp_loss":12,"event_name":"The Moai Head","floor":46,"gold_loss":0},{"damage_healed":8,"gold_gain":0,"player_choice":"Heal","damage_taken":0,"max_hp_gain":0,"max_hp_loss":0,"event_name":"MindBloom","floor":48,"gold_loss":0,"cards_obtained":["Doubt"]}],"is_beta":false,"boss_relics":[{"not_picked":["Empty Cage","Ectoplasm"],"picked":"Philosopher\u0027s Stone"},{"not_picked":["Pandora\u0027s Box","Eternal Feather"],"picked":"Mark of Pain"}],"items_purged_floors":[21],"is_endless":false,"potions_floor_spawned":[1,5,8,12,14,16,22,27,28,29,39,40,47],"killed_by":"Shield and Spear","ascension_level":17}