{"gold_per_floor":[13,31,31,51,51,83,83,100,178,353,353,380,394,429,429,526,526,514,514,42,42,56,56,82,82,82,82,116,116,148,175,175,271,271,282,282,282,292,292,318,17,17,93,123,123,149,161,208,208,208,208,208,9,58,58],"floor_reached":56,"playtime":8657,"items_purged":["Defend_B","Defend_B"],"score":2088,"play_id":"484cf62b-d62e-41cf-a942-f51f5a6c263f","local_time":"20190801012702","is_ascension_mode":true,"campfire_choices":[{"data":"Zap","floor":7.0,"key":"SMITH"},{"data":"Dualcast","floor":11.0,"key":"SMITH"},{"data":"Buffer","floor":15.0,"key":"SMITH"},{"data":"Loop","floor":23.0,"key":"SMITH"},{"data":"Capacitor","floor":25.0,"key":"SMITH"},{"data":"Hologram","floor":27.0,"key":"SMITH"},{"data":"Echo Form","floor":32.0,"key":"SMITH"},{"data":"Impatience","floor":42.0,"key":"SMITH"},{"data":"Beam Cell","floor":45.0,"key":"SMITH"},{"floor":49.0,"key":"RECALL"},{"data":"Jack Of All Trades","floor":52.0,"key":"SMITH"}],"neow_cost":"NO_GOLD","seed_source_timestamp":0,"circlet_count":0,"master_deck":["AscendersBane","Defend_B","Zap+1","Dualcast+1","All For One","Ball Lightning","Cold Snap","Chill","Steam","Gash","Hologram+1","Loop+1","Chill","Buffer+1","Echo Form+1","Go for the Eyes+1","Core Surge","Storm","Gash","Ghostly","Ghostly","Ghostly","Ghostly","Ghostly","Capacitor+1","Echo Form","BootSequence","Streamline+1","Creative AI","Panacea","Flash of Steel","Jack Of All Trades+1","Beam Cell+1","Impatience+1","Compile Driver+1","Meteor Strike+1","Storm"],"special_seed":0,"relics":["Cracked Core","Mango","Omamori","Bottled Lightning","Odd Mushroom","WingedGreaves","Nuclear Battery","Medical Kit","Blood Vial","Boot","Shuriken","Mummified Hand","Enchiridion","Red Mask","Centennial Puzzle","Runic Dome","Ancient Tea Set","ClockworkSouvenir","The Courier","Potion Belt","Meat on the Bone","Molten Egg 2","Art of War"],"potions_floor_usage":[55,55,55,55,55],"damage_taken":[{"damage":0.0,"enemies":"Small Slimes","floor":1.0,"turns":2.0},{"damage":0.0,"enemies":"2 Louse","floor":2.0,"turns":3.0},{"damage":2.0,"enemies":"Jaw Worm","floor":4.0,"turns":3.0},{"damage":18.0,"enemies":"Lagavulin","floor":6.0,"turns":6.0},{"damage":0.0,"enemies":"2 Fungi Beasts","floor":8.0,"turns":3.0},{"damage":7.0,"enemies":"The Mushroom Lair","floor":12.0,"turns":4.0},{"damage":1.0,"enemies":"Large Slime","floor":13.0,"turns":5.0},{"damage":1.0,"enemies":"3 Sentries","floor":14.0,"turns":6.0},{"damage":25.0,"enemies":"The Guardian","floor":16.0,"turns":9.0},{"damage":13.0,"enemies":"2 Thieves","floor":18.0,"turns":4.0},{"damage":0.0,"enemies":"Shell Parasite","floor":22.0,"turns":6.0},{"damage":23.0,"enemies":"Slavers","floor":24.0,"turns":8.0},{"damage":0.0,"enemies":"Book of Stabbing","floor":28.0,"turns":7.0},{"damage":15.0,"enemies":"Masked Bandits","floor":30.0,"turns":5.0},{"damage":0.0,"enemies":"Gremlin Leader","floor":31.0,"turns":8.0},{"damage":0.0,"enemies":"Champ","floor":33.0,"turns":7.0},{"damage":0.0,"enemies":"Orb Walker","floor":35.0,"turns":4.0},{"damage":0.0,"enemies":"3 Darklings","floor":38.0,"turns":5.0},{"damage":1.0,"enemies":"Nemesis","floor":40.0,"turns":3.0},{"damage":0.0,"enemies":"Giant Head","floor":44.0,"turns":6.0},{"damage":1.0,"enemies":"Nemesis","floor":46.0,"turns":5.0},{"damage":0.0,"enemies":"Transient","floor":47.0,"turns":5.0},{"damage":0.0,"enemies":"Giant Head","floor":48.0,"turns":5.0},{"damage":10.0,"enemies":"Donu and Deca","floor":50.0,"turns":5.0},{"damage":3.0,"enemies":"Shield and Spear","floor":54.0,"turns":5.0},{"damage":20,"enemies":"The Heart","floor":55,"turns":6}],"seed_played":"158514867587221579","potions_obtained":[{"floor":4.0,"key":"SteroidPotion"},{"floor":8.0,"key":"Dexterity Potion"},{"floor":12.0,"key":"LiquidBronze"},{"floor":14.0,"key":"Regen Potion"},{"floor":18.0,"key":"Weak Potion"},{"floor":31.0,"key":"Fire Potion"},{"floor":44.0,"key":"SkillPotion"},{"floor":46.0,"key":"EssenceOfSteel"},{"floor":47.0,"key":"PowerPotion"},{"floor":48.0,"key":"EssenceOfSteel"}],"is_trial":false,"path_per_floor":["M","M","?","M","?","E","R","M","T","?","R","?","M","E","R","B",null,"M","?","$","?","M","R","E","R","T","R","E","?","?","E","R","B",null,"M","?","T","M","?","E","$","R","T","E","R","E","M","E","R","B",null,"R","$","E","B",null],"character_chosen":"DEFECT","items_purchased":["Medical Kit","Blood Vial","Gash","Impatience","ClockworkSouvenir","Meteor Strike+1","FocusPotion"],"campfire_rested":0,"item_purchase_floors":[20,20,20,41,41,53,53],"current_hp_per_floor":[68,68,68,66,73,55,55,55,55,55,55,48,47,46,46,21,72,59,59,59,44,44,44,36,36,36,36,38,22,9,11,11,13,36,38,28,28,30,30,31,31,31,31,33,33,34,36,38,38,30,39,39,39,38,32],"gold":58,"neow_bonus":"TRANSFORM_TWO_CARDS","is_prod":false,"is_daily":false,"chose_seed":false,"campfire_upgraded":10,"win_rate":0,"timestamp":1564648022,"path_taken":["M","M","?","M","?","E","R","M","T","?","R","?","M","E","R","BOSS","M","?","$","?","M","R","E","R","T","R","E","?","?","E","R","BOSS","M","?","?","M","?","E","?","R","T","E","R","E","M","E","R","BOSS","R","$","E","BOSS"],"build_version":"2019-07-17","purchased_purges":2,"victory":true,"max_hp_per_floor":[75,75,75,75,89,89,89,89,89,89,89,89,89,89,89,89,89,89,89,89,44,44,44,44,44,44,44,44,44,44,44,44,44,44,44,44,44,44,42,42,42,42,42,42,42,42,42,42,42,42,42,42,42,42,42],"card_choices":[{"not_picked":["Hologram","Gash"],"picked":"Cold Snap","floor":1.0},{"not_picked":["Leap","Coolheaded"],"picked":"Chill","floor":2.0},{"not_picked":["Auto Shields","Sweeping Beam"],"picked":"Steam","floor":4.0},{"not_picked":["Steam Power","Turbo"],"picked":"Gash","floor":6.0},{"not_picked":["Melter","Coolheaded"],"picked":"Hologram","floor":8.0},{"not_picked":["Steam","Compile Driver"],"picked":"Loop","floor":12.0},{"not_picked":["Redo","Cold Snap"],"picked":"Chill","floor":13.0},{"not_picked":["Storm","Chaos"],"picked":"Buffer","floor":14.0},{"not_picked":["Meteor Strike","Reboot"],"picked":"Echo Form","floor":16.0},{"not_picked":["Coolheaded+1","White Noise"],"picked":"Go for the Eyes+1","floor":18.0},{"not_picked":["Self Repair","Go for the Eyes+1"],"picked":"Capacitor","floor":22.0},{"not_picked":["Loop","Recycle"],"picked":"Echo Form","floor":24.0},{"not_picked":["Go for the Eyes","Hologram"],"picked":"BootSequence","floor":28.0},{"not_picked":["Leap","Cold Snap"],"picked":"Streamline+1","floor":30.0},{"not_picked":["Coolheaded","Hologram+1","Leap"],"picked":"SKIP","floor":31.0},{"not_picked":["Core Surge","Buffer"],"picked":"Creative AI","floor":33.0},{"not_picked":["Chaos+1","Ball Lightning+1","Cold Snap"],"picked":"SKIP","floor":35.0},{"not_picked":["Forethought","PanicButton"],"picked":"Panacea","floor":36.0},{"not_picked":["Discovery","Bandage Up"],"picked":"Flash of Steel","floor":36.0},{"not_picked":["PanicButton","Good Instincts"],"picked":"Jack Of All Trades","floor":36.0},{"not_picked":["Scrape","Cold Snap"],"picked":"Beam Cell","floor":38.0},{"not_picked":["Darkness","Ball Lightning","Conserve Battery"],"picked":"SKIP","floor":40.0},{"not_picked":["Creative AI","Redo","Leap"],"picked":"SKIP","floor":44.0},{"not_picked":["Streamline","Ball Lightning","Coolheaded"],"picked":"SKIP","floor":46.0},{"not_picked":["Reprogram+1","Auto Shields","Steam"],"picked":"SKIP","floor":47.0},{"not_picked":["Coolheaded","Sweeping Beam+1"],"picked":"Compile Driver+1","floor":48.0},{"not_picked":["Aggregate+1","Meteor Strike+1"],"picked":"Storm","floor":54.0}],"player_experience":554030,"relics_obtained":[{"floor":6.0,"key":"Omamori"},{"floor":9.0,"key":"Bottled Lightning"},{"floor":12.0,"key":"Odd Mushroom"},{"floor":14.0,"key":"WingedGreaves"},{"floor":24.0,"key":"Boot"},{"floor":26.0,"key":"Shuriken"},{"floor":28.0,"key":"Mummified Hand"},{"floor":29.0,"key":"Enchiridion"},{"floor":30.0,"key":"Red Mask"},{"floor":31.0,"key":"Centennial Puzzle"},{"floor":40.0,"key":"Ancient Tea Set"},{"floor":43.0,"key":"The Courier"},{"floor":44.0,"key":"Potion Belt"},{"floor":46.0,"key":"Meat on the Bone"},{"floor":48.0,"key":"Molten Egg 2"},{"floor":54.0,"key":"Art of War"}],"event_choices":[{"cards_removed":["Strike_B"],"damage_healed":0.0,"max_hp_gain":0.0,"max_hp_loss":0.0,"gold_gain":0.0,"event_name":"Living Wall","player_choice":"Forget","floor":3.0,"gold_loss":0.0,"damage_taken":0.0},{"damage_healed":0.0,"max_hp_gain":0.0,"max_hp_loss":0.0,"gold_gain":0.0,"event_name":"Scrap Ooze","player_choice":"Success","floor":5.0,"gold_loss":0.0,"damage_taken":7.0,"relics_obtained":["Mango"]},{"damage_healed":0.0,"max_hp_gain":0.0,"max_hp_loss":0.0,"gold_gain":175.0,"event_name":"Liars Game","player_choice":"AGREE","floor":10.0,"gold_loss":0.0,"damage_taken":0.0,"cards_obtained":["Doubt"]},{"damage_healed":0.0,"max_hp_gain":0.0,"max_hp_loss":0.0,"gold_gain":0.0,"event_name":"Mushrooms","player_choice":"Fought Mushrooms","floor":12.0,"gold_loss":0.0,"damage_taken":0.0},{"damage_healed":0.0,"max_hp_gain":0.0,"max_hp_loss":0.0,"gold_gain":0.0,"cards_transformed":["Strike_B","Strike_B"],"event_name":"Drug Dealer","player_choice":"Became Test Subject","floor":19.0,"gold_loss":0.0,"damage_taken":0.0,"cards_obtained":["Core Surge","Storm"]},{"damage_healed":0.0,"max_hp_gain":0.0,"max_hp_loss":45.0,"gold_gain":0.0,"event_name":"Ghosts","player_choice":"Became a Ghost","floor":21.0,"gold_loss":0.0,"damage_taken":0.0,"cards_obtained":["Ghostly","Ghostly","Ghostly","Ghostly","Ghostly"]},{"damage_healed":0.0,"max_hp_gain":0.0,"max_hp_loss":0.0,"gold_gain":0.0,"event_name":"Cursed Tome","player_choice":"Obtained Book","floor":29.0,"gold_loss":0.0,"damage_taken":16.0},{"damage_healed":0.0,"max_hp_gain":0.0,"max_hp_loss":0.0,"gold_gain":0.0,"event_name":"Masked Bandits","player_choice":"Fought Bandits","floor":30.0,"gold_loss":0.0,"damage_taken":0.0},{"damage_healed":0.0,"max_hp_gain":0.0,"max_hp_loss":0.0,"gold_gain":0.0,"event_name":"SensoryStone","player_choice":"Memory 3","floor":36.0,"gold_loss":0.0,"damage_taken":10.0},{"damage_healed":0.0,"max_hp_gain":0.0,"max_hp_loss":2.0,"gold_gain":0.0,"event_name":"Winding Halls","player_choice":"Max HP","floor":39.0,"gold_loss":0.0,"damage_taken":0.0}],"is_beta":false,"boss_relics":[{"not_picked":["Black Star","Astrolabe"],"picked":"Nuclear Battery"},{"not_picked":["Philosopher\u0027s Stone","Eternal Feather"],"picked":"Runic Dome"}],"items_purged_floors":[20,53],"is_endless":false,"potions_floor_spawned":[4,8,12,14,18,22,31,44,46,47,48,54],"ascension_level":10}