{"gold_per_floor":[114,130,141,156,168,200,200,165,218,218,218,236,253,253,253,328,328,328],"floor_reached":18,"playtime":896,"items_purged":[],"score":328,"play_id":"9d4d7e9f-48e2-4b43-b39d-7e7fe60eaeec","local_time":"20190421175703","is_ascension_mode":true,"campfire_choices":[{"floor":7,"key":"REST"},{"data":"Bash","floor":10,"key":"SMITH"},{"floor":15,"key":"REST"}],"neow_cost":"NONE","seed_source_timestamp":3094205456878,"circlet_count":0,"master_deck":["AscendersBane","Strike_R","Strike_R","Strike_R+1","Strike_R","Strike_R","Defend_R","Defend_R","Defend_R","Defend_R","Bash+1","Spot Weakness","Iron Wave","Sever Soul","Anger","Demon Form","Limit Break+1","Shrug It Off","Thunderclap","Dark Embrace"],"relics":["Black Blood","Bag of Marbles","Anchor"],"potions_floor_usage":[5,6],"damage_taken":[{"damage":12,"enemies":"Jaw Worm","floor":1,"turns":2},{"damage":7,"enemies":"2 Louse","floor":2,"turns":3},{"damage":6,"enemies":"Small Slimes","floor":3,"turns":4},{"damage":3,"enemies":"2 Fungi Beasts","floor":4,"turns":4},{"damage":14,"enemies":"Large Slime","floor":5,"turns":6},{"damage":48,"enemies":"Gremlin Nob","floor":6,"turns":5},{"damage":2,"enemies":"3 Louse","floor":12,"turns":4},{"damage":17,"enemies":"Exordium Wildlife","floor":13,"turns":5},{"damage":38,"enemies":"Hexaghost","floor":16,"turns":7},{"damage":6,"enemies":"3 Byrds","floor":18,"turns":3}],"seed_played":"-1878256235985402605","potions_obtained":[{"floor":1,"key":"Swift Potion"},{"floor":2,"key":"Dexterity Potion"},{"floor":13,"key":"SteroidPotion"}],"is_trial":false,"path_per_floor":["M","M","M","M","M","E","R","?","T","R","?","M","M","?","R","B",null,"M"],"character_chosen":"IRONCLAD","items_purchased":[],"campfire_rested":2,"item_purchase_floors":[],"current_hp_per_floor":[69,68,68,71,63,21,45,65,65,65,65,69,58,33,57,25,68,62],"gold":328,"neow_bonus":"TEN_PERCENT_HP_BONUS","is_prod":false,"is_daily":false,"chose_seed":false,"campfire_upgraded":1,"win_rate":0,"timestamp":1555862223,"path_taken":["M","M","M","M","M","E","R","?","T","R","?","M","?","?","R","BOSS","M"],"build_version":"2019-01-23","purchased_purges":0,"victory":false,"max_hp_per_floor":[82,82,82,82,82,82,82,82,82,82,82,82,82,82,82,82,82,82],"card_choices":[{"not_picked":["Headbutt","Evolve"],"picked":"Spot Weakness","floor":1},{"not_picked":["Fire Breathing","Sentinel"],"picked":"Iron Wave","floor":2},{"not_picked":["Sentinel","Armaments"],"picked":"Sever Soul","floor":3},{"not_picked":["Headbutt","Body Slam"],"picked":"Anger","floor":4},{"not_picked":["Anger","Wild Strike"],"picked":"Demon Form","floor":5},{"not_picked":["Body Slam","Entrench"],"picked":"Limit Break","floor":6},{"not_picked":["Havoc","Clash"],"picked":"Shrug It Off","floor":12},{"not_picked":["Warcry","Second Wind"],"picked":"Thunderclap","floor":13},{"not_picked":["Barricade","Juggernaut"],"picked":"Dark Embrace","floor":16}],"player_experience":602312,"relics_obtained":[{"floor":6,"key":"Bag of Marbles"},{"floor":9,"key":"Anchor"}],"event_choices":[{"damage_healed":20,"gold_gain":0,"player_choice":"Healed","damage_taken":0,"max_hp_gain":0,"max_hp_loss":0,"event_name":"The Cleric","floor":8,"gold_loss":35},{"damage_healed":0,"gold_gain":0,"player_choice":"Ignored","damage_taken":0,"max_hp_gain":0,"max_hp_loss":0,"event_name":"Liars Game","floor":11,"gold_loss":0},{"damage_healed":0,"gold_gain":0,"player_choice":"Entered Light","damage_taken":25,"max_hp_gain":0,"max_hp_loss":0,"event_name":"Shining Light","floor":14,"gold_loss":0,"cards_upgraded":["Limit Break","Strike_R"]}],"is_beta":false,"boss_relics":[{"not_picked":["White Beast Statue","Velvet Choker"],"picked":"Black Blood"}],"items_purged_floors":[],"is_endless":false,"potions_floor_spawned":[1,2,3,13],"killed_by":"3 Byrds","ascension_level":20}