{"gold_per_floor":[112,132,97,97,2,2,37,37,62,88,88,165,178,203,203,277,277,294,294,219,49,69,69,82,108,108,125,125,138,12,38,38,112,112,129,143,243,296,312,312,342,342,342,342,369,369,36,36,36,36,36,36,36,36,65,65],"floor_reached":56,"playtime":8976,"items_purged":["Defend_B","Strike_B","Defend_B","Strike_B"],"score":2064,"play_id":"f8220f82-cee7-48fe-b27e-685ffe0a209c","local_time":"20190821215311","is_ascension_mode":true,"campfire_choices":[{"data":"Loop","floor":6.0,"key":"SMITH"},{"data":"Chaos","floor":8.0,"key":"SMITH"},{"data":"Dualcast","floor":11.0,"key":"SMITH"},{"data":"Redo","floor":15.0,"key":"SMITH"},{"data":"Capacitor","floor":23.0,"key":"SMITH"},{"data":"Redo","floor":28.0,"key":"SMITH"},{"data":"Steam Power","floor":32.0,"key":"SMITH"},{"data":"Loop","floor":40.0,"key":"SMITH"},{"data":"Defragment","floor":42.0,"key":"SMITH"},{"floor":44.0,"key":"REST"},{"floor":46.0,"key":"REST"},{"floor":49.0,"key":"RECALL"},{"data":"Seek","floor":53.0,"key":"SMITH"}],"neow_cost":"NONE","seed_source_timestamp":0,"circlet_count":0,"master_deck":["AscendersBane","Strike_B","Defend_B","Defend_B","Zap+1","Dualcast+1","Chill","Undo","Loop+1","Chaos+1","Cold Snap","Redo+1","Self Repair","Echo Form","Steam Power+1","Capacitor+1","FTL","Compile Driver","Redo+1","Conserve Battery+1","Capacitor","Hologram+1","Seek+1","Streamline","Echo Form","Writhe","Conserve Battery+1","Barrage+1","Rebound+1","Loop+1","Defragment+1","Loop+1","Lockon","Reinforced Body"],"special_seed":0,"relics":["Cracked Core","Smiling Mask","Orichalcum","Boot","FossilizedHelix","Symbiotic Virus","Pen Nib","Nuclear Battery","Enchiridion","Omamori","Bottled Tornado","Question Card","Calling Bell","Art of War","Gremlin Horn","Unceasing Top","Torii","WingedGreaves","Ginger","Lantern","DataDisk","Bronze Scales"],"potions_floor_usage":[56],"damage_taken":[{"damage":7.0,"enemies":"Jaw Worm","floor":1.0,"turns":3.0},{"damage":3.0,"enemies":"Small Slimes","floor":2.0,"turns":3.0},{"damage":14.0,"enemies":"3 Sentries","floor":7.0,"turns":14.0},{"damage":8.0,"enemies":"Lagavulin","floor":10.0,"turns":8.0},{"damage":0.0,"enemies":"2 Louse","floor":13.0,"turns":2.0},{"damage":0.0,"enemies":"Gremlin Nob","floor":14.0,"turns":3.0},{"damage":0.0,"enemies":"The Guardian","floor":16.0,"turns":8.0},{"damage":12.0,"enemies":"Chosen","floor":18.0,"turns":6.0},{"damage":5.0,"enemies":"Shell Parasite","floor":22.0,"turns":5.0},{"damage":0.0,"enemies":"Centurion and Healer","floor":24.0,"turns":5.0},{"damage":3.0,"enemies":"Book of Stabbing","floor":25.0,"turns":5.0},{"damage":23.0,"enemies":"Cultist and Chosen","floor":27.0,"turns":7.0},{"damage":1.0,"enemies":"Snecko","floor":29.0,"turns":6.0},{"damage":22.0,"enemies":"Gremlin Leader","floor":31.0,"turns":6.0},{"damage":31.0,"enemies":"Collector","floor":33.0,"turns":5.0},{"damage":0.0,"enemies":"Orb Walker","floor":35.0,"turns":4.0},{"damage":13.0,"enemies":"3 Shapes","floor":36.0,"turns":3.0},{"damage":5.0,"enemies":"Mind Bloom Boss Battle","floor":37.0,"turns":6.0},{"damage":52.0,"enemies":"2 Orb Walkers","floor":38.0,"turns":5.0},{"damage":0.0,"enemies":"3 Darklings","floor":39.0,"turns":7.0},{"damage":33.0,"enemies":"Nemesis","floor":41.0,"turns":6.0},{"damage":9.0,"enemies":"Reptomancer","floor":45.0,"turns":5.0},{"damage":18.0,"enemies":"Time Eater","floor":50.0,"turns":7.0},{"damage":15.0,"enemies":"Donu and Deca","floor":51.0,"turns":7.0},{"damage":50.0,"enemies":"Shield and Spear","floor":55.0,"turns":6.0},{"damage":38,"enemies":"The Heart","floor":56,"turns":5}],"seed_played":"8306473756209988558","potions_obtained":[{"floor":1.0,"key":"SteroidPotion"},{"floor":2.0,"key":"SpeedPotion"},{"floor":16.0,"key":"Weak Potion"},{"floor":24.0,"key":"Energy Potion"},{"floor":25.0,"key":"Fire Potion"},{"floor":29.0,"key":"Swift Potion"},{"floor":31.0,"key":"FocusPotion"},{"floor":35.0,"key":"Block Potion"},{"floor":45.0,"key":"SkillPotion"},{"floor":55.0,"key":"AttackPotion"}],"is_trial":false,"path_per_floor":["M","M","?","?","$","R","E","R","T","E","R","T","M","E","R","B",null,"M","?","?","$","M","R","M","E","T","M","R","M","$","E","R","B",null,"M","M","?","?","M","R","E","R","T","R","E","R","$","?","R","B","B",null,"R","$","E","B"],"character_chosen":"DEFECT","items_purchased":["Loop","Capacitor","FTL","Seek","DataDisk","Lockon","FocusPotion"],"campfire_rested":2,"item_purchase_floors":[5,21,21,30,47,47,47],"current_hp_per_floor":[57,54,71,66,66,66,52,52,52,44,44,44,44,44,44,51,66,68,47,47,47,49,49,56,67,67,58,58,71,71,63,63,46,65,65,52,61,23,37,37,18,18,18,39,44,65,65,65,65,54,53,67,67,67,24,0],"gold":65,"neow_bonus":"UPGRADE_CARD","is_prod":false,"is_daily":false,"chose_seed":false,"campfire_upgraded":10,"win_rate":0,"timestamp":1566449591,"path_taken":["M","M","?","?","$","R","E","R","T","E","R","?","?","E","R","BOSS","M","?","?","?","M","R","M","E","T","M","R","M","$","E","R","BOSS","M","M","?","?","M","R","E","R","T","R","E","R","$","?","R","BOSS","BOSS","R","$","E","BOSS"],"build_version":"2019-07-17","purchased_purges":4,"victory":false,"max_hp_per_floor":[71,71,71,71,71,71,71,71,71,71,71,71,71,71,71,71,71,71,71,71,71,71,71,71,71,71,71,71,71,71,71,71,71,71,71,71,71,71,71,71,71,71,71,71,71,71,71,71,71,71,71,71,71,71,71,71],"card_choices":[{"not_picked":["Loop","Lockon"],"picked":"Chill","floor":1.0},{"not_picked":["Conserve Battery","Hello World"],"picked":"Undo","floor":2.0},{"not_picked":["Ball Lightning","Sweeping Beam"],"picked":"Chaos","floor":7.0},{"not_picked":["Leap","Force Field"],"picked":"Cold Snap","floor":10.0},{"not_picked":["Ball Lightning","Fusion"],"picked":"Redo","floor":13.0},{"not_picked":["Streamline","Darkness"],"picked":"Self Repair","floor":14.0},{"not_picked":["Multi-Cast","All For One"],"picked":"Echo Form","floor":16.0},{"not_picked":["Rip and Tear","Heatsinks"],"picked":"Steam Power","floor":18.0},{"not_picked":["Cold Snap","Scrape"],"picked":"Compile Driver","floor":22.0},{"not_picked":["Rebound","Sweeping Beam"],"picked":"Redo","floor":24.0},{"not_picked":["White Noise","Hologram"],"picked":"Conserve Battery+1","floor":25.0},{"not_picked":["Auto Shields","Beam Cell"],"picked":"Capacitor","floor":27.0},{"not_picked":["Beam Cell","Hello World"],"picked":"Hologram+1","floor":29.0},{"not_picked":["Sweeping Beam","Auto Shields"],"picked":"Streamline","floor":31.0},{"not_picked":["Creative AI","Core Surge","Thunder Strike"],"picked":"Echo Form","floor":33.0},{"not_picked":["Aggregate","Sunder","Steam"],"picked":"Conserve Battery+1","floor":35.0},{"not_picked":["Meteor Strike","Conserve Battery","Storm"],"picked":"Barrage+1","floor":36.0},{"not_picked":["Steam","Turbo","Sunder+1"],"picked":"Rebound+1","floor":37.0},{"not_picked":["Rebound+1","Compile Driver","Auto Shields"],"picked":"Loop","floor":39.0},{"not_picked":["Rip and Tear","Leap","Hello World"],"picked":"Defragment","floor":41.0},{"not_picked":["White Noise","Streamline","Redo"],"picked":"Loop+1","floor":45.0},{"not_picked":["Chaos","Compile Driver","Seek"],"picked":"Reinforced Body","floor":55.0}],"player_experience":724618,"relics_obtained":[{"floor":7.0,"key":"Orichalcum"},{"floor":9.0,"key":"Boot"},{"floor":10.0,"key":"FossilizedHelix"},{"floor":12.0,"key":"Symbiotic Virus"},{"floor":14.0,"key":"Pen Nib"},{"floor":19.0,"key":"Enchiridion"},{"floor":25.0,"key":"Omamori"},{"floor":26.0,"key":"Bottled Tornado"},{"floor":31.0,"key":"Question Card"},{"floor":34.0,"key":"Art of War"},{"floor":34.0,"key":"Gremlin Horn"},{"floor":34.0,"key":"Unceasing Top"},{"floor":37.0,"key":"Torii"},{"floor":38.0,"key":"WingedGreaves"},{"floor":41.0,"key":"Ginger"},{"floor":45.0,"key":"Lantern"},{"floor":55.0,"key":"Bronze Scales"}],"event_choices":[{"damage_healed":17.0,"max_hp_gain":0.0,"max_hp_loss":0.0,"gold_gain":0.0,"event_name":"The Cleric","player_choice":"Healed","floor":3.0,"gold_loss":35.0,"damage_taken":0.0},{"damage_healed":0.0,"max_hp_gain":0.0,"max_hp_loss":0.0,"gold_gain":0.0,"event_name":"Scrap Ooze","player_choice":"Success","floor":4.0,"gold_loss":0.0,"damage_taken":5.0,"relics_obtained":["Smiling Mask"]},{"damage_healed":0.0,"max_hp_gain":0.0,"max_hp_loss":0.0,"gold_gain":0.0,"event_name":"Cursed Tome","player_choice":"Obtained Book","floor":19.0,"gold_loss":0.0,"damage_taken":21.0},{"cards_removed":["Strike_B"],"damage_healed":0.0,"max_hp_gain":0.0,"max_hp_loss":0.0,"gold_gain":0.0,"event_name":"Beggar","player_choice":"Gave Gold","floor":20.0,"gold_loss":75.0,"damage_taken":0.0},{"damage_healed":0.0,"max_hp_gain":0.0,"max_hp_loss":0.0,"gold_gain":0.0,"event_name":"MindBloom","player_choice":"Fight","floor":37.0,"gold_loss":0.0,"damage_taken":0.0},{"damage_healed":0.0,"max_hp_gain":0.0,"max_hp_loss":0.0,"gold_gain":0.0,"event_name":"Mysterious Sphere","player_choice":"Fight","floor":38.0,"gold_loss":0.0,"damage_taken":0.0},{"damage_healed":0.0,"max_hp_gain":0.0,"max_hp_loss":0.0,"gold_gain":0.0,"event_name":"Lab","player_choice":"Got Potions","floor":48.0,"gold_loss":0.0,"damage_taken":0.0}],"is_beta":false,"boss_relics":[{"not_picked":["Eternal Feather","Philosopher\u0027s Stone"],"picked":"Nuclear Battery"},{"not_picked":["Cursed Key","Velvet Choker"],"picked":"Calling Bell"}],"items_purged_floors":[5,21,30,47],"is_endless":false,"potions_floor_spawned":[1,2,16,24,25,29,31,35,37,45,55],"killed_by":"The Heart","ascension_level":20}