{"path_per_floor":["M","?","M","M","M","R","?","?","T","E","$","R","E","?","R","B",null,"M","M","M","?","?","R"],"character_chosen":"DEFECT","items_purchased":["Apotheosis","Conserve Battery"],"gold_per_floor":[118,118,139,157,170,170,170,245,268,311,19,19,57,92,92,218,218,237,251,274,274,274,274,274],"floor_reached":24,"campfire_rested":0,"playtime":3517,"current_hp_per_floor":[71,53,53,53,53,53,53,42,42,55,55,55,53,43,43,25,75,75,75,73,57,57,57,0],"items_purged":["Strike_B"],"gold":274,"score":245,"play_id":"81245705-5e85-4219-92fe-9345024c7306","local_time":"20180429164153","is_prod":false,"is_daily":false,"chose_seed":false,"is_ascension_mode":true,"campfire_upgraded":4,"timestamp":1525045313,"path_taken":["M","?","M","?","M","R","?","?","T","E","$","R","E","?","R","BOSS","M","M","?","?","?","R","E"],"build_version":"2018-04-27v3","seed_source_timestamp":85582142432339,"purchased_purges":1,"victory":false,"master_deck":["Strike_B","Strike_B","Defend_B","Defend_B","Defend_B","Defend_B","Zap+1","Dualcast","Leap","Chill","Capacitor","FTL","Apotheosis+1","Conserve Battery","Recycle","Seek+1","Prime+1","Coolheaded+1","Skim+1","Capacitor+1","Necronomicurse"],"max_hp_per_floor":[75,75,75,75,75,75,75,75,75,75,75,75,75,75,75,75,75,75,75,75,75,75,75,75],"relics":["Cracked Core","Bloody Idol","Orichalcum","Regal Pillow","Emotion Chip","Odd Mushroom","Sozu","Necronomicon"],"card_choices":[{"not_picked":["Hologram","Loop"],"picked":"Leap","floor":1},{"not_picked":["Streamline","Go for the Eyes"],"picked":"Chill","floor":3},{"not_picked":["Sweeping Beam","Stack"],"picked":"Capacitor","floor":4},{"not_picked":["Capacitor","Hello World"],"picked":"FTL","floor":5},{"not_picked":["Hello World","Glacier"],"picked":"Recycle","floor":13},{"not_picked":["Genetic Algorithm","Reinforced Body"],"picked":"Seek","floor":14},{"not_picked":["Fusion","Hyperbeam"],"picked":"Prime","floor":16},{"not_picked":["Streamline","Recycle"],"picked":"Coolheaded","floor":18},{"not_picked":["Impulse","Stack"],"picked":"Skim","floor":19},{"not_picked":["Coolheaded","Cold Snap"],"picked":"Capacitor","floor":20}],"player_experience":478207,"potions_floor_usage":[10,14,20],"damage_taken":[{"damage":4,"enemies":"Jaw Worm","floor":1,"turns":4},{"damage":0,"enemies":"2 Louse","floor":3,"turns":3},{"damage":0,"enemies":"Cultist","floor":4,"turns":4},{"damage":0,"enemies":"Gremlin Gang","floor":5,"turns":7},{"damage":2,"enemies":"3 Sentries","floor":10,"turns":9},{"damage":2,"enemies":"Lagavulin","floor":13,"turns":7},{"damage":10,"enemies":"The Mushroom Lair","floor":14,"turns":5},{"damage":18,"enemies":"Hexaghost","floor":16,"turns":12},{"damage":0,"enemies":"3 Byrds","floor":18,"turns":5},{"damage":0,"enemies":"Spheric Guardian","floor":19,"turns":4},{"damage":2,"enemies":"Snecko","floor":20,"turns":4},{"damage":57,"enemies":"Gremlin Leader","floor":24,"turns":9}],"event_choices":[{"event_name":"Golden Idol","player_choice":"Take Damage","floor":2,"damage_taken":0},{"event_name":"Purifier","player_choice":"One Purge","floor":7,"damage_taken":0},{"event_name":"World of Goop","player_choice":"Gather Gold","floor":8,"damage_taken":0},{"event_name":"Mushrooms","player_choice":"Fought Mushrooms","floor":14,"damage_taken":0},{"event_name":"Cursed Tome","player_choice":"Obtained Book","floor":21,"damage_taken":0},{"event_name":"Forgotten Altar","player_choice":"Gave Idol","floor":22,"damage_taken":0}],"boss_relics":[{"not_picked":["Snecko Eye","White Beast Statue"],"picked":"Sozu"}],"potions_floor_spawned":[5,10,13,14,19],"seed_played":"6439453341681319315","killed_by":"Gremlin Leader","ascension_level":4,"is_trial":false}