{"gold_per_floor":[114,39,54,5,20,20,35,50,100,130,130,145,160,175,175,275,275,290,290,305,320,335,350,365,365,390,390,405,405,435,187,187,287,287,302,317,317,194,209,209,224,239,239,239,269,284,299,314,314,314],"floor_reached":51,"playtime":6430,"items_purged":[],"score":736,"play_id":"9df9cbd9-6ec3-4190-bd08-fbe423379068","local_time":"20180705234535","daily_mods":["Specialized","Uncertain Future","Terminal"],"is_ascension_mode":false,"campfire_choices":[{"data":"Tempest","floor":6,"key":"SMITH"},{"data":"Multi-Cast","floor":15,"key":"SMITH"},{"data":"Genetic Algorithm","floor":27,"key":"SMITH"},{"floor":29,"key":"REST"},{"floor":32,"key":"REST"},{"data":"Reinforced Body","floor":40,"key":"SMITH"},{"data":"Hologram","floor":49,"key":"SMITH"}],"neow_cost":"","seed_source_timestamp":0,"circlet_count":0,"master_deck":["Strike_B","Strike_B","Strike_B","Strike_B","Defend_B","Defend_B","Defend_B","Defend_B","Zap","Dualcast","Rainbow","Rainbow","Rainbow","Rainbow","Rainbow","Go for the Eyes","Tempest+1","Cold Snap","Sweeping Beam","Beam Cell","Multi-Cast+1","Sweeping Beam","Biased Cognition","Genetic Algorithm+1","Aggregate+1","Auto Shields+1","Reinforced Body+1","Conserve Battery+1","Cold Snap+1","Conserve Battery","Biased Cognition","Recycle+1","Hologram+1","Lockon","Chill+1","Aggregate+1","Go for the Eyes","Hologram+1","Steam Power+1","Double Energy"],"special_seed":17717,"relics":["Cracked Core","Omamori","Mango","Runic Pyramid","Anchor","Lantern","Vajra","Cursed Key","Ice Cream","Boot"],"potions_floor_usage":[16,18,18,19,21,28,33,33,33,39,42],"damage_taken":[{"damage":0,"enemies":"Cultist","floor":1,"turns":3},{"damage":1,"enemies":"2 Louse","floor":3,"turns":2},{"damage":0,"enemies":"Jaw Worm","floor":5,"turns":3},{"damage":0,"enemies":"Exordium Thugs","floor":7,"turns":4},{"damage":0,"enemies":"Large Slime","floor":8,"turns":4},{"damage":4,"enemies":"3 Sentries","floor":10,"turns":5},{"damage":1,"enemies":"Gremlin Gang","floor":12,"turns":4},{"damage":1,"enemies":"3 Louse","floor":13,"turns":3},{"damage":6,"enemies":"Lots of Slimes","floor":14,"turns":2},{"damage":14,"enemies":"Hexaghost","floor":16,"turns":8},{"damage":0,"enemies":"Spheric Guardian","floor":18,"turns":5},{"damage":0,"floor":19,"turns":1},{"damage":0,"enemies":"Chosen","floor":20,"turns":3},{"damage":7,"enemies":"Slaver and Parasite","floor":21,"turns":4},{"damage":1,"enemies":"Centurion and Healer","floor":22,"turns":6},{"damage":0,"enemies":"Snecko","floor":23,"turns":5},{"damage":12,"enemies":"Sentry and Sphere","floor":24,"turns":5},{"damage":9,"enemies":"3 Cultists","floor":28,"turns":5},{"damage":32,"enemies":"Gremlin Leader","floor":30,"turns":7},{"damage":42,"enemies":"Automaton","floor":33,"turns":9},{"damage":0,"enemies":"3 Darklings","floor":35,"turns":5},{"damage":0,"enemies":"Orb Walker","floor":36,"turns":3},{"damage":1,"enemies":"3 Darklings","floor":39,"turns":5},{"damage":7,"enemies":"Sphere and 2 Shapes","floor":41,"turns":6},{"damage":7,"enemies":"4 Shapes","floor":42,"turns":13},{"damage":0,"enemies":"Giant Head","floor":45,"turns":4},{"damage":0,"enemies":"Maw","floor":46,"turns":10},{"damage":7,"enemies":"3 Darklings","floor":47,"turns":4},{"damage":1,"enemies":"4 Shapes","floor":48,"turns":3},{"damage":27,"enemies":"Donu and Deca","floor":50,"turns":9}],"seed_played":"-5958423263724567793","potions_obtained":[{"floor":3,"key":"Block Potion"},{"floor":10,"key":"Ancient Potion"},{"floor":12,"key":"Fire Potion"},{"floor":13,"key":"Weak Potion"},{"floor":16,"key":"EntropicBrew"},{"floor":18,"key":"SmokeBomb"},{"floor":21,"key":"Swift Potion"},{"floor":23,"key":"EssenceOfSteel"},{"floor":36,"key":"Regen Potion"},{"floor":45,"key":"Fire Potion"},{"floor":47,"key":"FearPotion"}],"is_trial":false,"path_per_floor":["M","$","M","$","M","R","M","M","T","E","?","M","M","M","R","B",null,"M","?","M","M","M","M","M","?","T","R","M","R","E","$","R","B",null,"M","M","?","$","M","R","M","M","T","?","E","M","M","M","R","B"],"character_chosen":"DEFECT","items_purchased":["Tempest","Cold Snap","SpeedPotion","Vajra","Conserve Battery","Block Potion","Lockon"],"campfire_rested":2,"item_purchase_floors":[2,4,31,31,31,38,38],"current_hp_per_floor":[73,72,71,70,69,68,67,66,65,75,75,74,73,67,67,53,71,70,69,68,61,60,60,48,53,53,53,44,59,27,27,44,2,54,53,52,51,50,49,48,41,46,45,44,43,42,35,34,34,7],"gold":314,"neow_bonus":"","is_prod":false,"is_daily":true,"chose_seed":false,"campfire_upgraded":5,"win_rate":0.0,"timestamp":1530827135,"path_taken":["M","$","M","?","M","R","M","M","T","E","?","?","M","M","R","BOSS","M","?","M","M","?","M","M","?","T","R","M","R","E","$","R","BOSS","M","M","?","$","M","R","M","?","T","?","E","M","M","M","R","BOSS"],"build_version":"2018-06-28","purchased_purges":0,"victory":true,"max_hp_per_floor":[73,72,71,70,69,68,67,66,65,78,77,76,75,74,73,72,71,70,69,68,67,66,65,64,63,62,61,60,59,58,57,56,55,54,53,52,51,50,49,48,47,46,45,44,43,42,41,40,39,38],"card_choices":[{"not_picked":["Storm","Reinforced Body"],"picked":"Go for the Eyes","floor":1},{"not_picked":["Heatsinks","Streamline"],"picked":"Coolheaded","floor":3},{"not_picked":["Compile Driver","Rip and Tear"],"picked":"Sweeping Beam","floor":5},{"not_picked":["Hologram","Rebound"],"picked":"Beam Cell","floor":7},{"not_picked":["Thunder Strike","Hologram","Tempest"],"picked":"SKIP","floor":8},{"not_picked":["Recycle","FTL"],"picked":"Multi-Cast","floor":10},{"not_picked":["Sweeping Beam","Streamline","Barrage"],"picked":"SKIP","floor":12},{"not_picked":["Rebound","Gash"],"picked":"Ball Lightning","floor":13},{"not_picked":["Ball Lightning","Streamline"],"picked":"Sweeping Beam","floor":14},{"not_picked":["Fission","Buffer"],"picked":"Biased Cognition","floor":16},{"not_picked":["Gash","Stack","Blizzard+1"],"picked":"SKIP","floor":18},{"not_picked":["White Noise","Gash+1"],"picked":"Genetic Algorithm","floor":20},{"not_picked":["Leap","Doom and Gloom+1"],"picked":"Aggregate+1","floor":21},{"not_picked":["Reprogram","Steam"],"picked":"Auto Shields+1","floor":22},{"not_picked":["Barrage","Heatsinks","Beam Cell"],"picked":"SKIP","floor":23},{"not_picked":["Leap","FTL"],"picked":"Reinforced Body","floor":24},{"not_picked":["Beam Cell","Gash"],"picked":"Conserve Battery+1","floor":28},{"not_picked":["Echo Form","Hologram"],"picked":"Cold Snap+1","floor":30},{"not_picked":["Echo Form","Hyperbeam"],"picked":"Biased Cognition","floor":33},{"not_picked":["Compile Driver","Reprogram+1"],"picked":"Recycle","floor":35},{"not_picked":["Streamline","Compile Driver+1"],"picked":"Hologram+1","floor":36},{"not_picked":["Rebound","Consume"],"picked":"Chill+1","floor":39},{"not_picked":["Streamline+1","Self Repair"],"picked":"Aggregate+1","floor":41},{"not_picked":["Undo","Beam Cell+1"],"picked":"Go for the Eyes","floor":42},{"not_picked":["Sweeping Beam+1","Gash+1"],"picked":"Hologram","floor":45},{"not_picked":["Turbo+1","Undo+1"],"picked":"Steam Power+1","floor":46},{"not_picked":["Compile Driver","Reboot"],"picked":"Double Energy","floor":47},{"not_picked":["Steam+1","Capacitor+1","Ball Lightning"],"picked":"SKIP","floor":48}],"player_experience":41765,"relics_obtained":[{"floor":9,"key":"Omamori"},{"floor":10,"key":"Mango"},{"floor":26,"key":"Anchor"},{"floor":30,"key":"Lantern"},{"floor":43,"key":"Ice Cream"},{"floor":45,"key":"Boot"}],"event_choices":[{"event_name":"Shining Light","player_choice":"Ignored","floor":11,"damage_taken":0},{"event_name":"Masked Bandits","player_choice":"Fought over 290 gold","floor":19,"damage_taken":0},{"event_name":"Bonfire Elementals","player_choice":"COMMON","floor":25,"damage_taken":0},{"event_name":"Upgrade Shrine","player_choice":"Upgraded","floor":37,"damage_taken":0},{"event_name":"Falling","player_choice":"Removed Attack","floor":44,"damage_taken":0}],"boss_relics":[{"not_picked":["Lizard Tail","White Beast Statue"],"picked":"Runic Pyramid"},{"not_picked":["Busted Crown","Black Star"],"picked":"Cursed Key"}],"items_purged_floors":[],"is_endless":false,"potions_floor_spawned":[3,10,12,13,14,16,18,19,21,23,36,45,47],"ascension_level":0}