{"gold_per_floor":[113,126,144,158,169,200,212,212,239,239,254,254,2,21,21,125,125,140,150,150,170,188,188,198,198,198,198,123,83,103,103,103,204,204,217,234,32,132,151,179,179,179,179,194,194,208,208,218,218,218],"floor_reached":50,"playtime":1703,"items_purged":["Perfected Strike+1"],"score":505,"play_id":"8e252b55-ce4a-4af0-b6a3-dade5b9041b1","local_time":"20181030154736","is_ascension_mode":false,"campfire_choices":[{"data":"Juggernaut","floor":8,"key":"SMITH"},{"data":"Perfected Strike","floor":10,"key":"SMITH"},{"data":"Disarm","floor":12,"key":"SMITH"},{"data":"Shrug It Off","floor":15,"key":"SMITH"},{"data":"Demon Form","floor":23,"key":"SMITH"},{"data":"Armaments","floor":25,"key":"SMITH"},{"data":"Shrug It Off","floor":27,"key":"SMITH"},{"data":"RitualDagger","floor":32,"key":"SMITH"},{"data":"Barricade","floor":42,"key":"SMITH"},{"data":"Whirlwind","floor":45,"key":"SMITH"},{"floor":49,"key":"REST"}],"neow_cost":"NONE","seed_source_timestamp":0,"circlet_count":0,"master_deck":["Defend_R","Defend_R","Defend_R","Defend_R","Bash","Juggernaut+1","Disarm+1","Twin Strike","Cleave","Shrug It Off+1","Demon Form+1","Whirlwind+1","Shrug It Off+1","Bite","Bite","Bite","Bite","Bite","Armaments+1","Rage","RitualDagger+1","Barricade+1","Shrug It Off","Seeing Red","Pummel+1","Madness","Madness"],"special_seed":0,"relics":["Burning Blood","Gambling Chip","Strawberry","Mummified Hand","Cursed Key","Sozu","Chemical X","Incense Burner","Red Skull"],"potions_floor_usage":[7,18,33,33,33],"damage_taken":[{"damage":7.0,"enemies":"Small Slimes","floor":1.0,"turns":5.0},{"damage":0.0,"enemies":"2 Louse","floor":2.0,"turns":2.0},{"damage":5.0,"enemies":"Cultist","floor":3.0,"turns":4.0},{"damage":21.0,"enemies":"Lots of Slimes","floor":4.0,"turns":4.0},{"damage":14.0,"enemies":"Red Slaver","floor":5.0,"turns":4.0},{"damage":30,"enemies":"3 Sentries","floor":6,"turns":7},{"damage":7,"enemies":"3 Louse","floor":7,"turns":3},{"damage":5,"enemies":"Blue Slaver","floor":11,"turns":4},{"damage":15,"enemies":"Large Slime","floor":14,"turns":5},{"damage":17,"enemies":"The Guardian","floor":16,"turns":13},{"damage":24,"enemies":"2 Thieves","floor":18,"turns":3},{"damage":10,"enemies":"Shell Parasite","floor":19,"turns":5},{"damage":32,"enemies":"Cultist and Chosen","floor":21,"turns":5},{"damage":23,"enemies":"Snake Plant","floor":22,"turns":5},{"damage":22,"enemies":"Shelled Parasite and Fungi","floor":24,"turns":6},{"damage":2,"enemies":"Snecko","floor":30,"turns":4},{"damage":49,"enemies":"Automaton","floor":33,"turns":10},{"damage":33,"enemies":"3 Darklings","floor":35,"turns":6},{"damage":10,"enemies":"3 Shapes","floor":36,"turns":4},{"damage":29,"enemies":"Mind Bloom Boss Battle","floor":38,"turns":5},{"damage":0,"enemies":"Spire Growth","floor":39,"turns":6},{"damage":21,"enemies":"Giant Head","floor":40,"turns":7},{"damage":14,"enemies":"3 Darklings","floor":44,"turns":3},{"damage":30,"enemies":"4 Shapes","floor":46,"turns":4},{"damage":15,"enemies":"Writhing Mass","floor":48,"turns":5},{"damage":53,"enemies":"Donu and Deca","floor":50,"turns":4}],"seed_played":"-3397177696136056651","potions_obtained":[{"floor":3.0,"key":"Dexterity Potion"},{"floor":5,"key":"Energy Potion"},{"floor":6,"key":"Strength Potion"},{"floor":11,"key":"FearPotion"},{"floor":18,"key":"EssenceOfSteel"}],"is_trial":false,"path_per_floor":["M","M","M","M","M","E","M","R","T","R","M","R","$","M","R","B",null,"M","M","?","M","M","R","M","R","T","R","$","$","M","?","R","B",null,"M","M","$","?","M","E","?","R","T","M","R","M","T","M","R"],"character_chosen":"IRONCLAD","items_purchased":["Mummified Hand","Rage","Chemical X"],"campfire_rested":1,"item_purchase_floors":[13,29,37],"current_hp_per_floor":[79,80,80,65,57,33,32,32,39,39,40,40,40,31,31,20,87,69,65,60,44,39,39,31,31,31,31,31,31,46,40,40,19,60,47,52,52,42,60,58,50,50,50,48,48,28,28,25,43,0],"gold":218,"neow_bonus":"ONE_RANDOM_RARE_CARD","is_prod":false,"is_daily":false,"chose_seed":false,"campfire_upgraded":10,"win_rate":0,"timestamp":1540928856,"path_taken":["M","M","M","M","M","E","M","R","T","R","M","R","$","M","R","BOSS","M","M","?","M","?","R","M","R","T","R","?","$","M","?","R","BOSS","M","M","$","?","M","E","?","R","T","M","R","M","?","M","R","BOSS"],"build_version":"2018-10-29v2","purchased_purges":1,"victory":false,"max_hp_per_floor":[80,80,80,80,80,80,80,80,87,87,87,87,87,87,87,87,87,87,87,60,60,60,60,60,60,60,60,60,60,60,60,60,60,60,60,60,60,60,60,60,60,60,60,60,60,60,60,60,60,60],"card_choices":[{"not_picked":["Clash","Armaments"],"picked":"Perfected Strike","floor":1.0},{"not_picked":["Battle Trance","Second Wind","Infernal Blade"],"picked":"SKIP","floor":2.0},{"not_picked":["Reckless Charge","Headbutt"],"picked":"Disarm","floor":3.0},{"not_picked":["Perfected Strike","Fiend Fire","Headbutt"],"picked":"SKIP","floor":4.0},{"not_picked":["Warcry","True Grit"],"picked":"Twin Strike","floor":5},{"not_picked":["Fiend Fire","Sword Boomerang"],"picked":"Cleave","floor":6},{"not_picked":["Carnage","Clash","Burning Pact"],"picked":"SKIP","floor":7},{"not_picked":["Anger","Havoc"],"picked":"Shrug It Off","floor":11},{"not_picked":["Headbutt","Evolve","Heavy Blade"],"picked":"SKIP","floor":14},{"not_picked":["Brutality","Reaper"],"picked":"Demon Form","floor":16},{"not_picked":["Shockwave","Wild Strike+1"],"picked":"Whirlwind","floor":18},{"not_picked":["Burning Pact+1","Entrench"],"picked":"Shrug It Off","floor":19},{"not_picked":["Sentinel","Perfected Strike+1","Havoc"],"picked":"SKIP","floor":21},{"not_picked":["Shockwave","Combust","Rupture+1"],"picked":"SKIP","floor":22},{"not_picked":["Fire Breathing+1","Second Wind"],"picked":"Armaments","floor":24},{"not_picked":["Uppercut+1","True Grit+1","Combust"],"picked":"SKIP","floor":30},{"not_picked":["Dark Embrace","Immolate"],"picked":"Barricade","floor":33},{"not_picked":["Headbutt","Shrug It Off","Blood for Blood"],"picked":"SKIP","floor":35},{"not_picked":["Clothesline+1","Bloodletting+1"],"picked":"Shrug It Off","floor":36},{"not_picked":["Seeing Red","Twin Strike","Disarm"],"picked":"SKIP","floor":39},{"not_picked":["Twin Strike","Disarm"],"picked":"Seeing Red","floor":39},{"not_picked":["Sword Boomerang","Searing Blow"],"picked":"Pummel+1","floor":40},{"not_picked":["True Grit+1","Heavy Blade","Headbutt"],"picked":"SKIP","floor":44},{"not_picked":["Anger","Bloodletting+1","Clothesline"],"picked":"SKIP","floor":46},{"not_picked":["Brutality","Reckless Charge+1","Clash+1"],"picked":"SKIP","floor":48}],"player_experience":945408,"relics_obtained":[{"floor":6,"key":"Gambling Chip"},{"floor":9,"key":"Strawberry"},{"floor":38,"key":"Incense Burner"},{"floor":40,"key":"Red Skull"}],"event_choices":[{"damage_healed":0,"gold_gain":0,"player_choice":"Became a vampire","damage_taken":0,"max_hp_gain":0,"max_hp_loss":27,"event_name":"Vampires","floor":20,"gold_loss":0,"cards_obtained":["Bite","Bite","Bite","Bite","Bite"]},{"damage_healed":0,"gold_gain":0,"player_choice":"Joined the Cult","damage_taken":6,"max_hp_gain":0,"max_hp_loss":0,"event_name":"Nest","floor":31,"gold_loss":0,"cards_obtained":["RitualDagger"]},{"damage_healed":0,"gold_gain":0,"player_choice":"Fight","damage_taken":0,"max_hp_gain":0,"max_hp_loss":0,"event_name":"MindBloom","floor":38,"gold_loss":0},{"damage_healed":0,"gold_gain":0,"player_choice":"Embrace Madness","damage_taken":8,"max_hp_gain":0,"max_hp_loss":0,"event_name":"Winding Halls","floor":41,"gold_loss":0,"cards_obtained":["Madness","Madness"]}],"is_beta":true,"boss_relics":[{"not_picked":["Pandora\u0027s Box","Astrolabe"],"picked":"Cursed Key"},{"not_picked":["Empty Cage","Fusion Hammer"],"picked":"Sozu"}],"items_purged_floors":[28],"is_endless":false,"potions_floor_spawned":[3,5,6,11,16,18,21,22,36,40,44,48],"killed_by":"Donu and Deca","ascension_level":0}