{"path_per_floor":["M","$","?","M","M","R","M","M","T","M","E","R","M","?","R","B",null,"M","M","?"],"character_chosen":"IRONCLAD","items_purchased":[],"gold_per_floor":[369,294,294,311,331,331,343,358,412,427,460,460,476,441,441,538,538,558,578,578],"floor_reached":21,"campfire_rested":2,"playtime":1018,"current_hp_per_floor":[72,72,72,72,72,72,44,34,34,29,8,29,23,41,62,23,72,37,18,18],"items_purged":["Strike_R"],"gold":578,"score":183,"play_id":"aa50fc56-db4b-4a72-b208-efcc31dfee35","is_prod":false,"is_daily":false,"is_ascension_mode":false,"campfire_upgraded":1,"path_taken":["M","$","?","M","?","R","M","M","T","?","E","R","M","?","R","BOSS","M","M","?","?"],"build_version":"2018-02-22-PROD2","purchased_purges":1,"victory":false,"master_deck":["Strike_R","Strike_R","Strike_R","Defend_R","Defend_R","Defend_R","Defend_R","Bash","Fiend Fire+1","Pommel Strike","Disarm","Cleave","Inflame","Impervious","Thunderclap","Pommel Strike","Limit Break","Flex","Headbutt"],"max_hp_per_floor":[72,72,72,72,72,72,72,72,72,72,72,72,72,72,72,72,72,72,72,72],"relics":["Burning Blood","Dream Catcher","Singing Bowl","Philosopher\u0027s Stone"],"card_choices":[{"not_picked":["Cleave","Armaments"],"picked":"Fiend Fire"},{"not_picked":["Armaments","Warcry"],"picked":"Pommel Strike"},{"not_picked":["Headbutt","Anger"],"picked":"Disarm"},{"not_picked":["Clash","Heavy Blade"],"picked":"Cleave"},{"not_picked":["Thunderclap","Intimidate"],"picked":"Inflame"},{"not_picked":["Dropkick","Armaments"],"picked":"Impervious"},{"not_picked":["Sword Boomerang","Wild Strike"],"picked":"Thunderclap"},{"not_picked":["Metallicize","Spot Weakness"],"picked":"Pommel Strike"},{"not_picked":["Demon Form","Double Tap"],"picked":"Limit Break"},{"not_picked":["Heavy Blade","Second Wind"],"picked":"Flex"},{"not_picked":["Iron Wave","Wild Strike"],"picked":"Headbutt"}],"player_experience":151665,"potions_floor_usage":[],"damage_taken":[{"damage":0,"enemies":"2 Louse","floor":1,"turns":3},{"damage":3,"enemies":"Jaw Worm","floor":4,"turns":4},{"damage":0,"enemies":"Small Slimes","floor":5,"turns":3},{"damage":34,"enemies":"Gremlin Gang","floor":7,"turns":6},{"damage":16,"enemies":"Lots of Slimes","floor":8,"turns":4},{"damage":11,"enemies":"Large Slime","floor":10,"turns":7},{"damage":27,"enemies":"Lagavulin","floor":11,"turns":5},{"damage":12,"enemies":"Blue Slaver","floor":13,"turns":2},{"damage":45,"enemies":"Hexaghost","floor":16,"turns":10},{"damage":41,"enemies":"Shell Parasite","floor":18,"turns":6},{"damage":25,"enemies":"3 Byrds","floor":19,"turns":5},{"damage":18,"enemies":"Centurion and Healer","floor":21,"turns":3}],"event_choices":[{"event_name":"Shining Light","player_choice":"Ignored","floor":3,"damage_taken":0},{"event_name":"The Cleric","player_choice":"Healed","floor":14,"damage_taken":0},{"event_name":"Back to Basics","player_choice":"Elegance","floor":20,"damage_taken":0}],"boss_relics":[{"not_picked":["Astrolabe","Velvet Choker"],"picked":"Philosopher\u0027s Stone"}],"potions_floor_spawned":[4,11],"seed_played":"-5422537436849577117","killed_by":"Centurion and Healer","ascension_level":0,"is_trial":false}