{"gold_per_floor":[110,128,78,78,89,89,99,99,99,133,150,162,19,19,19,122,122,142,161,179,179,99,99,99,110,192,192,172,183,196,213,213,318,368,383,383,109,123,123,123,123,142,193,193,207,227,227,243,243,243],"floor_reached":51,"playtime":1882,"items_purged":["Strike_B","Strike_B"],"score":793,"play_id":"f28783dc-6119-4550-a62c-69b5f602fd41","local_time":"20181224021202","is_ascension_mode":true,"campfire_choices":[{"data":"Defragment","floor":6.0,"key":"SMITH"},{"data":"Dualcast","floor":8.0,"key":"SMITH"},{"data":"Loop","floor":15.0,"key":"SMITH"},{"floor":23.0,"key":"REST"},{"data":"Defragment","floor":27.0,"key":"SMITH"},{"floor":32.0,"key":"REST"},{"data":"Defragment","floor":40.0,"key":"SMITH"},{"data":"Buffer","floor":44,"key":"SMITH"},{"floor":47,"key":"REST"},{"floor":49,"key":"REST"}],"neow_cost":"NONE","seed_source_timestamp":288087767754820,"circlet_count":0,"master_deck":["Defend_B","Defend_B","Defend_B","Defend_B","Zap","Dualcast+1","Glacier","Conserve Battery","Defragment+1","Tempest","Core Surge+1","Loop+1","Thunder Strike","Machine Learning","Conserve Battery+1","Defragment+1","Buffer+1","White Noise+1","Seek","Loop","Defragment+1","Impatience","Lockon+1"],"special_seed":0,"relics":["Cracked Core","Letter Opener","Singing Bowl","Philosopher\u0027s Stone","Meat on the Bone","Tiny House","Calipers","PreservedInsect"],"potions_floor_usage":[42,48,50],"damage_taken":[{"damage":0.0,"enemies":"Cultist","floor":1.0,"turns":3.0},{"damage":7.0,"enemies":"Small Slimes","floor":2.0,"turns":4.0},{"damage":0.0,"enemies":"2 Louse","floor":5.0,"turns":3.0},{"damage":0.0,"enemies":"Red Slaver","floor":7.0,"turns":5.0},{"damage":31.0,"enemies":"Gremlin Nob","floor":10.0,"turns":4.0},{"damage":0.0,"enemies":"Large Slime","floor":11.0,"turns":3.0},{"damage":0.0,"enemies":"Exordium Wildlife","floor":12.0,"turns":3.0},{"damage":7.0,"enemies":"The Guardian","floor":16.0,"turns":9.0},{"damage":7.0,"enemies":"2 Thieves","floor":18.0,"turns":3.0},{"damage":3.0,"enemies":"Chosen","floor":19.0,"turns":3.0},{"damage":13.0,"enemies":"Snake Plant","floor":20.0,"turns":4.0},{"damage":31.0,"enemies":"Colosseum Slavers","floor":21.0,"turns":4.0},{"damage":7.0,"enemies":"Sentry and Sphere","floor":25.0,"turns":4.0},{"damage":27.0,"enemies":"Centurion and Healer","floor":29.0,"turns":4.0},{"damage":16.0,"enemies":"Shelled Parasite and Fungi","floor":30.0,"turns":5.0},{"damage":20.0,"enemies":"Snake Plant","floor":31.0,"turns":2.0},{"damage":13.0,"enemies":"Champ","floor":33.0,"turns":10.0},{"damage":0.0,"enemies":"Orb Walker","floor":35.0,"turns":3.0},{"damage":16.0,"enemies":"3 Shapes","floor":38.0,"turns":4.0},{"damage":35,"enemies":"Jaw Worm Horde","floor":42,"turns":3},{"damage":52,"enemies":"3 Darklings","floor":45,"turns":5},{"damage":12,"enemies":"Writhing Mass","floor":46,"turns":8},{"damage":10,"enemies":"Jaw Worm Horde","floor":48,"turns":5},{"damage":38,"enemies":"Time Eater","floor":50,"turns":10}],"seed_played":"-7300650174933443717","potions_obtained":[{"floor":2.0,"key":"PowerPotion"},{"floor":11.0,"key":"SkillPotion"},{"floor":16.0,"key":"Explosive Potion"},{"floor":18.0,"key":"Energy Potion"},{"floor":28.0,"key":"Fruit Juice"},{"floor":29.0,"key":"LiquidBronze"},{"floor":30.0,"key":"Fire Potion"},{"floor":31.0,"key":"Block Potion"},{"floor":34.0,"key":"Ancient Potion"},{"floor":42,"key":"SteroidPotion"},{"floor":46,"key":"AttackPotion"}],"is_trial":false,"path_per_floor":["M","M","?","?","M","R","M","R","T","E","M","M","$","?","R","B",null,"M","M","M","?","$","R","$","M","T","R","?","M","M","M","R","B",null,"M","T","$","M","?","R","?","M","T","R","M","M","R","M","R","B",null],"character_chosen":"DEFECT","items_purchased":["Loop","Defragment","Defragment","Impatience"],"campfire_rested":4,"item_purchase_floors":[13,22,37,37],"current_hp_per_floor":[75,68,68,68,68,68,68,68,68,37,39,41,41,41,41,34,79,74,73,60,29,29,53,53,48,48,48,53,38,34,28,55,54,97,99,99,99,83,83,83,83,62,62,62,24,26,57,61,93,55],"gold":243,"neow_bonus":"THREE_CARDS","is_prod":false,"is_daily":false,"chose_seed":false,"campfire_upgraded":6,"win_rate":0,"timestamp":1545613922,"path_taken":["M","M","?","?","M","R","M","R","T","E","M","?","$","?","R","BOSS","M","?","M","?","$","R","$","M","T","R","?","M","M","M","R","BOSS","M","?","$","M","?","R","?","M","T","R","M","?","R","M","R","BOSS"],"build_version":"2018-12-20","purchased_purges":2,"victory":true,"max_hp_per_floor":[75,75,75,75,75,75,75,75,75,75,77,79,79,79,79,79,79,81,83,83,83,83,83,83,85,85,85,90,90,90,92,92,92,97,99,99,99,99,99,99,99,101,101,101,103,105,105,107,107,107],"card_choices":[{"not_picked":["Chill","Gash"],"picked":"Glacier","floor":0.0},{"not_picked":["Compile Driver","Reprogram"],"picked":"Conserve Battery","floor":1.0},{"not_picked":["Auto Shields","Rebound"],"picked":"Defragment","floor":2.0},{"not_picked":["Reinforced Body","Gash"],"picked":"Tempest","floor":5.0},{"not_picked":["Go for the Eyes","Beam Cell","Gash"],"picked":"SKIP","floor":7.0},{"not_picked":["Cold Snap","Streamline"],"picked":"Core Surge","floor":10.0},{"not_picked":["Consume","Compile Driver","Skim"],"picked":"Singing Bowl","floor":11.0},{"not_picked":["Chaos","Hologram","Hello World"],"picked":"Singing Bowl","floor":12.0},{"not_picked":["Reboot","Creative AI"],"picked":"Machine Learning","floor":16.0},{"not_picked":["Cold Snap","Melter","Reprogram"],"picked":"Singing Bowl","floor":18.0},{"not_picked":["Hologram","Stack","Multi-Cast"],"picked":"Singing Bowl","floor":19.0},{"not_picked":["Stack","Chill"],"picked":"Conserve Battery+1","floor":20.0},{"not_picked":["Coolheaded","Gash","FTL"],"picked":"Singing Bowl","floor":25.0},{"not_picked":["Barrage","Sweeping Beam"],"picked":"Buffer","floor":29.0},{"not_picked":["BootSequence","Cold Snap"],"picked":"White Noise+1","floor":30.0},{"not_picked":["Turbo","Redo","Sweeping Beam"],"picked":"Singing Bowl","floor":31.0},{"not_picked":["Core Surge","All For One"],"picked":"Seek","floor":33.0},{"not_picked":["BootSequence","Gash"],"picked":"Loop","floor":34.0},{"not_picked":["Sweeping Beam+1","Steam+1","Beam Cell"],"picked":"Singing Bowl","floor":35.0},{"not_picked":["Ball Lightning","Hologram"],"picked":"Lockon+1","floor":38.0},{"not_picked":["Beam Cell+1","Recycle+1","Consume+1"],"picked":"Singing Bowl","floor":42},{"not_picked":["Reprogram+1","Skim","Electrodynamics"],"picked":"Singing Bowl","floor":45},{"not_picked":["Double Energy","Gash+1","Sweeping Beam"],"picked":"Singing Bowl","floor":46},{"not_picked":["Compile Driver+1","Loop","Streamline"],"picked":"Singing Bowl","floor":48}],"player_experience":330994,"relics_obtained":[{"floor":9.0,"key":"Letter Opener"},{"floor":10.0,"key":"Singing Bowl"},{"floor":26.0,"key":"Meat on the Bone"},{"floor":36.0,"key":"Calipers"},{"floor":43,"key":"PreservedInsect"}],"event_choices":[{"cards_removed":["Strike_B"],"damage_healed":0.0,"max_hp_gain":0.0,"max_hp_loss":0.0,"gold_gain":0.0,"event_name":"The Cleric","player_choice":"Card Removal","floor":3.0,"gold_loss":50.0,"damage_taken":0.0},{"cards_removed":["Strike_B"],"damage_healed":0.0,"max_hp_gain":0.0,"max_hp_loss":0.0,"gold_gain":0.0,"event_name":"Purifier","player_choice":"Purged","floor":4.0,"gold_loss":0.0,"damage_taken":0.0},{"damage_healed":0.0,"max_hp_gain":0.0,"max_hp_loss":0.0,"gold_gain":0.0,"event_name":"Match and Keep!","player_choice":"1 cards matched","floor":14.0,"gold_loss":0.0,"damage_taken":0.0,"cards_obtained":["Thunder Strike"]},{"damage_healed":0.0,"max_hp_gain":0.0,"max_hp_loss":0.0,"gold_gain":0.0,"event_name":"Colosseum","player_choice":"Fight","floor":21.0,"gold_loss":0.0,"damage_taken":0.0},{"damage_healed":0.0,"max_hp_gain":0.0,"max_hp_loss":0.0,"gold_gain":0.0,"event_name":"Colosseum","player_choice":"Fled From Nobs","floor":21.0,"gold_loss":0.0,"damage_taken":0.0},{"damage_healed":0.0,"max_hp_gain":0.0,"max_hp_loss":0.0,"gold_gain":0.0,"event_name":"The Woman in Blue","player_choice":"Bought 1 Potion","floor":28.0,"gold_loss":0.0,"damage_taken":0.0},{"damage_healed":0.0,"max_hp_gain":0.0,"max_hp_loss":0.0,"gold_gain":0.0,"event_name":"Mysterious Sphere","player_choice":"Ignored","floor":39.0,"gold_loss":0.0,"damage_taken":0.0},{"damage_healed":0,"gold_gain":0,"player_choice":"Ignored","damage_taken":0,"max_hp_gain":0,"max_hp_loss":0,"event_name":"WeMeetAgain","floor":41,"gold_loss":0}],"is_beta":false,"boss_relics":[{"not_picked":["Busted Crown","Snecko Eye"],"picked":"Philosopher\u0027s Stone"},{"not_picked":["White Beast Statue","Runic Dome"],"picked":"Tiny House"}],"items_purged_floors":[13,37],"is_endless":false,"potions_floor_spawned":[2,11,16,18,21,29,30,31,42,46],"ascension_level":3}