{"path_per_floor":["M","?","M","M","M","R","M","R","T","R","M","M","R","M","R","B",null,"M","?","M","?","?","R","M","E","T","M","R","M","M","$","R"],"character_chosen":"IRONCLAD","items_purchased":["Blood Vial","Toy Ornithopter"],"gold_per_floor":[109,109,121,136,147,147,163,163,189,189,209,220,220,232,232,328,328,347,270,290,290,290,290,310,344,344,362,362,373,383,45,45,45],"floor_reached":33,"campfire_rested":1,"playtime":1201,"item_purchase_floors":[31,31],"current_hp_per_floor":[88,88,84,87,44,44,43,43,43,43,49,47,47,44,44,18,88,56,56,34,34,34,34,23,29,29,13,13,14,12,12,30,0],"items_purged":[],"gold":45,"score":288,"play_id":"33e46112-998c-4e2f-8d56-ebae1401b624","local_time":"20180614143009","is_prod":false,"is_daily":false,"chose_seed":false,"is_ascension_mode":false,"campfire_upgraded":7,"win_rate":0,"timestamp":1529001009,"campfire_choices":[{"data":"Body Slam","floor":6,"key":"SMITH"},{"data":"Fire Breathing","floor":8,"key":"SMITH"},{"data":"True Grit","floor":10,"key":"SMITH"},{"data":"Shrug It Off","floor":13,"key":"SMITH"},{"data":"Body Slam","floor":15,"key":"SMITH"},{"data":"Limit Break","floor":23,"key":"SMITH"},{"data":"Bite","floor":28,"key":"SMITH"},{"floor":32,"key":"REST"}],"path_taken":["M","?","M","M","M","R","M","R","T","R","M","M","R","M","R","BOSS","M","?","?","?","?","R","M","E","T","M","R","M","M","$","R","BOSS"],"build_version":"2018-06-13v3","seed_source_timestamp":1274044462969915,"purchased_purges":0,"victory":false,"master_deck":["Defend_R","Defend_R+1","Defend_R","Defend_R","Bash","Body Slam+1","Fire Breathing+1","Disarm","Shrug It Off+1","True Grit+1","Shrug It Off+1","Body Slam+1","Limit Break+1","Dropkick","J.A.X.","Battle Trance","Bite+1","Bite","Bite","Bite","Bite","Shrug It Off","Thunderclap","Dropkick+1"],"max_hp_per_floor":[88,88,88,88,88,88,88,88,88,88,88,88,88,88,88,88,88,88,88,88,88,61,61,61,61,61,61,61,61,61,61,61,61],"relics":["Burning Blood","Pen Nib","Black Star","Bronze Scales","War Paint","Bottled Tornado","Blood Vial","Toy Ornithopter"],"card_choices":[{"not_picked":["Heavy Blade","Clash"],"picked":"Body Slam","floor":1},{"not_picked":["Body Slam","Cleave"],"picked":"Disarm","floor":3},{"not_picked":["Brutality","Cleave"],"picked":"Shrug It Off","floor":4},{"not_picked":["Clash","Armaments"],"picked":"True Grit","floor":5},{"not_picked":["Perfected Strike","Feel No Pain","Reckless Charge"],"picked":"SKIP","floor":7},{"not_picked":["Seeing Red","Iron Wave","Wild Strike"],"picked":"SKIP","floor":11},{"not_picked":["Heavy Blade","Headbutt"],"picked":"Shrug It Off","floor":12},{"not_picked":["Twin Strike","True Grit"],"picked":"Body Slam","floor":14},{"not_picked":["Berserk","Exhume"],"picked":"Limit Break","floor":16},{"not_picked":["Anger","Havoc+1"],"picked":"Dropkick","floor":18},{"not_picked":["Cleave","Twin Strike","Combust+1"],"picked":"SKIP","floor":20},{"not_picked":["Pommel Strike","Hemokinesis"],"picked":"Shrug It Off","floor":24},{"not_picked":["Rampage","Thunderclap","Hemokinesis+1"],"picked":"SKIP","floor":25},{"not_picked":["Rampage","Hemokinesis+1"],"picked":"Thunderclap","floor":25},{"not_picked":["Pommel Strike","Searing Blow"],"picked":"Dropkick+1","floor":27},{"not_picked":["Entrench","Evolve","Clothesline+1"],"picked":"SKIP","floor":29},{"not_picked":["Dual Wield+1","Havoc+1","Clothesline"],"picked":"SKIP","floor":30}],"player_experience":545524,"potions_floor_usage":[16,25,25,29,33,33],"damage_taken":[{"damage":6,"enemies":"2 Louse","floor":1,"turns":3},{"damage":10,"enemies":"Cultist","floor":3,"turns":4},{"damage":3,"enemies":"Small Slimes","floor":4,"turns":4},{"damage":49,"enemies":"Exordium Thugs","floor":5,"turns":7},{"damage":7,"enemies":"3 Louse","floor":7,"turns":4},{"damage":0,"enemies":"Large Slime","floor":11,"turns":6},{"damage":8,"enemies":"Red Slaver","floor":12,"turns":2},{"damage":9,"enemies":"Exordium Thugs","floor":14,"turns":6},{"damage":32,"enemies":"Slime Boss","floor":16,"turns":9},{"damage":38,"enemies":"Chosen","floor":18,"turns":8},{"damage":28,"enemies":"Spheric Guardian","floor":20,"turns":8},{"damage":33,"enemies":"3 Cultists","floor":24,"turns":6},{"damage":10,"enemies":"Book of Stabbing","floor":25,"turns":5},{"damage":30,"enemies":"Snake Plant","floor":27,"turns":4},{"damage":14,"enemies":"Slaver and Parasite","floor":29,"turns":4},{"damage":19,"enemies":"Chosen and Byrds","floor":30,"turns":5},{"damage":52,"enemies":"Champ","floor":33,"turns":8}],"relics_obtained":[{"floor":9,"key":"Pen Nib"},{"floor":25,"key":"Bronze Scales"},{"floor":25,"key":"War Paint"},{"floor":26,"key":"Bottled Tornado"}],"event_choices":[{"event_name":"Match and Keep!","player_choice":"1 cards matched","floor":2,"damage_taken":0},{"event_name":"Drug Dealer","player_choice":"Got JAXXED","floor":19,"damage_taken":0},{"event_name":"Transmorgrifier","player_choice":"Transform","floor":21,"damage_taken":0},{"event_name":"Vampires","player_choice":"Became a vampire","floor":22,"damage_taken":0}],"boss_relics":[{"not_picked":["Eternal Feather","Coffee Dripper"],"picked":"Black Star"}],"items_purged_floors":[],"potions_floor_spawned":[5,7,11,12,20,25,29],"seed_played":"1888014648193581715","killed_by":"Champ","ascension_level":0,"potions_obtained":[{"floor":5,"key":"EssenceOfSteel"},{"floor":7,"key":"Dexterity Potion"},{"floor":11,"key":"FearPotion"},{"floor":12,"key":"Fire Potion"},{"floor":20,"key":"LiquidBronze"},{"floor":25,"key":"AttackPotion"},{"floor":29,"key":"FearPotion"}],"is_trial":false}