{"path_per_floor":["M","$","M","M","?","E","$","R","T","M","?","R","M","M","R","B",null,"M","$","M","M","?","R","E","R","T","R","?","?","M","M","R","B",null,"M","?","$","M","?","R","?","M","T","E","?","M","?","M","R","B"],"character_chosen":"THE_SILENT","items_purchased":["Bandage Up","Apotheosis","Footwork","Anchor"],"gold_per_floor":[111,5,25,44,44,76,76,76,144,163,163,163,173,192,192,292,292,311,55,65,76,76,76,104,104,128,128,128,128,141,152,152,252,252,269,269,51,70,116,116,116,133,213,246,246,259,259,276,276,276],"floor_reached":51,"campfire_rested":5,"playtime":4717,"current_hp_per_floor":[69,69,70,70,70,18,18,39,39,32,55,70,70,68,68,26,70,65,65,62,43,43,64,67,67,67,67,67,70,70,68,68,52,70,57,70,70,35,35,56,56,59,59,45,45,53,53,47,68,29],"items_purged":["Writhe"],"gold":276,"score":704,"play_id":"6209c0d9-92e8-4e59-9499-649df0b6234e","local_time":"20180313015919","is_prod":false,"is_daily":false,"is_ascension_mode":true,"campfire_upgraded":4,"timestamp":1520920759,"path_taken":["M","$","M","M","?","E","$","R","T","M","?","R","M","M","R","BOSS","M","$","M","M","?","R","E","R","T","R","?","?","M","M","R","BOSS","M","?","$","M","?","R","?","?","T","E","?","M","?","?","R","BOSS"],"build_version":"2018-03-09","purchased_purges":1,"victory":true,"master_deck":["Survivor","Neutralize+1","Slice","Bandage Up+1","Well Laid Plans","Dagger Spray","Escape Plan","Dagger Throw","Backflip","Blur","Wraith Form+1","Deflect","Apotheosis+1","Footwork","Leg Sweep+1","Footwork","Quick Slash","Heel Hook","Dash","Burst","Dodge and Roll","PiercingWail","Leg Sweep","Skewer","Reflex","Dagger Spray","Backflip","Distraction","Dagger Spray","Escape Plan+1","Dodge and Roll","Malaise","Slice+1","Outmaneuver","Footwork","A Thousand Cuts"],"max_hp_per_floor":[70,70,70,70,70,70,70,70,70,70,70,70,70,70,70,70,70,70,70,70,70,70,70,70,70,70,70,70,70,70,70,70,70,70,70,70,70,70,70,70,70,70,70,70,70,70,70,70,70,70],"relics":["Sozu","Pen Nib","Bottled Tornado","Lizard Tail","Prayer Wheel","Art of War","Happy Flower","Pandora\u0027s Box","Anchor","Thread and Needle","Molten Egg 2","Blood Vial"],"card_choices":[{"not_picked":["All Out Attack","Cloak And Dagger"],"picked":"Slice"},{"not_picked":["Sucker Punch","Flying Knee"],"picked":"Well Laid Plans"},{"not_picked":["Bane","Quick Slash"],"picked":"Dagger Spray"},{"not_picked":["Night Terror","Cloak And Dagger"],"picked":"Escape Plan"},{"not_picked":["Endless Agony","Acrobatics"],"picked":"Dagger Throw"},{"not_picked":["Deadly Poison","Bouncing Flask"],"picked":"Backflip"},{"not_picked":["Backflip","Deadly Poison"],"picked":"Blur"},{"not_picked":["Glass Knife","Burst"],"picked":"Wraith Form"},{"not_picked":["Terror","Well Laid Plans"],"picked":"Deflect"},{"not_picked":["Well Laid Plans","Bouncing Flask"],"picked":"Expertise"},{"not_picked":["Outmaneuver","Cloak And Dagger"],"picked":"Leg Sweep"},{"not_picked":["Bane","Reflex"],"picked":"Footwork"},{"not_picked":["Flying Knee","Prepared"],"picked":"Quick Slash"},{"not_picked":["Deadly Poison","All Out Attack"],"picked":"Infinite Blades"},{"not_picked":["Backflip","Dodge and Roll"],"picked":"Dash"},{"not_picked":["Wraith Form","Bullet Time"],"picked":"Burst"},{"not_picked":["Prepared","All Out Attack"],"picked":"Escape Plan"},{"not_picked":["Bane","Skewer"],"picked":"Dodge and Roll"},{"not_picked":["Riddle With Holes","Bane"],"picked":"Malaise"},{"not_picked":["Escape Plan","PiercingWail"],"picked":"Slice"},{"not_picked":["Flying Knee","PiercingWail"],"picked":"Outmaneuver"},{"not_picked":["Deadly Poison","Catalyst"],"picked":"Footwork"},{"not_picked":["Prepared","Cloak And Dagger"],"picked":"A Thousand Cuts"}],"player_experience":177641,"potions_floor_usage":[],"damage_taken":[{"damage":1,"enemies":"2 Louse","floor":1,"turns":4},{"damage":2,"enemies":"Small Slimes","floor":3,"turns":4},{"damage":0,"enemies":"Cultist","floor":4,"turns":5},{"damage":56,"enemies":"Lagavulin","floor":6,"turns":10},{"damage":11,"enemies":"Exordium Wildlife","floor":10,"turns":5},{"damage":2,"enemies":"2 Fungi Beasts","floor":13,"turns":4},{"damage":6,"enemies":"Large Slime","floor":14,"turns":7},{"damage":46,"enemies":"The Guardian","floor":16,"turns":16},{"damage":9,"enemies":"Chosen","floor":18,"turns":6},{"damage":7,"enemies":"Shell Parasite","floor":20,"turns":6},{"damage":23,"enemies":"Chosen and Byrds","floor":21,"turns":8},{"damage":1,"enemies":"Gremlin Leader","floor":24,"turns":8},{"damage":4,"enemies":"Cultist and Chosen","floor":30,"turns":7},{"damage":8,"enemies":"Snecko","floor":31,"turns":5},{"damage":22,"enemies":"Champ","floor":33,"turns":18},{"damage":19,"enemies":"3 Darklings","floor":35,"turns":5},{"damage":41,"enemies":"Orb Walker","floor":38,"turns":5},{"damage":42,"enemies":"Mysterious Sphere","floor":39,"turns":7},{"damage":3,"enemies":"Sphere and 2 Shapes","floor":42,"turns":6},{"damage":20,"enemies":"2 Orb Walkers","floor":44,"turns":6},{"damage":0,"enemies":"3 Darklings","floor":46,"turns":6},{"damage":14,"enemies":"4 Shapes","floor":48,"turns":6},{"damage":47,"enemies":"Awakened One","floor":50,"turns":19}],"event_choices":[{"event_name":"Shining Light","player_choice":"Ignored","floor":5,"damage_taken":0},{"event_name":"Big Fish","player_choice":"Banana","floor":11,"damage_taken":0},{"event_name":"The Mausoleum","player_choice":"Yes","floor":22,"damage_taken":0},{"event_name":"The Library","player_choice":"Read","floor":28,"damage_taken":0},{"event_name":"Bonfire Elementals","player_choice":"UNCOMMON","floor":29,"damage_taken":0},{"event_name":"Winding Halls","player_choice":"Writhe","floor":36,"damage_taken":0},{"event_name":"Mysterious Sphere","player_choice":"Fight","floor":39,"damage_taken":0},{"event_name":"Tomb of Lord Red Mask","player_choice":"Ignored","floor":45,"damage_taken":0},{"event_name":"Purifier","player_choice":"One Purge","floor":47,"damage_taken":0}],"boss_relics":[{"not_picked":["Eternal Feather","Tiny House"],"picked":"Lizard Tail"},{"not_picked":["Astrolabe","Orrery"],"picked":"Pandora\u0027s Box"}],"potions_floor_spawned":[4,6,14,20,24,30,33,35,39,44],"seed_played":"-7265962916009943367","ascension_level":1,"is_trial":false}