{"gold_per_floor":[110,121,46,46,63,93,93,103,103,113,113,113,145,145,145,345,345,365,79,201,221,221,221,149,149,203,233,351,367,387,403,403,503,503,518,318,318,164,164,284,284,314,359,359,389,405,405,567,567,567],"floor_reached":50,"playtime":1579,"items_purged":["Strike_R"],"score":682,"play_id":"809c1e57-b1a4-4521-adc7-ad23292da2fc","local_time":"20190121210556","is_ascension_mode":false,"campfire_choices":[{"data":"infinitespire:OneForAll","floor":7,"key":"SMITH"},{"data":"ReplayTheSpireMod:Muscle Training","floor":12,"key":"SMITH"},{"floor":15,"key":"REST"},{"floor":23,"key":"DIG"},{"floor":32,"key":"DIG"},{"floor":41,"key":"DIG"},{"floor":44,"key":"DIG"},{"floor":47,"key":"DIG"},{"floor":49,"key":"RECALL"}],"neow_cost":"NONE","seed_source_timestamp":2157996131073986,"circlet_count":0,"master_deck":["Strike_R+1","Strike_R+1","Strike_R+1","Defend_R+1","Defend_R+1","Defend_R+1","Defend_R+1","Bash+1","Cleave+1","Headbutt+1","infinitespire:OneForAll+1","Self Repair+1","ReplayTheSpireMod:Muscle Training+1","Cold Snap+1","hubris:StunningStrike+1","Flame Barrier+1","Inflame+1","Clothesline+1","Offering+1","Replay:Many Hands+1","Pommel Strike+1","Offering"],"relics":["NeowsBlessing","Iron Core","Smiling Mask","hubris:IronBody","infinitespire:Cubic Diamond","hubris:TenFootPole","Runic Dome","Shovel","hubris:BottledHeart","hubris:PeanutButter","infinitespire:Satchel","Baseball","hubris:DeckOfHolding","Juzu Bracelet","Strawberry","Mark of the Bloom","hubris:ChampionShield","Snack Pack","Whetstone","Red Skull","Bag of Preparation","Peace Pipe","Letter Opener","infinitespire:Beetle Shell"],"potions_floor_usage":[10,13,16,16,21,21,33,50,50,50],"damage_taken":[{"damage":0,"enemies":"2 Louse","floor":1,"turns":1},{"damage":0,"enemies":"Cultist","floor":2,"turns":1},{"damage":0,"enemies":"Small Slimes","floor":5,"turns":1},{"damage":40,"enemies":"Lagavulin","floor":6,"turns":7},{"damage":13,"enemies":"Red Slaver","floor":8,"turns":4},{"damage":2,"enemies":"3 Louse","floor":10,"turns":1},{"damage":27,"enemies":"3 Sentries","floor":13,"turns":6},{"damage":51,"enemies":"Hexaghost","floor":16,"turns":12},{"damage":29,"enemies":"2 Thieves","floor":18,"turns":5},{"damage":22,"enemies":"Shell Parasite","floor":20,"turns":5},{"damage":19,"enemies":"Snake Plant","floor":21,"turns":5},{"damage":0,"enemies":"Book of Stabbing","floor":27,"turns":6},{"damage":0,"enemies":"Snecko","floor":28,"turns":6},{"damage":0,"enemies":"Sentry and Sphere","floor":29,"turns":4},{"damage":0,"enemies":"Centurion and Healer","floor":30,"turns":5},{"damage":0,"enemies":"Chosen and Byrds","floor":31,"turns":4},{"damage":0,"enemies":"Champ","floor":33,"turns":14},{"damage":0,"enemies":"Orb Walker","floor":35,"turns":4},{"damage":0,"enemies":"3 Shapes","floor":40,"turns":2},{"damage":0,"enemies":"Reptomancer","floor":42,"turns":4},{"damage":0,"enemies":"Nemesis","floor":45,"turns":5},{"damage":0,"enemies":"Sphere and 2 Shapes","floor":46,"turns":2},{"damage":0,"enemies":"Transient","floor":48,"turns":5},{"damage":9,"enemies":"infinitespire:MassOfShapes","floor":50,"turns":8}],"seed_played":"-8264365394371757457","potions_obtained":[{"floor":2,"key":"Block Potion"},{"floor":8,"key":"Explosive Potion"},{"floor":10,"key":"Weak Potion"},{"floor":13,"key":"Regen Potion"},{"floor":18,"key":"EntropicBrew"},{"floor":20,"key":"Dexterity Potion"},{"floor":27,"key":"SkillPotion"},{"floor":28,"key":"Strength Potion"},{"floor":35,"key":"PowerPotion"}],"is_trial":false,"path_per_floor":["M","M","$","?","M","E","R","M","T","M","?","R","E","?","R","B",null,"M","$","M","M","?","R","$","?","T","E","M","M","M","M","R","B",null,"M","$","?","$","?","M","R","E","T","R","E","M","R","M","R","B"],"character_chosen":"IRONCLAD","items_purchased":["infinitespire:OneForAll","Shovel","Inflame","Juzu Bracelet","Strawberry"],"campfire_rested":1,"item_purchase_floors":[3,19,24,36,38],"current_hp_per_floor":[80,80,80,80,80,50,50,47,47,55,55,55,38,38,62,26,80,61,61,49,40,1,1,1,1,1,1,1,1,1,1,1,1,1,1,1,1,1,1,1,1,1,1,1,1,1,1,1,1,0],"gold":567,"neow_bonus":"THREE_ENEMY_KILL","is_prod":false,"is_daily":false,"chose_seed":false,"campfire_upgraded":2,"win_rate":0,"timestamp":1548122756,"path_taken":["M","M","$","?","M","E","R","M","T","M","?","R","E","?","R","BOSS","M","$","M","M","?","R","$","?","T","E","?","M","M","M","R","BOSS","M","$","?","?","?","M","R","E","T","R","E","M","R","M","R","BOSS"],"build_version":"2019-01-17v2","purchased_purges":1,"victory":false,"max_hp_per_floor":[80,80,80,80,80,80,80,80,80,80,80,80,80,80,80,80,80,80,80,80,80,1,1,1,1,1,1,1,1,1,1,1,1,1,1,1,1,1,1,1,1,1,1,1,1,1,1,1,1,1],"card_choices":[{"not_picked":["Heavy Blade","Bloodletting"],"picked":"Cleave","floor":1},{"not_picked":["Defy Death","Clothesline"],"picked":"Headbutt","floor":2},{"not_picked":["Hologram","ReplayTheSpireMod:Stacked"],"picked":"ReplayTheSpireMod:Muscle Training","floor":5},{"not_picked":["Thunderclap","Gash"],"picked":"Cold Snap","floor":6},{"not_picked":["FTL","hubris:SharpeningStone","Body Slam"],"picked":"SKIP","floor":8},{"not_picked":["Dropkick","Perfected Strike","Eclipse"],"picked":"SKIP","floor":10},{"not_picked":["Carnage","Whirlwind","Massacre"],"picked":"SKIP","floor":13},{"not_picked":["Demonic Infusion","Offering"],"picked":"hubris:StunningStrike","floor":16},{"not_picked":["Heavy Blade+1","Body Slam+1","Dropkick"],"picked":"SKIP","floor":18},{"not_picked":["Iron Wave","Infernal Blade"],"picked":"Flame Barrier","floor":20},{"not_picked":["Body Slam","Iron Wave+1","True Grit"],"picked":"SKIP","floor":21},{"not_picked":["Dropkick","Uppercut","Heavy Blade"],"picked":"SKIP","floor":27},{"not_picked":["Rupture+1","Massacre"],"picked":"Clothesline+1","floor":28},{"not_picked":["Run Through","Rage","Hemokinesis+1"],"picked":"SKIP","floor":29},{"not_picked":["hubris:CleavingFinish","Twin Strike","ReplayTheSpireMod:Stacked+1"],"picked":"SKIP","floor":30},{"not_picked":["Run Through","Pommel Strike"],"picked":"Offering","floor":31},{"not_picked":["Demonic Infusion","Immolate"],"picked":"Replay:Many Hands","floor":33},{"not_picked":["Carnage+1","Clash","Warcry"],"picked":"SKIP","floor":35},{"not_picked":["Rupture+1","Run Through"],"picked":"Pommel Strike","floor":40},{"not_picked":["Body Slam+1","Shrug It Off","infinitespire:OneForAll"],"picked":"SKIP","floor":42},{"not_picked":["Warcry+1","Body Slam+1"],"picked":"Offering","floor":45},{"not_picked":["Clothesline+1","Warcry","ReplayTheSpireMod:Limb From Limb+1"],"picked":"SKIP","floor":46},{"not_picked":["Havoc+1","Iron Wave","Intimidate"],"picked":"SKIP","floor":48},{"not_picked":["Havoc+1","Iron Wave","Intimidate"],"picked":"SKIP","floor":48}],"player_experience":598520,"relics_obtained":[{"floor":6,"key":"Smiling Mask"},{"floor":9,"key":"hubris:IronBody"},{"floor":13,"key":"hubris:TenFootPole"},{"floor":23,"key":"hubris:PeanutButter"},{"floor":27,"key":"Baseball"},{"floor":32,"key":"hubris:DeckOfHolding"},{"floor":41,"key":"hubris:ChampionShield"},{"floor":42,"key":"Snack Pack"},{"floor":43,"key":"Whetstone"},{"floor":44,"key":"Red Skull"},{"floor":45,"key":"Bag of Preparation"},{"floor":47,"key":"Peace Pipe"}],"event_choices":[{"damage_healed":0,"gold_gain":0,"player_choice":"Gave Potion","damage_taken":0,"relics_obtained":["infinitespire:Satchel"],"max_hp_gain":0,"max_hp_loss":0,"event_name":"WeMeetAgain","floor":25,"gold_loss":0},{"cards_removed":["Strike_R"],"damage_healed":0,"gold_gain":0,"player_choice":"Purged","damage_taken":0,"max_hp_gain":0,"max_hp_loss":0,"event_name":"Purifier","floor":37,"gold_loss":0},{"damage_healed":0,"gold_gain":0,"player_choice":"Upgrade","damage_taken":0,"relics_obtained":["Mark of the Bloom"],"max_hp_gain":0,"max_hp_loss":0,"event_name":"MindBloom","floor":39,"gold_loss":0,"cards_upgraded":["Strike_R","Strike_R","Strike_R","Defend_R","Defend_R","Defend_R","Defend_R","Bash","Headbutt","Cold Snap","hubris:StunningStrike","Flame Barrier","Inflame","Offering","Replay:Many Hands"]}],"is_beta":false,"boss_relics":[{"not_picked":["Eternal Feather","Snecko Eye"],"picked":"Runic Dome"},{"not_picked":[]}],"items_purged_floors":[36],"is_endless":false,"potions_floor_spawned":[2,8,10,13,18,20,27,28,31,35,45,46,48],"killed_by":"infinitespire:MassOfShapes","ascension_level":0}