{"gold_per_floor":[116,130,142,142,157,157,172,172,218,230,248,261,319,2,2,100,100,112,112,132,132,132,132],"floor_reached":23,"playtime":575,"items_purged":["Strike_R"],"score":185,"play_id":"9ef278ef-3fde-40f3-a7d2-9eb95a43c1de","local_time":"20180709185530","is_ascension_mode":false,"campfire_choices":[{"data":"True Grit","floor":6,"key":"SMITH"},{"data":"Inflame","floor":8,"key":"SMITH"},{"data":"Demon Form","floor":15,"key":"SMITH"}],"neow_cost":"NONE","seed_source_timestamp":111378319132600,"circlet_count":0,"master_deck":["Strike_R","Strike_R","Strike_R","Strike_R","Defend_R","Defend_R","Defend_R","Defend_R","Bash","Headbutt","Inflame+1","True Grit+1","Sword Boomerang","Demon Form+1","Shrug It Off","Sword Boomerang","Shrug It Off","Shrug It Off+1","Parasite"],"relics":["Burning Blood","Regal Pillow","Boot","Matryoshka","Toxic Egg 2","Cursed Key","Oddly Smooth Stone","Pen Nib"],"potions_floor_usage":[7,13,23],"damage_taken":[{"damage":2,"enemies":"2 Louse","floor":1,"turns":4},{"damage":6,"enemies":"Jaw Worm","floor":2,"turns":4},{"damage":0,"enemies":"Small Slimes","floor":3,"turns":3},{"damage":12,"enemies":"Red Slaver","floor":5,"turns":4},{"damage":0,"enemies":"2 Fungi Beasts","floor":7,"turns":3},{"damage":7,"enemies":"Exordium Wildlife","floor":10,"turns":5},{"damage":12,"enemies":"Blue Slaver","floor":11,"turns":4},{"damage":10,"enemies":"Lots of Slimes","floor":12,"turns":4},{"damage":36,"enemies":"Lagavulin Event","floor":13,"turns":4},{"damage":23,"enemies":"Hexaghost","floor":16,"turns":6},{"damage":23,"enemies":"2 Thieves","floor":18,"turns":3},{"damage":15,"enemies":"Chosen","floor":20,"turns":5},{"damage":48,"enemies":"Book of Stabbing","floor":23,"turns":5}],"seed_played":"-4804023711826534564","potions_obtained":[{"floor":1,"key":"Explosive Potion"},{"floor":7,"key":"Swift Potion"},{"floor":10,"key":"Dexterity Potion"},{"floor":11,"key":"Poison Potion"},{"floor":20,"key":"Regen Potion"},{"floor":21,"key":"Strength Potion"}],"is_trial":false,"path_per_floor":["M","M","M","?","M","R","M","R","T","M","M","M","?","$","R","B",null,"M","?","M","?","T"],"character_chosen":"IRONCLAD","items_purchased":["Toxic Egg 2"],"campfire_rested":0,"item_purchase_floors":[14],"current_hp_per_floor":[80,80,80,68,62,62,68,68,68,67,61,57,27,27,27,10,80,63,48,39,39,39,0],"gold":132,"neow_bonus":"RANDOM_COMMON_RELIC","is_prod":false,"is_daily":false,"chose_seed":false,"campfire_upgraded":3,"win_rate":0,"timestamp":1531176930,"path_taken":["M","M","M","?","M","R","M","R","T","M","M","?","?","$","R","BOSS","M","?","M","?","?","E"],"build_version":"2018-07-05","purchased_purges":1,"victory":false,"max_hp_per_floor":[80,80,80,80,80,80,80,80,80,80,80,80,80,80,80,80,80,80,85,85,85,85,85],"card_choices":[{"not_picked":["Carnage","Pommel Strike"],"picked":"Headbutt","floor":1},{"not_picked":["Flame Barrier","Uppercut"],"picked":"Inflame","floor":2},{"not_picked":["Burning Pact","Wild Strike"],"picked":"True Grit","floor":3},{"not_picked":["Blood for Blood","Heavy Blade","True Grit"],"picked":"SKIP","floor":5},{"not_picked":["Entrench","Iron Wave"],"picked":"Sword Boomerang","floor":7},{"not_picked":["Havoc","Reckless Charge"],"picked":"Demon Form","floor":10},{"not_picked":["Twin Strike","Feel No Pain"],"picked":"Shrug It Off","floor":11},{"not_picked":["Shockwave","Combust"],"picked":"Sword Boomerang","floor":12},{"not_picked":["Flex","Perfected Strike"],"picked":"Shrug It Off","floor":13},{"not_picked":["Headbutt","Sever Soul+1","Twin Strike"],"picked":"SKIP","floor":18},{"not_picked":["Fire Breathing","Headbutt"],"picked":"Shrug It Off+1","floor":20}],"player_experience":735632,"relics_obtained":[{"floor":9,"key":"Boot"},{"floor":13,"key":"Matryoshka"},{"floor":22,"key":"Oddly Smooth Stone"},{"floor":22,"key":"Pen Nib"}],"event_choices":[{"event_name":"Scrap Ooze","player_choice":"unsuccessful","floor":4,"damage_taken":12},{"event_name":"Dead Adventurer","player_choice":"Searched \u00272\u0027 times","floor":13,"damage_taken":0},{"event_name":"Forgotten Altar","player_choice":"Shed Blood","floor":19,"damage_taken":0},{"event_name":"The Lab","player_choice":"Got Potions","floor":21,"damage_taken":0}],"boss_relics":[{"not_picked":["Orrery","Velvet Choker"],"picked":"Cursed Key"}],"items_purged_floors":[14],"is_endless":false,"potions_floor_spawned":[1,7,10,11,12,20],"killed_by":"Book of Stabbing","ascension_level":0}