{"gold_per_floor":[17,32,49,129,129,172,191,191,191,191,230,230,230,268,268,358,358,383,20,39,39,28,28,59,84,84,109,162,205,205,229,229,322,322,335,335,350,4,18,18,51,51,51,86,86,120,135,156,156,156,156,156,1,44,44],"floor_reached":55,"playtime":4057,"items_purged":[],"score":1493,"play_id":"d7827242-1883-44c2-a67c-52499712ce8b","local_time":"20190325170213","is_ascension_mode":true,"campfire_choices":[{"floor":8,"key":"REST"},{"data":"Bash","floor":10,"key":"SMITH"},{"data":"Feed","floor":13,"key":"SMITH"},{"floor":15,"key":"REST"},{"floor":23,"key":"REST"},{"data":"Corruption","floor":30,"key":"SMITH"},{"data":"Battle Trance","floor":32,"key":"SMITH"},{"floor":40,"key":"REST"},{"floor":42,"key":"RECALL"},{"floor":45,"key":"REST"},{"floor":49,"key":"REST"},{"floor":52,"key":"REST"}],"neow_cost":"NO_GOLD","seed_source_timestamp":18474870332918,"circlet_count":0,"master_deck":["AscendersBane","Strike_R","Strike_R","Defend_R","Defend_R","Defend_R","Bash+1","Feed+1","Inflame","Shrug It Off","Spot Weakness","Shockwave","Whirlwind","Battle Trance+1","Reaper","Shockwave+1","Demon Form+1","Bludgeon+1","Flame Barrier","Corruption+1","Anger","Headbutt","Armaments","Fiend Fire","Shrug It Off","Combust","Sentinel","Parasite","Dark Embrace","Shrug It Off+1","Feel No Pain","Havoc","Metallicize","Havoc","Armaments","Rupture+1"],"relics":["Burning Blood","Golden Idol","Regal Pillow","The Courier","Pear","Bag of Marbles","Astrolabe","Membership Card","Ancient Tea Set","PreservedInsect","StoneCalendar","Shuriken","Vajra","Pantograph","Fusion Hammer","Molten Egg 2","Letter Opener","Orichalcum","Kunai","Sundial","Ginger","Lantern","Toolbox","Paper Frog"],"potions_floor_usage":[6,29,50],"damage_taken":[{"damage":7,"enemies":"Jaw Worm","floor":1,"turns":3},{"damage":0,"enemies":"Small Slimes","floor":2,"turns":3},{"damage":3,"enemies":"2 Louse","floor":3,"turns":3},{"damage":57,"enemies":"3 Sentries","floor":6,"turns":12},{"damage":14,"enemies":"Looter","floor":7,"turns":4},{"damage":28,"enemies":"Gremlin Nob","floor":11,"turns":4},{"damage":47,"enemies":"Lagavulin","floor":14,"turns":8},{"damage":44,"enemies":"The Guardian","floor":16,"turns":11},{"damage":39,"enemies":"Spheric Guardian","floor":18,"turns":5},{"damage":30,"enemies":"2 Thieves","floor":20,"turns":4},{"damage":54,"enemies":"Gremlin Leader","floor":24,"turns":6},{"damage":13,"enemies":"Snecko","floor":25,"turns":4},{"damage":0,"enemies":"Centurion and Healer","floor":27,"turns":6},{"damage":33,"enemies":"Book of Stabbing","floor":29,"turns":5},{"damage":16,"enemies":"Snake Plant","floor":31,"turns":4},{"damage":41,"enemies":"Collector","floor":33,"turns":7},{"damage":35,"enemies":"3 Darklings","floor":35,"turns":4},{"damage":49,"enemies":"3 Shapes","floor":37,"turns":7},{"damage":10,"enemies":"Writhing Mass","floor":39,"turns":4},{"damage":43,"enemies":"Reptomancer","floor":41,"turns":5},{"damage":56,"enemies":"Giant Head","floor":44,"turns":7},{"damage":52,"enemies":"Reptomancer","floor":46,"turns":5},{"damage":6,"enemies":"3 Darklings","floor":47,"turns":4},{"damage":29,"enemies":"Sphere and 2 Shapes","floor":48,"turns":5},{"damage":92,"enemies":"Awakened One","floor":50,"turns":8},{"damage":57,"enemies":"Shield and Spear","floor":54,"turns":5},{"damage":106,"enemies":"The Heart","floor":55,"turns":5}],"seed_played":"-1913138915888116143","potions_obtained":[{"floor":2,"key":"GamblersBrew"},{"floor":7,"key":"LiquidBronze"},{"floor":16,"key":"Ancient Potion"},{"floor":18,"key":"Regen Potion"},{"floor":29,"key":"SkillPotion"},{"floor":35,"key":"Explosive Potion"},{"floor":47,"key":"Energy Potion"}],"is_trial":false,"path_per_floor":["M","M","M","?","?","E","M","R","T","R","E","?","R","E","R","B",null,"M","$","M","?","$","R","E","M","T","M","T","E","R","M","R","B",null,"M","T","M","$","M","R","E","R","T","E","R","E","M","M","R","B",null,"R","$","E","B"],"character_chosen":"IRONCLAD","items_purchased":["Corruption","Membership Card","Ancient Tea Set","PreservedInsect","Anger","Combust","Letter Opener","Orichalcum","Kunai","Sentinel","Metallicize","Havoc","Toolbox","Armaments"],"campfire_rested":7,"item_purchase_floors":[19,19,19,19,22,38,38,38,38,38,53,53,53,53],"current_hp_per_floor":[70,79,84,84,76,28,23,62,62,62,53,84,84,47,91,57,92,80,80,60,60,60,108,87,80,80,86,86,85,85,79,79,84,110,110,110,88,88,84,127,102,102,102,52,105,81,112,98,127,66,115,131,131,80,0],"gold":44,"neow_bonus":"THREE_RARE_CARDS","is_prod":false,"is_daily":false,"chose_seed":false,"campfire_upgraded":4,"win_rate":0,"timestamp":1553529733,"path_taken":["M","M","M","?","?","E","M","R","T","R","E","?","R","E","R","BOSS","M","$","M","?","$","R","E","M","T","M","?","E","R","?","R","BOSS","M","?","M","$","M","R","E","R","T","E","R","E","M","M","R","BOSS","R","$","E","BOSS"],"build_version":"2019-01-23","purchased_purges":0,"victory":false,"max_hp_per_floor":[78,81,84,84,76,79,82,82,82,82,95,95,95,99,99,103,103,107,107,111,111,111,111,111,111,111,111,111,111,111,115,115,119,119,123,123,127,127,127,127,127,127,127,127,127,127,127,127,127,131,131,131,131,131,131],"card_choices":[{"not_picked":["Reaper","Immolate"],"picked":"Feed","floor":0},{"not_picked":["Pommel Strike","True Grit"],"picked":"Inflame","floor":1},{"not_picked":["Wild Strike","Clash","Sword Boomerang"],"picked":"SKIP","floor":2},{"not_picked":["Anger","Wild Strike"],"picked":"Shrug It Off","floor":3},{"not_picked":["Armaments","Twin Strike"],"picked":"Spot Weakness","floor":6},{"not_picked":["Infernal Blade","Rage"],"picked":"Shockwave","floor":7},{"not_picked":["Rampage","Warcry"],"picked":"Whirlwind","floor":11},{"not_picked":["Intimidate","Clash"],"picked":"Battle Trance","floor":14},{"not_picked":["Dark Embrace","Demon Form"],"picked":"Reaper","floor":16},{"not_picked":["True Grit+1","Dropkick"],"picked":"Flame Barrier","floor":18},{"not_picked":["Sword Boomerang","Warcry","Infernal Blade"],"picked":"SKIP","floor":20},{"not_picked":["Blood for Blood","Iron Wave"],"picked":"Headbutt","floor":24},{"not_picked":["Power Through","Headbutt"],"picked":"Armaments","floor":25},{"not_picked":["Infernal Blade","Twin Strike","Entrench"],"picked":"SKIP","floor":27},{"not_picked":["Body Slam","Iron Wave","Rage+1"],"picked":"SKIP","floor":29},{"not_picked":["Perfected Strike+1","Warcry","Wild Strike"],"picked":"SKIP","floor":31},{"not_picked":["Juggernaut","Demon Form"],"picked":"Fiend Fire","floor":33},{"not_picked":["Searing Blow","Warcry"],"picked":"Shrug It Off","floor":35},{"not_picked":["Havoc+1","Cleave+1","Hemokinesis+1"],"picked":"SKIP","floor":37},{"not_picked":["Sever Soul+1","Clothesline+1","Flex"],"picked":"SKIP","floor":39},{"not_picked":["Cleave+1","Blood for Blood+1","Dual Wield"],"picked":"SKIP","floor":41},{"not_picked":["Spot Weakness","Seeing Red"],"picked":"Dark Embrace","floor":44},{"not_picked":["Entrench","Carnage+1"],"picked":"Shrug It Off+1","floor":46},{"not_picked":["Dropkick+1","Clothesline+1"],"picked":"Feel No Pain","floor":47},{"not_picked":["Armaments","Power Through"],"picked":"Havoc","floor":48},{"not_picked":["Clash+1","Searing Blow+1"],"picked":"Rupture+1","floor":54}],"player_experience":473826,"relics_obtained":[{"floor":6,"key":"Regal Pillow"},{"floor":9,"key":"The Courier"},{"floor":11,"key":"Pear"},{"floor":14,"key":"Bag of Marbles"},{"floor":24,"key":"StoneCalendar"},{"floor":26,"key":"Shuriken"},{"floor":28,"key":"Vajra"},{"floor":29,"key":"Pantograph"},{"floor":36,"key":"Molten Egg 2"},{"floor":41,"key":"Sundial"},{"floor":44,"key":"Ginger"},{"floor":46,"key":"Lantern"},{"floor":54,"key":"Paper Frog"}],"event_choices":[{"damage_healed":0,"gold_gain":80,"player_choice":"Gained Gold","damage_taken":0,"max_hp_gain":0,"max_hp_loss":0,"event_name":"Golden Wing","floor":4,"gold_loss":0},{"damage_healed":0,"gold_gain":0,"player_choice":"Lose Max HP","damage_taken":0,"relics_obtained":["Golden Idol"],"max_hp_gain":0,"max_hp_loss":8,"event_name":"Golden Idol","floor":5,"gold_loss":0},{"damage_healed":31,"gold_gain":0,"player_choice":"Banana","damage_taken":0,"max_hp_gain":0,"max_hp_loss":0,"event_name":"Big Fish","floor":12,"gold_loss":0},{"cards_removed":["Strike_R"],"damage_healed":0,"gold_gain":0,"player_choice":"Elegance","damage_taken":0,"max_hp_gain":0,"max_hp_loss":0,"event_name":"Back to Basics","floor":21,"gold_loss":0}],"is_beta":false,"boss_relics":[{"not_picked":["Runic Dome","Velvet Choker"],"picked":"Astrolabe"},{"not_picked":["Sozu","Busted Crown"],"picked":"Fusion Hammer"}],"items_purged_floors":[],"is_endless":false,"potions_floor_spawned":[2,7,16,18,20,29,35,37,39,47,48],"killed_by":"The Heart","ascension_level":16}