{"path_per_floor":["M","$","M","M","M","R","M","M","T","R","?","E","$","M","R","B",null,"M","?","$","M","?","R","M","R","T","M","?","?","M","$","R","B",null,"M"],"character_chosen":"IRONCLAD","items_purchased":["Demon Form","Flame Barrier","Bandage Up","Apotheosis"],"gold_per_floor":[216,73,93,106,118,118,138,154,206,206,206,234,104,117,117,213,213,231,231,22,40,40,40,53,53,76,96,96,11,31,31,31,126,126,142],"floor_reached":36,"campfire_rested":3,"playtime":1303,"current_hp_per_floor":[80,80,75,79,69,69,53,59,59,59,59,55,55,59,80,30,80,56,56,56,57,57,80,78,78,78,55,80,80,57,57,80,57,80,49],"items_purged":[],"gold":142,"score":430,"play_id":"54bd1552-1faa-4d83-9269-b9c8097030c8","local_time":"20180316034330","is_prod":false,"is_daily":false,"is_ascension_mode":true,"campfire_upgraded":3,"timestamp":1521186210,"path_taken":["M","$","M","?","M","R","M","M","T","R","?","E","?","M","R","BOSS","M","?","$","M","?","R","M","R","T","?","?","?","M","?","R","BOSS","M","?"],"build_version":"2018-03-15","purchased_purges":0,"victory":false,"master_deck":["Strike_R","Defend_R","Defend_R","Defend_R","Defend_R","Bash","Uppercut+1","Demon Form+1","Shrug It Off","Cleave","Evolve","Shrug It Off","Flame Barrier","Bandage Up","Limit Break","Wild Strike+1","Flex+1","Body Slam+1","Apotheosis+1","Ghostly Armor+1","Offering"],"max_hp_per_floor":[80,80,80,80,80,80,80,80,80,80,80,80,80,80,80,80,80,80,80,80,80,80,80,80,80,80,80,80,80,80,80,80,80,80,80],"relics":["Black Blood","Ancient Tea Set","Pen Nib","Astrolabe","Self Forming Clay","Orichalcum","Dodecahedron"],"card_choices":[{"not_picked":["Thunderclap","Heavy Blade"],"picked":"Uppercut"},{"not_picked":["Carnage","Thunderclap"],"picked":"Shrug It Off"},{"not_picked":["Heavy Blade","Pommel Strike"],"picked":"Cleave"},{"not_picked":["Clothesline","Anger"],"picked":"Evolve"},{"not_picked":["Headbutt","Armaments"],"picked":"Shrug It Off"},{"not_picked":["Brutality","Berserk"],"picked":"Limit Break"},{"not_picked":["Flex","Blood for Blood"],"picked":"Power Through"},{"not_picked":["Flex","Shrug It Off"],"picked":"Ghostly Armor"},{"not_picked":["Demon Form","Barricade"],"picked":"Offering"}],"player_experience":190697,"potions_floor_usage":[36,36,36],"damage_taken":[{"damage":6,"enemies":"Cultist","floor":1,"turns":3},{"damage":11,"enemies":"Jaw Worm","floor":3,"turns":4},{"damage":2,"enemies":"2 Louse","floor":4,"turns":3},{"damage":16,"enemies":"Exordium Thugs","floor":5,"turns":5},{"damage":22,"enemies":"Exordium Wildlife","floor":7,"turns":4},{"damage":0,"enemies":"Large Slime","floor":8,"turns":5},{"damage":10,"enemies":"Gremlin Nob","floor":12,"turns":4},{"damage":6,"enemies":"Looter","floor":14,"turns":3},{"damage":60,"enemies":"Hexaghost","floor":16,"turns":9},{"damage":30,"enemies":"3 Byrds","floor":18,"turns":6},{"damage":11,"enemies":"Chosen","floor":21,"turns":5},{"damage":14,"enemies":"Sentry and Sphere","floor":24,"turns":7},{"damage":35,"enemies":"Slaver and Parasite","floor":27,"turns":6},{"damage":35,"enemies":"Snake Plant","floor":30,"turns":5},{"damage":33,"enemies":"Champ","floor":33,"turns":11},{"damage":45,"enemies":"3 Shapes","floor":35,"turns":6},{"damage":62,"enemies":"Mysterious Sphere","floor":36,"turns":7}],"event_choices":[{"event_name":"Golden Idol","player_choice":"Ignored","floor":11,"damage_taken":0},{"event_name":"Back to Basics","player_choice":"Elegance","floor":19,"damage_taken":0},{"event_name":"The Mausoleum","player_choice":"Yes","floor":22,"damage_taken":0},{"event_name":"Bonfire Elementals","player_choice":"UNCOMMON","floor":28,"damage_taken":0},{"event_name":"Addict","player_choice":"Obtained Relic","floor":29,"damage_taken":0},{"event_name":"Mysterious Sphere","player_choice":"Fight","floor":36,"damage_taken":0}],"boss_relics":[{"not_picked":["Tiny House","Orrery"],"picked":"Astrolabe"},{"not_picked":["Eternal Feather","Snecko Eye"],"picked":"Black Blood"}],"potions_floor_spawned":[4,7,12,14,18,33],"seed_played":"-8431747514844716299","killed_by":"Mysterious Sphere","ascension_level":2,"is_trial":false}