{"gold_per_floor":[111,111,131,141,141,141,159,184,210,229,253,266,266,266,266,368,418,435,435,435,360,360,386,386,103,103,118,118,118,146,163,163,263,263,274,274,274,24,38,38,72,72,97,109,120,120,45,65,65,65],"floor_reached":50,"playtime":2417,"items_purged":["Strike_P","Strike_P"],"score":533,"play_id":"f5f9ec2e-8475-48aa-bf11-8c13a3c0d313","local_time":"20190913143307","is_ascension_mode":false,"campfire_choices":[{"data":"1","floor":6,"key":"LIFT"},{"floor":13,"key":"REST"},{"data":"2","floor":15,"key":"LIFT"},{"data":"3","floor":24,"key":"LIFT"},{"data":"DevaForm","floor":28,"key":"SMITH"},{"floor":32,"key":"REST"},{"data":"TalkToTheHand","floor":40,"key":"SMITH"},{"floor":46,"key":"REST"},{"floor":49,"key":"REST"}],"neow_cost":"TEN_PERCENT_HP_LOSS","seed_source_timestamp":174127728447600,"circlet_count":0,"master_deck":["Strike_P","Defend_P","Defend_P","Defend_P+1","Eruption","Vigilance","Worship","EmptyFist","Meditate","StepAndStrike","Crescendo","DeusExMachina","TalkToTheHand+1","DevaForm+1","FlurryOfBlows","Devotion","Worship+1","Weave+1","Wallop","Madness","Consecrate","Wireheading","Master of Strategy","Swivel+1","Parasite"],"relics":["PureWater","Girya","TungstenRod","Art of War","Smiling Mask","Tiny House","MutagenicStrength","Ancient Tea Set","Medical Kit","Toy Ornithopter","Happy Flower","SlaversCollar","Vajra","Question Card","Pen Nib"],"potions_floor_usage":[8,8,10,17,39,39,44,45,50,50],"damage_taken":[{"damage":2,"enemies":"Jaw Worm","floor":1,"turns":5},{"damage":0,"enemies":"Small Slimes","floor":3,"turns":3},{"damage":0,"enemies":"Cultist","floor":4,"turns":2},{"damage":24,"enemies":"Exordium Thugs","floor":7,"turns":5},{"damage":6,"enemies":"Gremlin Nob","floor":8,"turns":3},{"damage":23,"enemies":"Large Slime","floor":10,"turns":3},{"damage":0,"enemies":"Blue Slaver","floor":12,"turns":3},{"damage":13,"enemies":"Hexaghost","floor":16,"turns":8},{"damage":6,"enemies":"Chosen","floor":18,"turns":5},{"damage":24,"enemies":"Slavers","floor":23,"turns":7},{"damage":0,"enemies":"Spheric Guardian","floor":27,"turns":3},{"damage":0,"enemies":"Book of Stabbing","floor":30,"turns":5},{"damage":18,"enemies":"Snake Plant","floor":31,"turns":4},{"damage":30,"enemies":"Collector","floor":33,"turns":10},{"damage":3,"enemies":"3 Shapes","floor":35,"turns":3},{"damage":2,"enemies":"3 Darklings","floor":39,"turns":5},{"damage":51,"enemies":"Reptomancer","floor":41,"turns":8},{"damage":13,"enemies":"Jaw Worm Horde","floor":44,"turns":3},{"damage":10,"enemies":"Sphere and 2 Shapes","floor":45,"turns":4},{"damage":19,"enemies":"Writhing Mass","floor":48,"turns":5},{"damage":47,"enemies":"Awakened One","floor":50,"turns":10}],"seed_played":"6107888714002192195","potions_obtained":[{"floor":1,"key":"FearPotion"},{"floor":3,"key":"Energy Potion"},{"floor":7,"key":"LiquidBronze"},{"floor":17,"key":"Fruit Juice"},{"floor":23,"key":"Energy Potion"},{"floor":31,"key":"GamblersBrew"},{"floor":39,"key":"Energy Potion"},{"floor":44,"key":"Energy Potion"},{"floor":45,"key":"Strength Potion"}],"is_trial":false,"path_per_floor":["M","?","M","M","?","R","M","E","T","M","T","M","R","?","R","B",null,"M","?","?","?","?","E","R","$","T","M","R","?","E","M","R","B",null,"M","?","?","$","M","R","E","?","T","M","M","R","$","M","R","B"],"character_chosen":"WATCHER","items_purchased":["Medical Kit","Devotion","Vajra","Consecrate","EssenceOfSteel"],"campfire_rested":4,"item_purchase_floors":[25,25,38,38,47],"current_hp_per_floor":[57,62,62,62,62,62,38,32,32,9,9,9,28,28,28,15,74,68,68,68,68,68,44,44,44,44,44,44,44,44,26,48,18,74,71,63,63,63,71,71,20,20,20,12,7,29,29,10,32,0],"gold":65,"neow_bonus":"ONE_RARE_RELIC","is_prod":false,"is_daily":false,"chose_seed":false,"campfire_upgraded":2,"win_rate":0,"timestamp":1568399587,"path_taken":["M","?","M","M","?","R","?","E","T","M","?","M","R","?","R","BOSS","M","?","?","?","?","E","R","?","T","M","R","?","E","M","R","BOSS","M","?","?","$","M","R","E","?","T","M","M","R","$","M","R","BOSS"],"build_version":"2019-09-11v2","purchased_purges":2,"victory":false,"max_hp_per_floor":[59,64,64,64,64,64,64,64,64,64,64,64,64,64,64,64,74,74,74,74,74,74,74,74,74,74,74,74,74,74,74,74,74,74,74,74,74,74,74,74,74,74,74,74,74,74,74,74,74,74],"card_choices":[{"not_picked":["ThirdEye","Sanctity"],"picked":"Worship","floor":1},{"not_picked":["CleanseEvil","Weave"],"picked":"EmptyFist","floor":3},{"not_picked":["PathToVictory","CrushJoints","FearNoEvil"],"picked":"SKIP","floor":4},{"not_picked":["Vengeance","Crescendo"],"picked":"StepAndStrike","floor":7},{"not_picked":["Evaluate","BowlingBash","CrushJoints"],"picked":"SKIP","floor":8},{"not_picked":["Scrawl","ForeignInfluence","ClearTheMind"],"picked":"SKIP","floor":10},{"not_picked":["Fasting","Sanctity"],"picked":"Crescendo","floor":12},{"not_picked":["Blasphemy","Unraveling"],"picked":"DeusExMachina","floor":16},{"not_picked":["JustLucky","Consecrate"],"picked":"TalkToTheHand","floor":17},{"not_picked":["EmptyFist+1","Tantrum"],"picked":"DevaForm","floor":18},{"not_picked":["Meditate+1","Prostrate","ClearTheMind"],"picked":"SKIP","floor":23},{"not_picked":["FollowUp","PathToVictory"],"picked":"Worship+1","floor":27},{"not_picked":["EmptyMind+1","WreathOfFlame"],"picked":"Weave+1","floor":30},{"not_picked":["Halt+1","EmptyMind+1","FlyingSleeves"],"picked":"SKIP","floor":31},{"not_picked":["Wish","ReachHeaven"],"picked":"Wallop","floor":33},{"not_picked":["Protect","Prostrate+1","CleanseEvil+1"],"picked":"SKIP","floor":35},{"not_picked":["Crescendo","CrushJoints","CleanseEvil+1"],"picked":"SKIP","floor":39},{"not_picked":["JustLucky","Weave"],"picked":"Wireheading","floor":41},{"not_picked":["Forethought","Panacea","Deep Breath"],"picked":"Master of Strategy","floor":42},{"not_picked":["Sanctity","MentalFortress","ClearTheMind","Conclude+1"],"picked":"SKIP","floor":44},{"not_picked":["SpiritShield","ClearTheMind","EmptyBody+1"],"picked":"Swivel+1","floor":45},{"not_picked":["Consecrate","WaveOfTheHand","Halt","Protect"],"picked":"SKIP","floor":48}],"player_experience":1014404,"relics_obtained":[{"floor":8,"key":"TungstenRod"},{"floor":9,"key":"Art of War"},{"floor":11,"key":"Smiling Mask"},{"floor":23,"key":"Ancient Tea Set"},{"floor":26,"key":"Toy Ornithopter"},{"floor":30,"key":"Happy Flower"},{"floor":41,"key":"Question Card"},{"floor":43,"key":"Pen Nib"}],"event_choices":[{"damage_healed":0,"gold_gain":0,"player_choice":"Donut","damage_taken":0,"max_hp_gain":5,"max_hp_loss":0,"event_name":"Big Fish","floor":2,"gold_loss":0},{"damage_healed":0,"gold_gain":0,"cards_transformed":["Defend_P"],"player_choice":"Transformed","damage_taken":0,"max_hp_gain":0,"max_hp_loss":0,"event_name":"Transmorgrifier","floor":5,"gold_loss":0,"cards_obtained":["Meditate"]},{"damage_healed":0,"gold_gain":0,"player_choice":"Ignored","damage_taken":0,"max_hp_gain":0,"max_hp_loss":0,"event_name":"Golden Wing","floor":14,"gold_loss":0},{"damage_healed":0,"gold_gain":0,"player_choice":"Ignored","damage_taken":0,"max_hp_gain":0,"max_hp_loss":0,"event_name":"The Mausoleum","floor":19,"gold_loss":0},{"damage_healed":0,"gold_gain":0,"player_choice":"Read","damage_taken":0,"max_hp_gain":0,"max_hp_loss":0,"event_name":"The Library","floor":20,"gold_loss":0,"cards_obtained":["FlurryOfBlows"]},{"cards_removed":["Strike_P"],"damage_healed":0,"gold_gain":0,"player_choice":"Gave Gold","damage_taken":0,"max_hp_gain":0,"max_hp_loss":0,"event_name":"Beggar","floor":21,"gold_loss":75},{"damage_healed":0,"gold_gain":0,"player_choice":"Inject Mutagens","damage_taken":0,"relics_obtained":["MutagenicStrength"],"max_hp_gain":0,"max_hp_loss":0,"event_name":"Drug Dealer","floor":22,"gold_loss":0},{"damage_healed":0,"gold_gain":0,"player_choice":"Ignored","damage_taken":0,"max_hp_gain":0,"max_hp_loss":0,"event_name":"Vampires","floor":29,"gold_loss":0},{"damage_healed":0,"gold_gain":0,"player_choice":"Embrace Madness","damage_taken":9,"max_hp_gain":0,"max_hp_loss":0,"event_name":"Winding Halls","floor":36,"gold_loss":0,"cards_obtained":["Madness","Madness"]},{"cards_removed":["Madness"],"damage_healed":0,"gold_gain":0,"player_choice":"Removed Skill","damage_taken":0,"max_hp_gain":0,"max_hp_loss":0,"event_name":"Falling","floor":37,"gold_loss":0},{"damage_healed":0,"gold_gain":0,"player_choice":"Memory 1","damage_taken":0,"max_hp_gain":0,"max_hp_loss":0,"event_name":"SensoryStone","floor":42,"gold_loss":0}],"is_beta":true,"boss_relics":[{"not_picked":["Empty Cage","Calling Bell"],"picked":"Tiny House"},{"not_picked":["Pandora\u0027s Box","Black Star"],"picked":"SlaversCollar"}],"items_purged_floors":[25,38],"is_endless":false,"potions_floor_spawned":[1,3,7,23,31,39,44,45],"killed_by":"Awakened One","ascension_level":0}