{"gold_per_floor":[111,111,125,135,149,149,169,186,212,212,230,246,256,274,274,371,371,391,242,457,457,457],"floor_reached":22,"playtime":1420,"items_purged":[],"score":182,"play_id":"f2be859a-f9c8-46c5-b432-235e3d3bd259","local_time":"20190917001336","is_ascension_mode":false,"campfire_choices":[{"data":"WreathOfFlame","floor":6,"key":"SMITH"},{"data":"FlurryOfBlows","floor":15,"key":"SMITH"}],"neow_cost":"NONE","seed_source_timestamp":469155111017200,"circlet_count":0,"master_deck":["Strike_P","Strike_P","Strike_P","Strike_P","Defend_P","Defend_P","Defend_P","Defend_P","Eruption","Vigilance","FlurryOfBlows+1","FlyingSleeves","Wallop","WreathOfFlame+1","EmptyMind","Protect","StepAndStrike","EmptyFist","LessonLearned","BowlingBash+1","DevaForm"],"relics":["VioletLotus","Regal Pillow","Black Star","Old Coin","White Beast Statue"],"potions_floor_usage":[11,12,13,16,16,18],"damage_taken":[{"damage":18,"enemies":"Jaw Worm","floor":1,"turns":4},{"damage":0,"enemies":"2 Louse","floor":3,"turns":2},{"damage":4,"enemies":"Small Slimes","floor":4,"turns":3},{"damage":2,"enemies":"Blue Slaver","floor":5,"turns":5},{"damage":0,"enemies":"Red Slaver","floor":7,"turns":2},{"damage":14,"enemies":"Large Slime","floor":8,"turns":5},{"damage":0,"enemies":"Looter","floor":11,"turns":4},{"damage":20,"enemies":"Lots of Slimes","floor":12,"turns":6},{"damage":0,"enemies":"Red Slaver","floor":13,"turns":2},{"damage":1,"enemies":"Large Slime","floor":14,"turns":6},{"damage":39,"enemies":"The Guardian","floor":16,"turns":14},{"damage":0,"enemies":"Chosen","floor":18,"turns":4},{"damage":67,"enemies":"Masked Bandits","floor":22,"turns":5}],"seed_played":"5337007882992972156","potions_obtained":[{"floor":1,"key":"Swift Potion"},{"floor":7,"key":"DuplicationPotion"},{"floor":8,"key":"Dexterity Potion"},{"floor":11,"key":"Regen Potion"},{"floor":13,"key":"PowerPotion"},{"floor":14,"key":"Explosive Potion"}],"is_trial":false,"path_per_floor":["M","?","M","M","M","R","M","M","T","?","M","M","M","M","R","B",null,"M","$","?","T","?"],"character_chosen":"WATCHER","items_purchased":["DevaForm"],"campfire_rested":0,"item_purchase_floors":[19],"current_hp_per_floor":[47,47,47,43,41,41,41,27,27,48,48,43,43,42,42,3,65,65,65,65,65,0],"gold":457,"neow_bonus":"BOSS_RELIC","is_prod":false,"is_daily":false,"chose_seed":false,"campfire_upgraded":2,"win_rate":0,"timestamp":1568693616,"path_taken":["M","?","M","M","M","R","M","M","T","?","M","M","M","M","R","BOSS","M","$","?","?","?"],"build_version":"2019-09-16","purchased_purges":0,"victory":false,"max_hp_per_floor":[65,65,65,65,65,65,65,65,65,65,65,65,65,65,65,65,65,65,65,65,65,65],"card_choices":[{"not_picked":["FlyingSleeves","SpiritShield"],"picked":"FlurryOfBlows","floor":1},{"not_picked":["ForeignInfluence","SashWhip"],"picked":"FlyingSleeves","floor":3},{"not_picked":["FearNoEvil","EmptyBody"],"picked":"Wallop","floor":4},{"not_picked":["Perseverance","FlyingSleeves"],"picked":"WreathOfFlame","floor":5},{"not_picked":["Halt","JustLucky"],"picked":"EmptyMind","floor":7},{"not_picked":["MentalFortress","Halt"],"picked":"Protect","floor":8},{"not_picked":["Halt","CrushJoints"],"picked":"StepAndStrike","floor":11},{"not_picked":["Prostrate","TalkToTheHand","CutThroughFate"],"picked":"SKIP","floor":12},{"not_picked":["Fasting","Halt","Omniscience"],"picked":"SKIP","floor":13},{"not_picked":["Evaluate","Halt"],"picked":"EmptyFist","floor":14},{"not_picked":["FlowState","ReachHeaven"],"picked":"LessonLearned","floor":16},{"not_picked":["ClearTheMind","FlyingSleeves"],"picked":"BowlingBash+1","floor":18}],"player_experience":1023344,"relics_obtained":[{"floor":9,"key":"Regal Pillow"},{"floor":21,"key":"White Beast Statue"}],"event_choices":[{"damage_healed":0,"gold_gain":0,"player_choice":"Ignored","damage_taken":0,"max_hp_gain":0,"max_hp_loss":0,"event_name":"Liars Game","floor":2,"gold_loss":0},{"damage_healed":21,"gold_gain":0,"player_choice":"Banana","damage_taken":0,"max_hp_gain":0,"max_hp_loss":0,"event_name":"Big Fish","floor":10,"gold_loss":0},{"damage_healed":0,"gold_gain":0,"player_choice":"Obtained Relic","damage_taken":0,"relics_obtained":["Old Coin"],"max_hp_gain":0,"max_hp_loss":0,"event_name":"Addict","floor":20,"gold_loss":85},{"damage_healed":0,"gold_gain":0,"player_choice":"Fought Bandits","damage_taken":0,"max_hp_gain":0,"max_hp_loss":0,"event_name":"Masked Bandits","floor":22,"gold_loss":0}],"is_beta":true,"boss_relics":[{"not_picked":["Pandora\u0027s Box","Velvet Choker"],"picked":"Black Star"}],"items_purged_floors":[],"is_endless":false,"potions_floor_spawned":[1,7,8,11,13,14],"killed_by":"Masked Bandits","ascension_level":0}