{"gold_per_floor":[114,132,407,78,98,98,132,132,132,132,145,174,193,205,205,306,306,319,319,24,38,48,76,76,94,94,94,94,94,94,106,106,204,204,222,71,87,87,107,133,220,232,244,2,36,56,75,100,100,100,100,100,11,36,36],"floor_reached":55,"playtime":8481,"items_purged":["Regret","Defend_P"],"score":862,"play_id":"a142164e-a29e-44a0-98e4-b36305527be6","local_time":"20190909225258","is_ascension_mode":false,"campfire_choices":[{"data":"Eruption","floor":6.0,"key":"SMITH"},{"data":"Devotion","floor":8.0,"key":"SMITH"},{"data":"Conclude","floor":10.0,"key":"SMITH"},{"data":"DeceiveReality","floor":15.0,"key":"SMITH"},{"data":"DevaForm","floor":24.0,"key":"SMITH"},{"data":"DevaForm","floor":27.0,"key":"SMITH"},{"data":"Establishment","floor":30.0,"key":"SMITH"},{"data":"SandsOfTime","floor":32.0,"key":"SMITH"},{"data":"TalkToTheHand","floor":42,"key":"SMITH"},{"floor":49,"key":"RECALL"},{"data":"CleanseEvil","floor":52,"key":"SMITH"}],"neow_cost":"PERCENT_DAMAGE","seed_source_timestamp":0,"circlet_count":0,"master_deck":["Strike_P","Strike_P","Strike_P","Defend_P","Eruption+1","Vigilance","DeceiveReality+1","TalkToTheHand+1","Devotion+1","Conclude+1","Vault","Establishment+1","Sanctity","Swivel","Protect","Perseverance","DevaForm+1","FollowUp","SandsOfTime+1","DevaForm+1","Worship","Writhe","Devotion","FearNoEvil+1","Vault+1","SandsOfTime+1","Crescendo+1","Protect+1","CleanseEvil+1","Adaptation","ClearTheMind+1","DeceiveReality+1","Impatience","SandsOfTime+1"],"special_seed":0,"relics":["PureWater","Sling","Mango","Eternal Feather","Torii","SlaversCollar","Gambling Chip","Mercury Hourglass","Molten Egg 2","Thread and Needle","Runic Dome","Bag of Preparation","MawBank","Potion Belt","Blood Vial","TungstenRod","Oddly Smooth Stone"],"potions_floor_usage":[50,55,55,55,55,55],"damage_taken":[{"damage":1.0,"enemies":"2 Louse","floor":1.0,"turns":2.0},{"damage":0.0,"enemies":"Cultist","floor":2.0,"turns":2.0},{"damage":0.0,"enemies":"Jaw Worm","floor":5.0,"turns":4.0},{"damage":4.0,"enemies":"Lagavulin","floor":7.0,"turns":6.0},{"damage":0.0,"enemies":"Lots of Slimes","floor":11.0,"turns":1.0},{"damage":15.0,"enemies":"3 Sentries","floor":12.0,"turns":6.0},{"damage":6.0,"enemies":"Large Slime","floor":13.0,"turns":5.0},{"damage":0.0,"enemies":"3 Louse","floor":14.0,"turns":4.0},{"damage":0.0,"enemies":"Slime Boss","floor":16.0,"turns":6.0},{"damage":1.0,"enemies":"2 Thieves","floor":18.0,"turns":5.0},{"damage":1.0,"enemies":"Spheric Guardian","floor":21.0,"turns":5.0},{"damage":21.0,"enemies":"Chosen and Byrds","floor":22.0,"turns":13.0},{"damage":1.0,"enemies":"Book of Stabbing","floor":23.0,"turns":6.0},{"damage":0.0,"enemies":"Centurion and Healer","floor":25.0,"turns":7.0},{"damage":1.0,"enemies":"Cultist and Chosen","floor":31.0,"turns":8.0},{"damage":7.0,"enemies":"Collector","floor":33.0,"turns":6.0},{"damage":0.0,"enemies":"Orb Walker","floor":35.0,"turns":4.0},{"damage":0,"enemies":"3 Shapes","floor":37,"turns":6},{"damage":6,"enemies":"Sphere and 2 Shapes","floor":39,"turns":5},{"damage":1,"enemies":"Nemesis","floor":40,"turns":5},{"damage":0,"enemies":"Giant Head","floor":45,"turns":7},{"damage":0,"enemies":"Maw","floor":46,"turns":5},{"damage":1,"enemies":"Jaw Worm Horde","floor":47,"turns":5},{"damage":35,"enemies":"Reptomancer","floor":48,"turns":6},{"damage":26,"enemies":"Time Eater","floor":50,"turns":8},{"damage":1,"enemies":"Shield and Spear","floor":54,"turns":5},{"damage":82,"enemies":"The Heart","floor":55,"turns":8}],"seed_played":"7534650090910933403","potions_obtained":[{"floor":2.0,"key":"SneckoOil"},{"floor":5.0,"key":"DuplicationPotion"},{"floor":13.0,"key":"Swift Potion"},{"floor":14.0,"key":"Energy Potion"},{"floor":23.0,"key":"Poison Potion"},{"floor":35.0,"key":"Explosive Potion"},{"floor":39,"key":"GamblersBrew"},{"floor":46,"key":"SteroidPotion"},{"floor":47,"key":"SkillPotion"},{"floor":54,"key":"EssenceOfSteel"}],"is_trial":false,"path_per_floor":["M","M","?","$","M","R","E","R","T","R","M","E","M","M","R","B",null,"M","?","$","M","M","E","R","M","T","R","?","?","R","M","R","B",null,"M","$","M","?","M","E","?","R","T","$","E","M","M","E","R","B",null,"R","$","E","B"],"character_chosen":"WATCHER","items_purchased":["Sling","Devotion","Conclude","Gambling Chip","Bag of Preparation","Potion Belt","Impatience"],"campfire_rested":0,"item_purchase_floors":[4,4,4,20,36,44,53],"current_hp_per_floor":[46,46,46,46,46,46,56,56,56,62,62,47,41,41,50,50,79,78,78,78,77,56,55,67,67,67,79,79,79,79,78,79,72,79,79,79,79,79,73,72,65,79,79,79,79,79,78,44,62,38,79,79,79,78,0],"gold":36,"neow_bonus":"REMOVE_TWO","is_prod":false,"is_daily":false,"chose_seed":false,"campfire_upgraded":10,"win_rate":0.0,"timestamp":1568094778,"path_taken":["M","M","?","?","?","R","E","R","T","R","M","E","M","M","R","BOSS","M","?","$","M","?","E","R","M","T","R","?","?","R","M","R","BOSS","M","?","M","?","M","E","?","R","T","$","E","M","?","E","R","BOSS","R","$","E","BOSS"],"build_version":"2019-09-09v2","purchased_purges":2,"victory":false,"max_hp_per_floor":[65,65,65,65,65,65,79,79,79,79,79,79,79,79,79,79,79,79,79,79,79,79,79,79,79,79,79,79,79,79,79,79,79,79,79,79,79,79,79,79,79,79,79,79,79,79,79,79,79,79,79,79,79,79,79],"card_choices":[{"not_picked":["Consecrate","EmptyBody"],"picked":"DeceiveReality","floor":1.0},{"not_picked":["InnerPeace","EmptyMind"],"picked":"TalkToTheHand","floor":2.0},{"not_picked":["CrushJoints","CutThroughFate"],"picked":"Vault","floor":5.0},{"not_picked":["WaveOfTheHand","CleanseEvil"],"picked":"Establishment","floor":7.0},{"not_picked":["FlurryOfBlows","Consecrate"],"picked":"Sanctity","floor":11.0},{"not_picked":["CleanseEvil","PathToVictory"],"picked":"Swivel","floor":12.0},{"not_picked":["Crescendo","EmptyFist"],"picked":"Protect","floor":13.0},{"not_picked":["Conclude","CleanseEvil"],"picked":"Perseverance","floor":14.0},{"not_picked":["BattleHymn","Vault"],"picked":"DevaForm","floor":16.0},{"not_picked":["FlyingSleeves","ClearTheMind"],"picked":"FollowUp","floor":18.0},{"not_picked":["ClearTheMind+1","Crescendo"],"picked":"Evaluate+1","floor":21.0},{"not_picked":["Consecrate","Weave"],"picked":"SandsOfTime","floor":22.0},{"not_picked":["EmptyBody","Vengeance"],"picked":"DevaForm","floor":23.0},{"not_picked":["CrushJoints","FlyingSleeves+1"],"picked":"Worship","floor":25.0},{"not_picked":["Sanctity","Pray"],"picked":"FearNoEvil+1","floor":31.0},{"not_picked":["Blasphemy","FlowState"],"picked":"Vault+1","floor":33.0},{"not_picked":["EmptyBody+1","FollowUp+1","Consecrate+1"],"picked":"SKIP","floor":35.0},{"not_picked":["Evaluate","ThirdEye"],"picked":"SandsOfTime+1","floor":37},{"not_picked":["EmptyBody+1","Devotion"],"picked":"Crescendo+1","floor":39},{"not_picked":["CutThroughFate+1","Scrawl+1"],"picked":"Protect+1","floor":40},{"not_picked":["FlyingSleeves+1","CrushJoints+1"],"picked":"CleanseEvil","floor":45},{"not_picked":["Worship","EmptyBody"],"picked":"Adaptation","floor":46},{"not_picked":["Protect+1","SpiritShield+1"],"picked":"ClearTheMind+1","floor":47},{"not_picked":["FlyingSleeves+1","TalkToTheHand+1"],"picked":"DeceiveReality+1","floor":48},{"not_picked":["ThirdEye","Consecrate+1"],"picked":"SandsOfTime+1","floor":54}],"player_experience":25318,"relics_obtained":[{"floor":7.0,"key":"Mango"},{"floor":9.0,"key":"Eternal Feather"},{"floor":12.0,"key":"Torii"},{"floor":23.0,"key":"Mercury Hourglass"},{"floor":26.0,"key":"Molten Egg 2"},{"floor":40,"key":"MawBank"},{"floor":45,"key":"Blood Vial"},{"floor":48,"key":"TungstenRod"},{"floor":54,"key":"Oddly Smooth Stone"}],"event_choices":[{"damage_healed":0.0,"max_hp_gain":0.0,"max_hp_loss":0.0,"gold_gain":275.0,"event_name":"Golden Shrine","player_choice":"Desecrate","floor":3.0,"gold_loss":0.0,"damage_taken":0.0,"cards_obtained":["Regret"]},{"damage_healed":0.0,"max_hp_gain":0.0,"max_hp_loss":0.0,"gold_gain":0.0,"event_name":"N\u0027loth","player_choice":"Ignored","floor":19.0,"gold_loss":0.0,"damage_taken":0.0},{"damage_healed":0.0,"max_hp_gain":0.0,"max_hp_loss":0.0,"gold_gain":0.0,"event_name":"The Mausoleum","player_choice":"Opened","floor":28.0,"gold_loss":0.0,"damage_taken":0.0,"relics_obtained":["Thread and Needle"],"cards_obtained":["Writhe"]},{"damage_healed":0.0,"max_hp_gain":0.0,"max_hp_loss":0.0,"gold_gain":0.0,"cards_transformed":["Defend_P"],"event_name":"Transmorgrifier","player_choice":"Transformed","floor":29.0,"gold_loss":0.0,"damage_taken":0.0,"cards_obtained":["Devotion"]},{"cards_removed":["Evaluate"],"damage_healed":0,"gold_gain":0,"player_choice":"Removed Skill","damage_taken":0,"max_hp_gain":0,"max_hp_loss":0,"event_name":"Falling","floor":38,"gold_loss":0},{"damage_healed":0,"gold_gain":75,"player_choice":"Touch","damage_taken":7,"max_hp_gain":0,"max_hp_loss":0,"event_name":"FaceTrader","floor":41,"gold_loss":0}],"is_beta":true,"boss_relics":[{"not_picked":["Coffee Dripper","Fusion Hammer"],"picked":"SlaversCollar"},{"not_picked":["Calling Bell","Runic Pyramid"],"picked":"Runic Dome"}],"items_purged_floors":[4,44],"is_endless":false,"potions_floor_spawned":[2,5,13,14,23,35,39,46,47,54],"killed_by":"The Heart","ascension_level":0}