{"gold_per_floor":[116,116,116,116,127,127,140,140,165,165,115,143,64,164,164,259,259,244,260,260],"floor_reached":20,"playtime":497,"items_purged":[],"score":247,"play_id":"240a959a-3803-43ab-941b-5b57a58a83ef","local_time":"20181020004107","is_ascension_mode":true,"campfire_choices":[{"data":"Body Slam","floor":6,"key":"SMITH"},{"data":"Bash","floor":8,"key":"SMITH"},{"data":"Defend_R","floor":10,"key":"SMITH"},{"data":"Disarm","floor":15,"key":"SMITH"}],"neow_cost":"NONE","seed_source_timestamp":2066879105889,"circlet_count":0,"master_deck":["Strike_R+1","Strike_R+1","Strike_R+1","Defend_R+1","Defend_R+1","Defend_R","Defend_R","Bash+1","Body Slam+1","Metallicize","Disarm+1","Juggernaut","Evolve","Inflame"],"relics":["Black Blood","Orichalcum","Omamori","Whetstone"],"potions_floor_usage":[12,20,20],"damage_taken":[{"damage":9,"enemies":"2 Louse","floor":1,"turns":3},{"damage":0,"enemies":"Cultist","floor":5,"turns":4},{"damage":3,"enemies":"Small Slimes","floor":7,"turns":3},{"damage":29,"enemies":"3 Sentries","floor":12,"turns":10},{"damage":16,"enemies":"Hexaghost","floor":16,"turns":13},{"damage":30,"enemies":"2 Thieves","floor":18,"turns":4},{"damage":15,"enemies":"Spheric Guardian","floor":19,"turns":5},{"damage":60,"enemies":"Masked Bandits","floor":20,"turns":3}],"seed_played":"-1273127045318067947","potions_obtained":[{"floor":1,"key":"GamblersBrew"},{"floor":2,"key":"BloodPotion"},{"floor":2,"key":"Poison Potion"},{"floor":18,"key":"PowerPotion"}],"is_trial":false,"path_per_floor":["M","?","?","?","M","R","M","R","T","R","?","E","$","?","R","B",null,"M","M"],"character_chosen":"IRONCLAD","items_purchased":["Disarm"],"campfire_rested":0,"item_purchase_floors":[13],"current_hp_per_floor":[69,69,53,46,52,52,55,55,55,55,55,32,32,32,32,22,66,46,41,0],"gold":260,"neow_bonus":"RANDOM_COMMON_RELIC","is_prod":false,"is_daily":false,"chose_seed":false,"campfire_upgraded":4,"win_rate":0,"timestamp":1540010467,"path_taken":["M","?","?","?","M","R","M","R","T","R","?","E","$","?","R","BOSS","M","M","?"],"build_version":"2018-10-18","purchased_purges":0,"victory":false,"max_hp_per_floor":[80,80,80,80,80,80,80,80,80,80,80,80,80,80,80,80,80,80,80,80],"card_choices":[{"not_picked":["Entrench","Metallicize","Evolve"],"picked":"SKIP","floor":1},{"not_picked":["Pummel","Spot Weakness"],"picked":"Body Slam","floor":5},{"not_picked":["Dual Wield","Havoc","Sever Soul"],"picked":"SKIP","floor":7},{"not_picked":["Clash","Clothesline"],"picked":"Metallicize","floor":12},{"not_picked":["Bludgeon","Reaper"],"picked":"Juggernaut","floor":16},{"not_picked":["Thunderclap+1","Armaments+1"],"picked":"Evolve","floor":18},{"not_picked":["Twin Strike","Rage"],"picked":"Inflame","floor":19}],"player_experience":942020,"relics_obtained":[{"floor":9,"key":"Omamori"},{"floor":12,"key":"Whetstone"}],"event_choices":[{"damage_healed":0,"gold_gain":0,"player_choice":"Got Potions","damage_taken":0,"max_hp_gain":0,"max_hp_loss":0,"event_name":"The Lab","floor":2,"gold_loss":0},{"damage_healed":0,"gold_gain":0,"player_choice":"Entered Light","damage_taken":16,"max_hp_gain":0,"max_hp_loss":0,"event_name":"Shining Light","floor":3,"gold_loss":0,"cards_upgraded":["Strike_R","Defend_R"]},{"cards_removed":["Strike_R"],"damage_healed":0,"gold_gain":0,"player_choice":"Card Removal","damage_taken":7,"max_hp_gain":0,"max_hp_loss":0,"event_name":"Golden Wing","floor":4,"gold_loss":0},{"cards_removed":["Strike_R"],"damage_healed":0,"gold_gain":0,"player_choice":"Card Removal","damage_taken":0,"max_hp_gain":0,"max_hp_loss":0,"event_name":"The Cleric","floor":11,"gold_loss":50},{"damage_healed":0,"gold_gain":100,"player_choice":"Pray","damage_taken":0,"max_hp_gain":0,"max_hp_loss":0,"event_name":"Golden Shrine","floor":14,"gold_loss":0},{"damage_healed":0,"gold_gain":0,"player_choice":"Fought Bandits","damage_taken":0,"max_hp_gain":0,"max_hp_loss":0,"event_name":"Masked Bandits","floor":20,"gold_loss":0}],"is_beta":true,"boss_relics":[{"not_picked":["Eternal Feather","Snecko Eye"],"picked":"Black Blood"}],"items_purged_floors":[],"is_endless":false,"potions_floor_spawned":[1,18],"killed_by":"Masked Bandits","ascension_level":9}