{"gold_per_floor":[119,80,94,94,107,107,120,120,146,69,89,139,139,154,154,229,229,241,241,241,41,316,316,345,345,370,386,397,431,431,444,444,517,517,536,1535,1535,1139,1153,1184,1184,1184],"floor_reached":42,"playtime":1422,"items_purged":["Normality"],"score":983,"play_id":"5f83b28c-76bd-4f79-8258-d9fcb295fc2f","local_time":"20190914001934","is_ascension_mode":true,"campfire_choices":[{"data":"Sword Boomerang","floor":6.0,"key":"SMITH"},{"data":"Shockwave","floor":8.0,"key":"SMITH"},{"floor":15.0,"key":"REST"},{"floor":23.0,"key":"REST"},{"data":"Fire Breathing","floor":25.0,"key":"SMITH"},{"floor":32.0,"key":"REST"},{"floor":41.0,"key":"REST"}],"neow_cost":"NONE","seed_source_timestamp":119298735628100,"circlet_count":0,"master_deck":["AscendersBane","Strike_R","Strike_R","Strike_R","Defend_R","Defend_R","Defend_R","Defend_R+1","Bash+1","Sword Boomerang+1","Pummel","Armaments+1","Carnage+1","Shockwave+1","Infernal Blade","Battle Trance","Fire Breathing+1","Reaper","Wild Strike","RitualDagger","Rupture","Juggernaut","Feel No Pain","Shrug It Off","Dark Embrace","Cleave+1","Wild Strike+1","Decay","Normality","Metallicize","Transmutation","Warcry","Havoc+1"],"special_seed":0,"relics":["Burning Blood","Toy Ornithopter","Smiling Mask","Mark of Pain","PreservedInsect","Boot","Lantern","Thread and Needle","Dead Branch","Astrolabe","Bottled Flame"],"potions_floor_usage":[42],"damage_taken":[{"damage":11.0,"enemies":"2 Louse","floor":1.0,"turns":4.0},{"damage":6.0,"enemies":"Cultist","floor":3.0,"turns":3.0},{"damage":7.0,"enemies":"Jaw Worm","floor":5.0,"turns":3.0},{"damage":9.0,"enemies":"3 Louse","floor":7.0,"turns":3.0},{"damage":9.0,"enemies":"2 Fungi Beasts","floor":11.0,"turns":2.0},{"damage":32.0,"enemies":"Large Slime","floor":14.0,"turns":5.0},{"damage":18.0,"enemies":"Hexaghost","floor":16.0,"turns":7.0},{"damage":22.0,"enemies":"Spheric Guardian","floor":18.0,"turns":4.0},{"damage":33.0,"enemies":"Book of Stabbing","floor":24.0,"turns":4.0},{"damage":24.0,"enemies":"2 Thieves","floor":27.0,"turns":4.0},{"damage":15.0,"enemies":"Snecko","floor":28.0,"turns":4.0},{"damage":28.0,"enemies":"Gremlin Leader","floor":29.0,"turns":4.0},{"damage":12.0,"enemies":"Centurion and Healer","floor":31.0,"turns":6.0},{"damage":19.0,"enemies":"Champ","floor":33.0,"turns":7.0},{"damage":22.0,"enemies":"Orb Walker","floor":35.0,"turns":3.0},{"damage":42.0,"enemies":"3 Shapes","floor":39.0,"turns":6.0},{"damage":22.0,"enemies":"Nemesis","floor":40.0,"turns":7.0},{"damage":40,"enemies":"Giant Head","floor":42,"turns":5}],"seed_played":"4223605500862000051","potions_obtained":[{"floor":3.0,"key":"AttackPotion"},{"floor":5.0,"key":"LiquidBronze"},{"floor":11.0,"key":"AttackPotion"},{"floor":16.0,"key":"Explosive Potion"},{"floor":18.0,"key":"Dexterity Potion"},{"floor":27.0,"key":"Explosive Potion"},{"floor":33.0,"key":"DuplicationPotion"}],"is_trial":false,"path_per_floor":["M","$","M","?","M","R","M","R","T","$","M","T","?","M","R","B",null,"M","?","?","$","?","R","E","R","T","M","M","E","T","M","R","B",null,"M","?","?","$","M","E","R","E"],"character_chosen":"IRONCLAD","items_purchased":["Pummel","Infernal Blade","PreservedInsect","Rupture","Metallicize","Transmutation","Warcry","Strength Potion"],"campfire_rested":4,"item_purchase_floors":[2,10,21,21,38,38,38,38],"current_hp_per_floor":[63,63,63,63,62,62,59,59,59,59,56,56,33,12,34,27,63,52,46,46,46,46,68,46,46,46,35,26,23,23,17,39,37,66,50,50,50,50,29,13,35,0],"gold":1184,"neow_bonus":"UPGRADE_CARD","is_prod":false,"is_daily":false,"chose_seed":false,"campfire_upgraded":3,"win_rate":0,"timestamp":1568438374,"path_taken":["M","$","M","?","?","R","M","R","T","?","M","?","?","M","R","BOSS","M","?","?","$","?","R","E","R","T","M","?","E","?","M","R","BOSS","M","?","?","$","?","E","R","E"],"build_version":"2019-09-12","purchased_purges":1,"victory":false,"max_hp_per_floor":[75,75,75,75,75,75,75,75,75,75,75,75,75,75,75,75,75,75,75,75,75,75,75,75,75,75,75,75,75,75,75,75,75,75,75,75,75,75,75,75,75,75],"card_choices":[{"not_picked":["Warcry","Clothesline"],"picked":"Sword Boomerang","floor":1.0},{"not_picked":["Iron Wave","Thunderclap"],"picked":"Armaments","floor":3.0},{"not_picked":["Headbutt","Bloodletting"],"picked":"Carnage","floor":5.0},{"not_picked":["Corruption","Dropkick"],"picked":"Shockwave","floor":7.0},{"not_picked":["Anger","Twin Strike"],"picked":"Battle Trance","floor":11.0},{"not_picked":["Metallicize","Twin Strike"],"picked":"Fire Breathing","floor":14.0},{"not_picked":["Feed","Immolate"],"picked":"Reaper","floor":16.0},{"not_picked":["Pommel Strike","Perfected Strike+1"],"picked":"Wild Strike","floor":18.0},{"not_picked":["Thunderclap","Corruption"],"picked":"Juggernaut","floor":24.0},{"not_picked":["Rupture","Pommel Strike"],"picked":"Feel No Pain","floor":27.0},{"not_picked":["Wild Strike","Shockwave"],"picked":"Shrug It Off","floor":28.0},{"not_picked":["Thunderclap","Heavy Blade","Seeing Red"],"picked":"SKIP","floor":29.0},{"not_picked":["Body Slam","Searing Blow","Clash+1"],"picked":"SKIP","floor":31.0},{"not_picked":["Bludgeon","Berserk"],"picked":"Dark Embrace","floor":33.0},{"not_picked":["Reckless Charge","Cleave","Dual Wield"],"picked":"SKIP","floor":35.0},{"not_picked":["Iron Wave","Searing Blow"],"picked":"Havoc+1","floor":39.0},{"not_picked":["Seeing Red","Searing Blow+1","Warcry"],"picked":"SKIP","floor":40.0}],"player_experience":1306852,"relics_obtained":[{"floor":9.0,"key":"Toy Ornithopter"},{"floor":12.0,"key":"Smiling Mask"},{"floor":24.0,"key":"Boot"},{"floor":26.0,"key":"Lantern"},{"floor":29.0,"key":"Thread and Needle"},{"floor":30.0,"key":"Dead Branch"},{"floor":40.0,"key":"Bottled Flame"}],"event_choices":[{"damage_healed":0.0,"max_hp_gain":0.0,"max_hp_loss":0.0,"gold_gain":0.0,"event_name":"Upgrade Shrine","player_choice":"Upgraded","floor":4.0,"gold_loss":0.0,"damage_taken":0.0,"cards_upgraded":["Armaments"]},{"damage_healed":0.0,"max_hp_gain":0.0,"max_hp_loss":0.0,"gold_gain":0.0,"event_name":"Shining Light","player_choice":"Entered Light","floor":13.0,"gold_loss":0.0,"damage_taken":23.0,"cards_upgraded":["Defend_R","Carnage"]},{"damage_healed":0.0,"max_hp_gain":0.0,"max_hp_loss":0.0,"gold_gain":0.0,"event_name":"Nest","player_choice":"Joined the Cult","floor":19.0,"gold_loss":0.0,"damage_taken":6.0,"cards_obtained":["RitualDagger"]},{"damage_healed":0.0,"max_hp_gain":0.0,"max_hp_loss":0.0,"gold_gain":0.0,"event_name":"Vampires","player_choice":"Ignored","floor":20.0,"gold_loss":0.0,"damage_taken":0.0},{"damage_healed":0.0,"max_hp_gain":0.0,"max_hp_loss":0.0,"gold_gain":275.0,"event_name":"Golden Shrine","player_choice":"Desecrate","floor":22.0,"gold_loss":0.0,"damage_taken":0.0,"cards_obtained":["Regret"]},{"damage_healed":0.0,"max_hp_gain":0.0,"max_hp_loss":0.0,"gold_gain":999.0,"event_name":"MindBloom","player_choice":"Gold","floor":36.0,"gold_loss":0.0,"damage_taken":0.0,"cards_obtained":["Normality","Normality"]},{"damage_healed":0.0,"max_hp_gain":0.0,"max_hp_loss":0.0,"gold_gain":0.0,"event_name":"Mysterious Sphere","player_choice":"Ignored","floor":37.0,"gold_loss":0.0,"damage_taken":0.0}],"is_beta":true,"boss_relics":[{"not_picked":["Ectoplasm","SlaversCollar"],"picked":"Mark of Pain"},{"not_picked":["Snecko Eye","Runic Pyramid"],"picked":"Astrolabe"}],"items_purged_floors":[38],"is_endless":false,"potions_floor_spawned":[3,5,11,16,18,27,33],"killed_by":"Giant Head","ascension_level":18}