{"gold_per_floor":[119,119,169,169,224,265,283,317,317,89,89,114,132,169,169,253,310,332,332,354,52,62,91,108,108,108,158,172,179,179,99,106,191,191,211,211,262,288,288,288,216,232,255,267,290,319,331,355,367,379],"floor_reached":50,"playtime":1397,"items_purged":[],"score":1060,"play_id":"be72ff2f-b34e-4caa-9b6c-ffcb086adf34","local_time":"20190914175821","is_ascension_mode":true,"campfire_choices":[{"data":"Bash","floor":11.0,"key":"SMITH"},{"data":"Perfected Strike","floor":15.0,"key":"SMITH"},{"data":"Perfected Strike","floor":25.0,"key":"SMITH"},{"floor":29.0,"key":"REST"},{"floor":32.0,"key":"REST"},{"data":"Shrug It Off","floor":40.0,"key":"SMITH"},{"floor":49.0,"key":"REST"}],"neow_cost":"NONE","seed_source_timestamp":0,"circlet_count":0,"master_deck":["AscendersBane","Strike_R","Strike_R","Strike_R","Strike_R","Strike_R","Defend_R","Defend_R","Defend_R","Defend_R","Bash+1","Dropkick","Sword Boomerang","Pommel Strike+1","Shockwave","Flex","Shrug It Off+1","Immolate","Offering","Perfected Strike+1","Twin Strike","Inflame+1","Battle Trance","Inflame+1","Shrug It Off","Perfected Strike+1","Fire Breathing+1","Flame Barrier+1","Heavy Blade","Metallicize+1","Pommel Strike+1","Offering","Feel No Pain+1","Flame Barrier"],"special_seed":0,"relics":["Burning Blood","NeowsBlessing","Red Skull","Boot","CeramicFish","StrikeDummy","Akabeko","Frozen Egg 2","Magic Flower","Tiny House","Juzu Bracelet","Bag of Marbles","Dream Catcher","Enchiridion","Busted Crown","Calipers","MawBank"],"potions_floor_usage":[50,50],"damage_taken":[{"damage":0.0,"enemies":"Jaw Worm","floor":1.0,"turns":1.0},{"damage":0.0,"enemies":"Gremlin Nob","floor":6.0,"turns":1.0},{"damage":0.0,"enemies":"Small Slimes","floor":7.0,"turns":1.0},{"damage":20.0,"enemies":"Lagavulin","floor":8.0,"turns":5.0},{"damage":0.0,"enemies":"2 Louse","floor":12.0,"turns":1.0},{"damage":12.0,"enemies":"Looter","floor":13.0,"turns":2.0},{"damage":6.0,"enemies":"Gremlin Nob","floor":14.0,"turns":3.0},{"damage":32.0,"enemies":"Hexaghost","floor":16.0,"turns":5.0},{"damage":3.0,"enemies":"Shell Parasite","floor":18.0,"turns":2.0},{"damage":9.0,"enemies":"2 Thieves","floor":20.0,"turns":2.0},{"damage":1.0,"enemies":"Centurion and Healer","floor":22.0,"turns":4.0},{"damage":36.0,"enemies":"Slavers","floor":23.0,"turns":5.0},{"damage":24.0,"enemies":"Shelled Parasite and Fungi","floor":24.0,"turns":3.0},{"damage":11.0,"enemies":"Sentry and Sphere","floor":28.0,"turns":3.0},{"damage":24.0,"enemies":"Collector","floor":33.0,"turns":6.0},{"damage":6.0,"enemies":"3 Darklings","floor":35.0,"turns":2.0},{"damage":29.0,"enemies":"2 Orb Walkers","floor":37.0,"turns":3.0},{"damage":14.0,"enemies":"3 Shapes","floor":38.0,"turns":3.0},{"damage":29.0,"enemies":"Jaw Worm Horde","floor":42.0,"turns":4.0},{"damage":37.0,"enemies":"Writhing Mass","floor":45.0,"turns":5.0},{"damage":6.0,"enemies":"Spire Growth","floor":46.0,"turns":2.0},{"damage":39.0,"enemies":"Maw","floor":48.0,"turns":4.0},{"damage":54,"enemies":"Awakened One","floor":50,"turns":3}],"seed_played":"8773365421972326550","potions_obtained":[{"floor":7.0,"key":"Fire Potion"},{"floor":12.0,"key":"LiquidBronze"},{"floor":14.0,"key":"GamblersBrew"},{"floor":16.0,"key":"Block Potion"},{"floor":17.0,"key":"PowerPotion"},{"floor":18.0,"key":"AttackPotion"},{"floor":23.0,"key":"BloodPotion"},{"floor":33.0,"key":"Energy Potion"},{"floor":37.0,"key":"LiquidBronze"},{"floor":48.0,"key":"DuplicationPotion"}],"is_trial":false,"path_per_floor":["M","?","T","?","T","E","M","E","T","$","R","M","M","E","R","B",null,"M","?","M","$","M","E","M","R","T","?","M","R","?","$","R","B",null,"M","?","?","M","?","R","$","M","T","?","M","M","?","M","R","B"],"character_chosen":"IRONCLAD","items_purchased":["Flex","Shrug It Off","Immolate","Juzu Bracelet","Shrug It Off","Perfected Strike","Fire Breathing+1","Metallicize+1","Flame Barrier"],"campfire_rested":3,"item_purchase_floors":[10,10,10,21,21,21,21,31,41],"current_hp_per_floor":[74,56,56,56,56,62,68,54,54,54,54,60,54,54,54,31,69,75,90,90,90,90,63,48,48,48,48,46,73,52,52,79,64,84,87,82,62,57,57,57,57,69,69,69,41,44,44,14,39,0],"gold":379,"neow_bonus":"THREE_ENEMY_KILL","is_prod":false,"is_daily":false,"chose_seed":false,"campfire_upgraded":4,"win_rate":0,"timestamp":1568501901,"path_taken":["M","?","?","?","?","E","M","E","T","?","R","M","?","E","R","BOSS","M","?","?","$","M","E","M","R","T","?","M","R","?","$","R","BOSS","M","?","?","M","?","R","$","M","T","?","M","M","?","M","R","BOSS"],"build_version":"2019-09-12","purchased_purges":0,"victory":false,"max_hp_per_floor":[75,75,75,75,75,75,75,75,75,75,75,75,75,75,75,75,80,80,90,90,90,90,90,90,90,90,90,90,90,90,90,90,90,90,90,90,90,90,85,85,85,85,85,85,85,85,85,85,85,85],"card_choices":[{"not_picked":["Perfected Strike","Heavy Blade"],"picked":"Dropkick","floor":1.0},{"not_picked":["Reckless Charge","Armaments"],"picked":"Sword Boomerang","floor":6.0},{"not_picked":["Pummel","Body Slam"],"picked":"Pommel Strike","floor":7.0},{"not_picked":["Corruption","Dual Wield"],"picked":"Shockwave","floor":8.0},{"not_picked":["Clothesline","True Grit"],"picked":"Offering","floor":12.0},{"not_picked":["Shockwave","Anger"],"picked":"Perfected Strike","floor":13.0},{"not_picked":["Blood for Blood","Armaments"],"picked":"Twin Strike","floor":14.0},{"not_picked":["Berserk+1","Immolate"],"picked":"Double Tap","floor":16.0},{"not_picked":["Wild Strike","Body Slam"],"picked":"Inflame+1","floor":17.0},{"not_picked":["Pommel Strike","Iron Wave+1"],"picked":"Battle Trance","floor":18.0},{"not_picked":["Berserk+1","Clothesline"],"picked":"Inflame+1","floor":20.0},{"not_picked":["Entrench+1","Anger","Warcry"],"picked":"SKIP","floor":22.0},{"not_picked":["Inflame+1","Clothesline+1","Iron Wave"],"picked":"SKIP","floor":23.0},{"not_picked":["Rampage","Sword Boomerang"],"picked":"Flame Barrier","floor":24.0},{"not_picked":["Rage","Bloodletting","Whirlwind"],"picked":"SKIP","floor":28.0},{"not_picked":["Immolate","Warcry+1"],"picked":"Heavy Blade","floor":29.0},{"not_picked":["Cleave","Body Slam+1"],"picked":"Pommel Strike+1","floor":32.0},{"not_picked":["Bludgeon","Limit Break"],"picked":"Offering","floor":33.0},{"not_picked":["Thunderclap"],"picked":"SKIP","floor":35.0},{"not_picked":[],"picked":"Feel No Pain+1","floor":38.0},{"not_picked":["Armaments"],"picked":"SKIP","floor":42.0},{"not_picked":["Clothesline"],"picked":"SKIP","floor":45.0},{"not_picked":["Feel No Pain+1"],"picked":"SKIP","floor":46.0},{"not_picked":["Headbutt"],"picked":"SKIP","floor":48.0}],"player_experience":1322158,"relics_obtained":[{"floor":3.0,"key":"Boot"},{"floor":5.0,"key":"CeramicFish"},{"floor":6.0,"key":"StrikeDummy"},{"floor":8.0,"key":"Akabeko"},{"floor":9.0,"key":"Frozen Egg 2"},{"floor":14.0,"key":"Magic Flower"},{"floor":23.0,"key":"Bag of Marbles"},{"floor":26.0,"key":"Dream Catcher"},{"floor":30.0,"key":"Enchiridion"},{"floor":37.0,"key":"Calipers"},{"floor":43.0,"key":"MawBank"}],"event_choices":[{"damage_healed":0.0,"max_hp_gain":0.0,"max_hp_loss":0.0,"gold_gain":0.0,"event_name":"Scrap Ooze","player_choice":"Success","floor":2.0,"gold_loss":0.0,"damage_taken":18.0,"relics_obtained":["Red Skull"]},{"damage_healed":0.0,"max_hp_gain":0.0,"max_hp_loss":0.0,"gold_gain":0.0,"event_name":"The Cleric","player_choice":"Leave","floor":4.0,"gold_loss":0.0,"damage_taken":0.0},{"cards_removed":["Double Tap"],"damage_healed":5.0,"max_hp_gain":10.0,"max_hp_loss":0.0,"gold_gain":0.0,"event_name":"Bonfire Elementals","player_choice":"Offered Rare","floor":19.0,"gold_loss":0.0,"damage_taken":0.0},{"damage_healed":0.0,"max_hp_gain":0.0,"max_hp_loss":0.0,"gold_gain":100.0,"event_name":"The Joust","player_choice":"Bet on Murderer","floor":27.0,"gold_loss":50.0,"damage_taken":0.0},{"damage_healed":0.0,"max_hp_gain":0.0,"max_hp_loss":0.0,"gold_gain":0.0,"event_name":"Cursed Tome","player_choice":"Obtained Book","floor":30.0,"gold_loss":0.0,"damage_taken":21.0},{"damage_healed":0.0,"max_hp_gain":0.0,"max_hp_loss":0.0,"gold_gain":0.0,"event_name":"The Woman in Blue","player_choice":"Bought 0 Potions","floor":36.0,"gold_loss":0.0,"damage_taken":0.0},{"damage_healed":0.0,"max_hp_gain":0.0,"max_hp_loss":0.0,"gold_gain":0.0,"event_name":"Mysterious Sphere","player_choice":"Fight","floor":37.0,"gold_loss":0.0,"damage_taken":0.0},{"damage_healed":0.0,"max_hp_gain":0.0,"max_hp_loss":5.0,"gold_gain":0.0,"event_name":"Winding Halls","player_choice":"Max HP","floor":39.0,"gold_loss":0.0,"damage_taken":0.0},{"damage_healed":0.0,"max_hp_gain":0.0,"max_hp_loss":0.0,"gold_gain":0.0,"event_name":"Tomb of Lord Red Mask","player_choice":"Ignored","floor":44.0,"gold_loss":0.0,"damage_taken":0.0},{"damage_healed":0.0,"max_hp_gain":0.0,"max_hp_loss":0.0,"gold_gain":0.0,"event_name":"Upgrade Shrine","player_choice":"Upgraded","floor":47.0,"gold_loss":0.0,"damage_taken":0.0,"cards_upgraded":["Flame Barrier"]}],"is_beta":true,"boss_relics":[{"not_picked":["Cursed Key","Coffee Dripper"],"picked":"Tiny House"},{"not_picked":["Black Star","Runic Dome"],"picked":"Busted Crown"}],"items_purged_floors":[],"is_endless":false,"potions_floor_spawned":[7,12,14,16,18,23,28,33,35,37,48],"killed_by":"Awakened One","ascension_level":20}