{"gold_per_floor":[112,124,136,100,100,100,117,117,117,147,147,147,166,194,194,289,289,300,190,190,190,206,206,231,241,241,252,271,271,271,282,282,387,387,405,95,95,112,112,112,122,145,145,95,95,105,105,34,34,34],"floor_reached":51,"playtime":1906,"items_purged":["Body Slam+1","Strike_R"],"score":675,"play_id":"e28ad85e-0dd3-48c5-badf-c4647c22d077","local_time":"20190912011935","is_ascension_mode":false,"campfire_choices":[{"data":"Body Slam","floor":6,"key":"SMITH"},{"data":"Flame Barrier","floor":8,"key":"SMITH"},{"data":"Disarm","floor":12,"key":"SMITH"},{"data":"Body Slam","floor":15,"key":"SMITH"},{"data":"Flame Barrier","floor":23,"key":"SMITH"},{"data":"Bash","floor":29,"key":"SMITH"},{"data":"Searing Blow","floor":32,"key":"SMITH"},{"data":"Juggernaut","floor":40,"key":"SMITH"},{"data":"Searing Blow+1","floor":45,"key":"SMITH"},{"data":"Searing Blow+2","floor":47,"key":"SMITH"},{"data":"Bludgeon","floor":49,"key":"SMITH"}],"neow_cost":"NONE","seed_source_timestamp":40615535056400,"circlet_count":0,"master_deck":["Strike_R","Strike_R","Defend_R","Defend_R","Defend_R","Defend_R","Bash+1","Cleave","Twin Strike","Flame Barrier+1","Disarm+1","Flame Barrier+1","Body Slam+1","Offering","Corruption","Necronomicurse","Searing Blow+3","Juggernaut+1","Flame Barrier+1","Clothesline","Dual Wield","Carnage+1","Bludgeon+1"],"relics":["Burning Blood","NeowsBlessing","Eternal Feather","Orichalcum","Boot","Question Card","Snecko Eye","Red Skull","Mercury Hourglass","Necronomicon","Coffee Dripper","Bottled Tornado","Bag of Preparation","Smiling Mask"],"potions_floor_usage":[10,18,22,27,33,33,50,50],"damage_taken":[{"damage":0,"enemies":"Cultist","floor":1,"turns":1},{"damage":0,"enemies":"Small Slimes","floor":2,"turns":1},{"damage":0,"enemies":"Jaw Worm","floor":3,"turns":1},{"damage":6,"enemies":"Exordium Wildlife","floor":7,"turns":3},{"damage":30,"enemies":"Lagavulin","floor":10,"turns":6},{"damage":4,"enemies":"2 Fungi Beasts","floor":13,"turns":3},{"damage":10,"enemies":"3 Sentries","floor":14,"turns":8},{"damage":9,"enemies":"The Guardian","floor":16,"turns":13},{"damage":0,"enemies":"3 Byrds","floor":18,"turns":5},{"damage":29,"enemies":"Spheric Guardian","floor":22,"turns":5},{"damage":22,"enemies":"Book of Stabbing","floor":24,"turns":6},{"damage":6,"enemies":"Cultist and Chosen","floor":25,"turns":5},{"damage":3,"enemies":"Snecko","floor":27,"turns":5},{"damage":5,"enemies":"Snake Plant","floor":28,"turns":3},{"damage":6,"enemies":"3 Cultists","floor":31,"turns":4},{"damage":51,"enemies":"Automaton","floor":33,"turns":8},{"damage":0,"enemies":"3 Shapes","floor":35,"turns":3},{"damage":4,"enemies":"3 Darklings","floor":38,"turns":6},{"damage":6,"enemies":"Transient","floor":41,"turns":5},{"damage":20,"enemies":"Jaw Worm Horde","floor":46,"turns":4},{"damage":42,"enemies":"Awakened One","floor":50,"turns":9}],"seed_played":"-6195500168763433942","potions_obtained":[{"floor":1,"key":"SteroidPotion"},{"floor":3,"key":"GamblersBrew"},{"floor":16,"key":"Explosive Potion"},{"floor":18,"key":"SpeedPotion"},{"floor":24,"key":"Explosive Potion"},{"floor":25,"key":"Explosive Potion"},{"floor":28,"key":"FairyPotion"},{"floor":38,"key":"FairyPotion"},{"floor":41,"key":"EssenceOfSteel"},{"floor":46,"key":"PowerPotion"}],"is_trial":false,"path_per_floor":["M","M","M","$","$","R","M","R","T","E","?","R","M","E","R","B",null,"M","$","?","?","M","R","E","M","T","M","M","R","?","M","R","B",null,"M","$","?","M","?","R","M","T","T","$","R","M","R","$","R","B",null],"character_chosen":"IRONCLAD","items_purchased":["Flame Barrier","Corruption","Clothesline","Bottled Tornado","Bludgeon"],"campfire_rested":0,"item_purchase_floors":[4,19,36,36,48],"current_hp_per_floor":[80,80,80,80,80,80,80,80,80,56,49,58,60,56,65,62,80,80,80,80,80,57,66,50,50,50,53,54,63,47,47,56,11,80,80,80,80,80,80,80,80,80,80,80,80,66,78,78,80,44],"gold":34,"neow_bonus":"THREE_ENEMY_KILL","is_prod":false,"is_daily":false,"chose_seed":false,"campfire_upgraded":11,"win_rate":0,"timestamp":1568265575,"path_taken":["M","?","M","?","$","R","M","R","T","E","?","R","M","E","R","BOSS","M","$","?","?","?","R","E","M","T","M","M","R","?","M","R","BOSS","M","$","?","M","?","R","M","?","T","?","R","M","R","$","R","BOSS"],"build_version":"2019-09-10","purchased_purges":2,"victory":true,"max_hp_per_floor":[80,80,80,80,80,80,80,80,80,80,80,80,80,80,80,80,80,80,80,80,80,80,80,80,80,80,80,80,80,80,80,80,80,80,80,80,80,80,80,80,80,80,80,80,80,80,80,80,80,80],"card_choices":[{"not_picked":["Disarm","Infernal Blade"],"picked":"Cleave","floor":1},{"not_picked":["Corruption","Cleave"],"picked":"Twin Strike","floor":2},{"not_picked":["Rage","Hemokinesis"],"picked":"Body Slam","floor":3},{"not_picked":["Reckless Charge","Rage","Pommel Strike"],"picked":"SKIP","floor":7},{"not_picked":["Thunderclap","Dropkick"],"picked":"Disarm","floor":10},{"not_picked":["Wild Strike","Pommel Strike"],"picked":"Flame Barrier","floor":13},{"not_picked":["Burning Pact","Clothesline"],"picked":"Body Slam","floor":14},{"not_picked":["Reaper","Double Tap","Exhume"],"picked":"Offering","floor":16},{"not_picked":["True Grit+1","Intimidate","Anger","Havoc"],"picked":"SKIP","floor":18},{"not_picked":["Shrug It Off","Battle Trance","Sword Boomerang","Combust"],"picked":"SKIP","floor":22},{"not_picked":["Warcry","Pummel","Intimidate+1","Burning Pact"],"picked":"SKIP","floor":24},{"not_picked":["Reckless Charge","Cleave+1","Anger","Twin Strike"],"picked":"SKIP","floor":25},{"not_picked":["Limit Break","Rupture","Sword Boomerang+1","Havoc"],"picked":"SKIP","floor":27},{"not_picked":["Combust","Twin Strike+1","Warcry","Thunderclap"],"picked":"SKIP","floor":28},{"not_picked":["Clash","Heavy Blade","Shrug It Off"],"picked":"Searing Blow","floor":31},{"not_picked":["Immolate","Impervious","Feed"],"picked":"Juggernaut","floor":33},{"not_picked":["Second Wind+1","Inflame","Headbutt+1"],"picked":"Flame Barrier+1","floor":35},{"not_picked":["Dual Wield","Twin Strike+1","True Grit","Pommel Strike+1"],"picked":"SKIP","floor":38},{"not_picked":["Twin Strike+1","True Grit","Pommel Strike+1"],"picked":"Dual Wield","floor":38},{"not_picked":["Inflame+1","Warcry","Clash"],"picked":"Carnage+1","floor":41},{"not_picked":["Body Slam+1","Cleave+1","Shrug It Off+1","Pommel Strike"],"picked":"SKIP","floor":46}],"player_experience":1008224,"relics_obtained":[{"floor":9,"key":"Eternal Feather"},{"floor":10,"key":"Orichalcum"},{"floor":14,"key":"Question Card"},{"floor":24,"key":"Red Skull"},{"floor":26,"key":"Mercury Hourglass"},{"floor":30,"key":"Necronomicon"},{"floor":42,"key":"Bag of Preparation"},{"floor":43,"key":"Smiling Mask"}],"event_choices":[{"damage_healed":0,"gold_gain":0,"player_choice":"Success","damage_taken":7,"relics_obtained":["Boot"],"max_hp_gain":0,"max_hp_loss":0,"event_name":"Scrap Ooze","floor":11,"gold_loss":0},{"cards_removed":["Strike_R"],"damage_healed":0,"gold_gain":0,"player_choice":"Elegance","damage_taken":0,"max_hp_gain":0,"max_hp_loss":0,"event_name":"Back to Basics","floor":20,"gold_loss":0},{"damage_healed":0,"gold_gain":0,"player_choice":"Ignored","damage_taken":0,"max_hp_gain":0,"max_hp_loss":0,"event_name":"Ghosts","floor":21,"gold_loss":0},{"damage_healed":0,"gold_gain":0,"player_choice":"Obtained Book","damage_taken":16,"max_hp_gain":0,"max_hp_loss":0,"event_name":"Cursed Tome","floor":30,"gold_loss":0},{"cards_removed":["Strike_R"],"damage_healed":0,"gold_gain":0,"player_choice":"Removed Attack","damage_taken":0,"max_hp_gain":0,"max_hp_loss":0,"event_name":"Falling","floor":37,"gold_loss":0},{"damage_healed":0,"gold_gain":0,"player_choice":"Memory 1","damage_taken":0,"max_hp_gain":0,"max_hp_loss":0,"event_name":"SensoryStone","floor":39,"gold_loss":0}],"is_beta":true,"boss_relics":[{"not_picked":["Runic Dome","Runic Pyramid"],"picked":"Snecko Eye"},{"not_picked":["Runic Cube","Pandora\u0027s Box"],"picked":"Coffee Dripper"}],"items_purged_floors":[19,44],"is_endless":false,"potions_floor_spawned":[1,3,16,18,24,25,28,31,38,41,46],"ascension_level":0}