{"gold_per_floor":[215,235,0,0,0,0,0,35,35,35,54,54,4,4,4,124,124,137,137,46,62,75,75,118,132,157,157,172,193,193,234,234,355,355,371,3,22,22,22,65,65,287,340,340,356,372,392,427,427,427],"floor_reached":51,"playtime":2808,"items_purged":["Strike_B+1"],"score":723,"play_id":"4ef35914-c7eb-4695-9879-0f4c0038dd6e","local_time":"20190917011158","is_ascension_mode":false,"campfire_choices":[{"data":"Chaos","floor":6,"key":"SMITH"},{"data":"Defragment","floor":10,"key":"SMITH"},{"floor":12,"key":"REST"},{"floor":15,"key":"RECALL"},{"floor":23,"key":"REST"},{"floor":27,"key":"REST"},{"data":"Echo Form","floor":32,"key":"SMITH"},{"data":"Darkness","floor":41,"key":"SMITH"},{"data":"Defragment","floor":49,"key":"SMITH"}],"neow_cost":"NONE","seed_source_timestamp":534501943239800,"circlet_count":0,"master_deck":["Strike_B+1","Defend_B+1","Defend_B+1","Defend_B+1","Defend_B+1","Dualcast","Chaos+1","Defragment+1","Defragment+1","Cold Snap","FTL","Steam","Echo Form+1","Sweeping Beam+1","Strike_R+1","Coolheaded","FTL","Coolheaded+1","Redo+1","Hologram","Leap+1","Electrodynamics","Gash","Conserve Battery","Rainbow","Amplify","Darkness+1","Self Repair","Redo+1","Force Field+1","Static Discharge"],"relics":["FrozenCore","Runic Capacitor","Golden Idol","Dodecahedron","Dream Catcher","Cables","Eternal Feather","Girya","Bronze Scales","Red Mask","Question Card","Ancient Tea Set","Bag of Preparation","Thread and Needle"],"potions_floor_usage":[18,28,31,44],"damage_taken":[{"damage":0,"enemies":"2 Louse","floor":1,"turns":3},{"damage":2,"enemies":"Jaw Worm","floor":2,"turns":4},{"damage":14,"enemies":"3 Sentries","floor":8,"turns":11},{"damage":10,"enemies":"Small Slimes","floor":11,"turns":3},{"damage":14,"enemies":"Hexaghost","floor":16,"turns":8},{"damage":22,"enemies":"2 Thieves","floor":18,"turns":4},{"damage":15,"enemies":"Chosen","floor":21,"turns":5},{"damage":8,"enemies":"Snake Plant","floor":22,"turns":7},{"damage":15,"enemies":"Book of Stabbing","floor":24,"turns":6},{"damage":8,"enemies":"Chosen and Byrds","floor":25,"turns":6},{"damage":3,"enemies":"Centurion and Healer","floor":28,"turns":5},{"damage":12,"enemies":"Snake Plant","floor":29,"turns":4},{"damage":11,"enemies":"Masked Bandits","floor":31,"turns":4},{"damage":21,"enemies":"Champ","floor":33,"turns":9},{"damage":0,"enemies":"3 Darklings","floor":35,"turns":4},{"damage":0,"enemies":"Orb Walker","floor":37,"turns":5},{"damage":7,"enemies":"Giant Head","floor":40,"turns":10},{"damage":0,"enemies":"3 Darklings","floor":45,"turns":5},{"damage":0,"enemies":"Transient","floor":46,"turns":5},{"damage":0,"enemies":"4 Shapes","floor":47,"turns":3},{"damage":9,"enemies":"Reptomancer","floor":48,"turns":12},{"damage":25,"enemies":"Donu and Deca","floor":50,"turns":10}],"seed_played":"584185193481645038","potions_obtained":[{"floor":1,"key":"LiquidBronze"},{"floor":11,"key":"Ancient Potion"},{"floor":24,"key":"FairyPotion"},{"floor":25,"key":"SneckoOil"},{"floor":28,"key":"Fire Potion"},{"floor":29,"key":"FairyPotion"},{"floor":33,"key":"GamblersBrew"},{"floor":44,"key":"Fruit Juice"},{"floor":44,"key":"Swift Potion"}],"is_trial":false,"path_per_floor":["M","M","$","?","T","R","?","E","T","R","M","R","?","$","R","B",null,"M","?","$","M","M","R","E","M","T","R","M","M","?","?","R","B",null,"M","$","M","?","$","E","R","?","T","?","M","M","M","E","R","B",null],"character_chosen":"DEFECT","items_purchased":["Runic Capacitor","Defragment","Coolheaded","FTL","Question Card","Self Repair"],"campfire_rested":3,"item_purchase_floors":[3,3,20,20,36,36],"current_hp_per_floor":[75,73,73,73,73,73,73,59,59,59,49,71,71,71,71,57,75,53,53,53,38,30,64,49,41,41,75,72,60,60,49,64,43,75,75,75,75,75,75,68,75,75,75,80,80,80,80,80,80,62],"gold":427,"neow_bonus":"HUNDRED_GOLD","is_prod":false,"is_daily":false,"chose_seed":false,"campfire_upgraded":5,"win_rate":0,"timestamp":1568675518,"path_taken":["M","M","$","?","?","R","?","E","T","R","M","R","?","$","R","BOSS","M","?","?","M","?","R","E","M","T","R","M","M","?","?","R","BOSS","M","$","M","?","$","E","R","?","T","?","M","M","?","E","R","BOSS"],"build_version":"2019-07-17","purchased_purges":1,"victory":true,"max_hp_per_floor":[75,75,75,75,75,75,75,75,75,75,75,75,75,75,75,75,75,75,75,75,75,75,75,75,75,75,75,75,75,75,75,75,75,75,75,75,75,75,75,75,75,75,75,80,80,80,80,80,80,80],"card_choices":[{"not_picked":["Force Field","Go for the Eyes"],"picked":"Chaos","floor":1},{"not_picked":["Rebound","Chaos"],"picked":"Defragment","floor":2},{"not_picked":["Turbo","Reboot"],"picked":"Cold Snap","floor":8},{"not_picked":["Barrage","Streamline"],"picked":"FTL","floor":11},{"not_picked":["Heatsinks","Beam Cell"],"picked":"Steam","floor":12},{"not_picked":["Creative AI","Hyperbeam"],"picked":"Echo Form","floor":16},{"not_picked":["Compile Driver+1","Cold Snap"],"picked":"Sweeping Beam+1","floor":18},{"not_picked":["Hello World","Steam"],"picked":"Coolheaded+1","floor":21},{"not_picked":["Steam","Recycle"],"picked":"Redo+1","floor":22},{"not_picked":["Cold Snap","Barrage"],"picked":"Hologram","floor":23},{"not_picked":["Redo","Hologram"],"picked":"Leap+1","floor":24},{"not_picked":["Steam","Turbo+1"],"picked":"Electrodynamics","floor":25},{"not_picked":["Leap","Aggregate"],"picked":"Gash","floor":28},{"not_picked":["Barrage","Coolheaded+1"],"picked":"Conserve Battery","floor":29},{"not_picked":["Hologram","Turbo"],"picked":"Rainbow","floor":31},{"not_picked":["All For One","Fission"],"picked":"Amplify","floor":33},{"not_picked":["Turbo+1","Coolheaded+1"],"picked":"Darkness","floor":35},{"not_picked":["Capacitor+1","Skim","Melter"],"picked":"Redo+1","floor":37},{"not_picked":["Lockon","Stack","Rebound"],"picked":"Force Field+1","floor":40},{"not_picked":["Stack+1","Hologram","Gash","Cold Snap+1"],"picked":"SKIP","floor":45},{"not_picked":["Go for the Eyes","Stack+1","Sunder+1","Beam Cell+1"],"picked":"SKIP","floor":46},{"not_picked":["Go for the Eyes","Amplify","Sweeping Beam","Barrage+1"],"picked":"SKIP","floor":47},{"not_picked":["Force Field","Defragment","Ball Lightning+1"],"picked":"Static Discharge","floor":48}],"player_experience":106011,"relics_obtained":[{"floor":5,"key":"Dodecahedron"},{"floor":8,"key":"Dream Catcher"},{"floor":9,"key":"Cables"},{"floor":24,"key":"Girya"},{"floor":26,"key":"Bronze Scales"},{"floor":31,"key":"Red Mask"},{"floor":40,"key":"Ancient Tea Set"},{"floor":43,"key":"Bag of Preparation"},{"floor":48,"key":"Thread and Needle"}],"event_choices":[{"damage_healed":0,"gold_gain":0,"player_choice":"Take Wound","damage_taken":0,"relics_obtained":["Golden Idol"],"max_hp_gain":0,"max_hp_loss":0,"event_name":"Golden Idol","floor":4,"gold_loss":0,"cards_obtained":["Injury"]},{"cards_removed":["Injury"],"damage_healed":0,"gold_gain":0,"player_choice":"Forget","damage_taken":0,"max_hp_gain":0,"max_hp_loss":0,"event_name":"Living Wall","floor":7,"gold_loss":0},{"cards_removed":["Strike_B"],"damage_healed":0,"gold_gain":0,"player_choice":"Card Removal","damage_taken":0,"max_hp_gain":0,"max_hp_loss":0,"event_name":"The Cleric","floor":13,"gold_loss":50},{"cards_removed":["Strike_B"],"damage_healed":0,"gold_gain":0,"player_choice":"Took Card","damage_taken":0,"max_hp_gain":0,"max_hp_loss":0,"event_name":"NoteForYourself","floor":19,"gold_loss":0,"cards_obtained":["Strike_R"]},{"damage_healed":0,"gold_gain":0,"player_choice":"Simplicity","damage_taken":0,"max_hp_gain":0,"max_hp_loss":0,"event_name":"Back to Basics","floor":30,"gold_loss":0,"cards_upgraded":["Strike_B","Strike_B","Defend_B","Defend_B","Defend_B","Defend_B","Strike_R"]},{"damage_healed":0,"gold_gain":0,"player_choice":"Fought Bandits","damage_taken":0,"max_hp_gain":0,"max_hp_loss":0,"event_name":"Masked Bandits","floor":31,"gold_loss":0},{"cards_removed":["Zap"],"damage_healed":0,"gold_gain":0,"player_choice":"Removed Skill","damage_taken":0,"max_hp_gain":0,"max_hp_loss":0,"event_name":"Falling","floor":38,"gold_loss":0},{"damage_healed":0,"gold_gain":222,"player_choice":"Wore Mask","damage_taken":0,"max_hp_gain":0,"max_hp_loss":0,"event_name":"Tomb of Lord Red Mask","floor":42,"gold_loss":0},{"damage_healed":0,"gold_gain":0,"player_choice":"Got Potions","damage_taken":0,"max_hp_gain":0,"max_hp_loss":0,"event_name":"Lab","floor":44,"gold_loss":0}],"is_beta":false,"boss_relics":[{"not_picked":["Astrolabe","Runic Dome"],"picked":"Eternal Feather"},{"not_picked":["Cursed Key","Snecko Eye"],"picked":"FrozenCore"}],"items_purged_floors":[36],"is_endless":false,"potions_floor_spawned":[1,11,24,25,28,29,33,37,46,47,48],"ascension_level":0}