{"gold_per_floor":[110,35,50,50,50,84,84,96,96,46,46,58,91,10,10,112,112,128,128,128,143,68,95,105,131,131,131,177,197,230,155,155,155],"floor_reached":33,"playtime":1628,"items_purged":["Strike_R"],"score":484,"play_id":"0795df7f-5644-4a82-94a6-b4670ad197c6","local_time":"20190916013453","is_ascension_mode":true,"campfire_choices":[{"data":"Bash","floor":7,"key":"SMITH"},{"data":"Dual Wield","floor":11,"key":"SMITH"},{"data":"Offering","floor":15,"key":"SMITH"},{"data":"1","floor":27,"key":"LIFT"},{"floor":32,"key":"REST"}],"neow_cost":"NONE","seed_source_timestamp":2581216224780900,"circlet_count":0,"master_deck":["Strike_R","Strike_R","Defend_R","Defend_R","Defend_R","Defend_R","Bash+1","Dropkick","Dual Wield+1","Offering+1","Dropkick","Offering","Rage+1","Dual Wield"],"relics":["Black Blood","NeowsBlessing","Sundial","Mercury Hourglass","Pear","Omamori","Girya","Red Skull","Orichalcum","Shovel","Anchor","Boot"],"potions_floor_usage":[16,25,33,33],"damage_taken":[{"damage":0,"enemies":"2 Louse","floor":1,"turns":1},{"damage":0,"enemies":"Jaw Worm","floor":3,"turns":1},{"damage":0,"enemies":"Gremlin Nob","floor":6,"turns":1},{"damage":0,"enemies":"Cultist","floor":8,"turns":2},{"damage":0,"enemies":"Large Slime","floor":12,"turns":5},{"damage":24,"enemies":"Lagavulin","floor":13,"turns":3},{"damage":6,"enemies":"Slime Boss","floor":16,"turns":3},{"damage":22,"enemies":"3 Byrds","floor":18,"turns":3},{"damage":12,"enemies":"Chosen","floor":21,"turns":1},{"damage":12,"enemies":"Gremlin Leader","floor":23,"turns":1},{"damage":12,"enemies":"Shelled Parasite and Fungi","floor":24,"turns":4},{"damage":35,"enemies":"Slavers","floor":25,"turns":5},{"damage":12,"enemies":"Centurion and Healer","floor":29,"turns":4},{"damage":6,"enemies":"Book of Stabbing","floor":30,"turns":3},{"damage":86,"enemies":"Automaton","floor":33,"turns":8}],"seed_played":"2399258640197577500","potions_obtained":[{"floor":12,"key":"Ancient Potion"},{"floor":13,"key":"AttackPotion"},{"floor":21,"key":"Strength Potion"},{"floor":23,"key":"PowerPotion"},{"floor":25,"key":"Energy Potion"}],"is_trial":false,"path_per_floor":["M","$","M","?","?","E","R","M","T","?","R","M","E","?","R","B",null,"M","?","?","M","$","E","M","E","T","R","T","M","E","?","R","B"],"character_chosen":"IRONCLAD","items_purchased":["Dropkick"],"campfire_rested":1,"item_purchase_floors":[2],"current_hp_per_floor":[80,80,80,73,70,76,76,80,90,90,90,90,72,72,72,72,90,78,78,78,76,76,74,72,47,47,47,47,45,49,49,76,0],"gold":155,"neow_bonus":"THREE_ENEMY_KILL","is_prod":false,"is_daily":false,"chose_seed":false,"campfire_upgraded":3,"win_rate":0,"timestamp":1568612093,"path_taken":["M","$","M","?","?","E","R","M","T","?","R","?","E","?","R","BOSS","M","?","?","M","$","E","M","E","T","R","?","M","E","?","R","BOSS"],"build_version":"2019-07-17","purchased_purges":1,"victory":false,"max_hp_per_floor":[80,80,80,80,80,80,80,80,90,90,90,90,90,90,90,90,90,90,90,90,90,90,90,90,90,90,90,90,90,90,90,90,90],"card_choices":[{"not_picked":["Armaments","Perfected Strike","Clash"],"picked":"SKIP","floor":1},{"not_picked":["Perfected Strike","Clash","Anger"],"picked":"SKIP","floor":3},{"not_picked":["Power Through","Second Wind","Iron Wave"],"picked":"SKIP","floor":6},{"not_picked":["Warcry","Thunderclap"],"picked":"Dual Wield","floor":8},{"not_picked":["Feel No Pain","Clothesline"],"picked":"Offering","floor":12},{"not_picked":["Evolve","Sever Soul"],"picked":"Dropkick","floor":13},{"not_picked":["Double Tap","Feed"],"picked":"Offering","floor":16},{"not_picked":["Headbutt","Pommel Strike","Fire Breathing"],"picked":"SKIP","floor":18},{"not_picked":["Searing Blow+1","Anger"],"picked":"Warcry","floor":21},{"not_picked":["Pommel Strike","Cleave+1"],"picked":"Rage+1","floor":23},{"not_picked":["Clothesline+1","Reckless Charge","Heavy Blade"],"picked":"SKIP","floor":24},{"not_picked":["Uppercut+1","Carnage+1"],"picked":"Dual Wield","floor":25},{"not_picked":["Cleave","Fire Breathing","Bloodletting"],"picked":"SKIP","floor":29},{"not_picked":["Evolve","Battle Trance+1","Searing Blow"],"picked":"SKIP","floor":30}],"player_experience":512517,"relics_obtained":[{"floor":6,"key":"Mercury Hourglass"},{"floor":9,"key":"Pear"},{"floor":13,"key":"Omamori"},{"floor":23,"key":"Red Skull"},{"floor":25,"key":"Orichalcum"},{"floor":26,"key":"Shovel"},{"floor":28,"key":"Anchor"},{"floor":30,"key":"Boot"}],"event_choices":[{"cards_removed":["Strike_R"],"damage_healed":0,"gold_gain":0,"player_choice":"Card Removal","damage_taken":7,"max_hp_gain":0,"max_hp_loss":0,"event_name":"Golden Wing","floor":4,"gold_loss":0},{"damage_healed":0,"gold_gain":0,"player_choice":"Success","damage_taken":3,"relics_obtained":["Sundial"],"max_hp_gain":0,"max_hp_loss":0,"event_name":"Scrap Ooze","floor":5,"gold_loss":0},{"cards_removed":["Strike_R"],"damage_healed":0,"gold_gain":0,"player_choice":"Card Removal","damage_taken":0,"max_hp_gain":0,"max_hp_loss":0,"event_name":"The Cleric","floor":10,"gold_loss":50},{"damage_healed":0,"gold_gain":0,"player_choice":"Paid Gold","damage_taken":0,"relics_obtained":["Girya"],"max_hp_gain":0,"max_hp_loss":0,"event_name":"WeMeetAgain","floor":14,"gold_loss":81},{"damage_healed":0,"gold_gain":0,"player_choice":"Ignored","damage_taken":0,"max_hp_gain":0,"max_hp_loss":0,"event_name":"Vampires","floor":19,"gold_loss":0},{"damage_healed":0,"gold_gain":0,"player_choice":"Ignored","damage_taken":0,"max_hp_gain":0,"max_hp_loss":0,"event_name":"Ghosts","floor":20,"gold_loss":0},{"cards_removed":["Warcry"],"damage_healed":0,"gold_gain":0,"player_choice":"Gave Gold","damage_taken":0,"max_hp_gain":0,"max_hp_loss":0,"event_name":"Beggar","floor":31,"gold_loss":75}],"is_beta":false,"boss_relics":[{"not_picked":["Coffee Dripper","Pandora\u0027s Box"],"picked":"Black Blood"}],"items_purged_floors":[22],"is_endless":false,"potions_floor_spawned":[12,13,21,23,25],"killed_by":"Automaton","ascension_level":1}