{"gold_per_floor":[109,129,13,13,30,55,55,66,66,84,97,97,97,97,97,168,168,187,187,22,22,22,35,35,48,75,87,100,100],"floor_reached":29,"playtime":790,"items_purged":[],"score":454,"play_id":"19ea5835-0e81-4e5c-b636-da6dc4d783b0","local_time":"20190914182042","is_ascension_mode":true,"campfire_choices":[{"floor":7.0,"key":"REST"},{"data":"Combust","floor":12.0,"key":"SMITH"},{"floor":15.0,"key":"REST"},{"floor":24.0,"key":"REST"}],"neow_cost":"NONE","seed_source_timestamp":16261212642900,"circlet_count":0,"master_deck":["AscendersBane","Strike_R","Defend_R","Defend_R","Defend_R","Defend_R","Bash","Pommel Strike","Shrug It Off","Shockwave","Carnage","Combust+1","Rupture","Feel No Pain","Whirlwind+1","Juggernaut","Brutality+1","Spot Weakness+1","Clothesline+1","Sever Soul+1","Demon Form","Corruption","Flame Barrier","Sword Boomerang+1","RitualDagger+1","Second Wind","Dropkick+1"],"special_seed":0,"relics":["Burning Blood","NeowsBlessing","Bronze Scales","Molten Egg 2","Paper Frog","Astrolabe","Boot"],"potions_floor_usage":[29],"damage_taken":[{"damage":0.0,"enemies":"Cultist","floor":1.0,"turns":1.0},{"damage":0.0,"enemies":"Jaw Worm","floor":2.0,"turns":1.0},{"damage":0.0,"enemies":"Small Slimes","floor":5.0,"turns":1.0},{"damage":44.0,"enemies":"3 Sentries","floor":6.0,"turns":7.0},{"damage":21.0,"enemies":"Exordium Thugs","floor":8.0,"turns":5.0},{"damage":11.0,"enemies":"3 Louse","floor":10.0,"turns":4.0},{"damage":6.0,"enemies":"Looter","floor":11.0,"turns":2.0},{"damage":67.0,"enemies":"The Guardian","floor":16.0,"turns":11.0},{"damage":15.0,"enemies":"3 Byrds","floor":18.0,"turns":2.0},{"damage":19.0,"enemies":"2 Thieves","floor":23.0,"turns":2.0},{"damage":19.0,"enemies":"Chosen and Byrds","floor":25.0,"turns":6.0},{"damage":26.0,"enemies":"Centurion and Healer","floor":27.0,"turns":6.0},{"damage":22.0,"enemies":"Sentry and Sphere","floor":28.0,"turns":4.0},{"damage":13,"enemies":"Colosseum Slavers","floor":29,"turns":1}],"seed_played":"3017861730361131117","potions_obtained":[{"floor":5.0,"key":"SteroidPotion"},{"floor":6.0,"key":"Energy Potion"},{"floor":11.0,"key":"SteroidPotion"},{"floor":16.0,"key":"Fire Potion"},{"floor":27.0,"key":"Dexterity Potion"},{"floor":28.0,"key":"Strength Potion"}],"is_trial":false,"path_per_floor":["M","M","$","?","M","E","R","M","T","M","M","R","T","$","R","B",null,"M","?","$","?","?","M","R","M","T","M","M","?"],"character_chosen":"IRONCLAD","items_purchased":["Shockwave","Carnage","Corruption","Flame Barrier"],"campfire_rested":3,"item_purchase_floors":[3,3,20,20],"current_hp_per_floor":[74,75,75,80,80,42,66,51,51,46,46,46,46,46,70,9,62,53,53,53,53,47,34,58,45,45,25,9,0],"gold":100,"neow_bonus":"THREE_ENEMY_KILL","is_prod":false,"is_daily":false,"chose_seed":false,"campfire_upgraded":1,"win_rate":0,"timestamp":1568503242,"path_taken":["M","?","?","?","?","E","R","M","T","M","M","R","?","$","R","BOSS","M","?","?","?","?","M","R","M","T","?","M","?"],"build_version":"2019-09-12","purchased_purges":0,"victory":false,"max_hp_per_floor":[75,75,75,80,80,80,80,80,80,80,80,80,80,80,80,80,80,80,80,80,80,80,80,80,80,80,80,80,80],"card_choices":[{"not_picked":["Perfected Strike","Warcry"],"picked":"Pommel Strike","floor":1.0},{"not_picked":["Searing Blow","Disarm"],"picked":"Shrug It Off","floor":2.0},{"not_picked":["Rampage","Entrench"],"picked":"Combust","floor":5.0},{"not_picked":["Entrench","Clothesline"],"picked":"Rupture","floor":6.0},{"not_picked":["Headbutt","Ghostly Armor"],"picked":"Feel No Pain","floor":8.0},{"not_picked":["Flame Barrier","Second Wind"],"picked":"Whirlwind+1","floor":10.0},{"not_picked":["Armaments","Anger+1","Clothesline+1"],"picked":"SKIP","floor":11.0},{"not_picked":["Barricade","Double Tap"],"picked":"Juggernaut","floor":16.0},{"not_picked":["Carnage+1","Cleave+1"],"picked":"Sever Soul+1","floor":18.0},{"not_picked":["Warcry","True Grit","Cleave+1"],"picked":"SKIP","floor":23.0},{"not_picked":["Battle Trance","Havoc"],"picked":"Second Wind","floor":25.0},{"not_picked":["Body Slam+1","Armaments","Brutality"],"picked":"SKIP","floor":27.0},{"not_picked":["Iron Wave+1","Wild Strike+1"],"picked":"Dropkick+1","floor":28.0}],"player_experience":1323704,"relics_obtained":[{"floor":6.0,"key":"Bronze Scales"},{"floor":9.0,"key":"Molten Egg 2"},{"floor":13.0,"key":"Paper Frog"},{"floor":26.0,"key":"Boot"}],"event_choices":[{"damage_healed":0.0,"max_hp_gain":5.0,"max_hp_loss":0.0,"gold_gain":0.0,"event_name":"Big Fish","player_choice":"Donut","floor":4.0,"gold_loss":0.0,"damage_taken":0.0},{"damage_healed":0.0,"max_hp_gain":0.0,"max_hp_loss":0.0,"gold_gain":0.0,"cards_transformed":["Strike_R"],"event_name":"Transmorgrifier","player_choice":"Transformed","floor":19.0,"gold_loss":0.0,"damage_taken":0.0,"cards_obtained":["Demon Form"]},{"damage_healed":0.0,"max_hp_gain":0.0,"max_hp_loss":0.0,"gold_gain":0.0,"event_name":"The Library","player_choice":"Read","floor":21.0,"gold_loss":0.0,"damage_taken":0.0,"cards_obtained":["Sword Boomerang"]},{"damage_healed":0.0,"max_hp_gain":0.0,"max_hp_loss":0.0,"gold_gain":0.0,"event_name":"Nest","player_choice":"Joined the Cult","floor":22.0,"gold_loss":0.0,"damage_taken":6.0,"cards_obtained":["RitualDagger"]},{"damage_healed":0,"gold_gain":0,"player_choice":"Fight","damage_taken":0,"max_hp_gain":0,"max_hp_loss":0,"event_name":"Colosseum","floor":29,"gold_loss":0}],"is_beta":true,"boss_relics":[{"not_picked":["Empty Cage","Black Star"],"picked":"Astrolabe"}],"items_purged_floors":[],"is_endless":false,"potions_floor_spawned":[5,6,11,16,18,27,28],"killed_by":"Colosseum Slavers","ascension_level":20}