{"gold_per_floor":[114,129,144,159,174,174,189,204,204,234,249,279,279,294,294,394,394,409,168,183,198,213,243,258,588,588,603,213,228,228,228,228,328,328,373,388,84,99,114,114,144,144,144,159,159,174,204,219,219,219],"floor_reached":51,"playtime":3173,"items_purged":[],"score":921,"play_id":"a449d4ad-6798-4d9f-b86b-074f4bc33ee7","local_time":"20180707031355","daily_mods":["Brewmaster","Time Dilation","Vintage"],"is_ascension_mode":false,"campfire_choices":[{"data":"Venomology","floor":6,"key":"SMITH"},{"data":"Venomology","floor":13,"key":"SMITH"},{"data":"Venomology","floor":15,"key":"SMITH"},{"data":"Demon Form","floor":32,"key":"SMITH"},{"data":"Searing Blow+1","floor":42,"key":"SMITH"},{"data":"Searing Blow+2","floor":45,"key":"SMITH"},{"data":"Searing Blow+3","floor":49,"key":"SMITH"}],"neow_cost":"","seed_source_timestamp":0,"circlet_count":0,"master_deck":["Strike_R","Strike_R+1","Strike_R+1","Strike_R","Strike_R","Defend_R+1","Defend_R","Defend_R","Defend_R","Bash","Venomology","Venomology+1","Venomology+1","Venomology+1","Venomology+1","Perfected Strike","Disarm+1","Demon Form+1","Good Instincts+1","Master of Strategy+1","Carnage","Wild Strike+1","Twin Strike+1","Cleave+1","Shrug It Off+1","Reckless Charge+1","Flex+1","Barricade","Apotheosis+1","Deep Breath+1","Swift Strike+1","Dramatic Entrance+1","Jack Of All Trades+1","Finesse+1","Searing Blow+4","Battle Trance+1"],"special_seed":17719,"relics":["Burning Blood","White Beast Statue","Ornamental Fan","Anchor","Du-Vu Doll","Lantern","Art of War","Letter Opener","Vajra","Magic Flower","Toxic Egg 2","Blue Candle","Strawberry","The Courier","Singing Bowl","Mark of Pain","Kunai","Juzu Bracelet","Blood Vial","Shuriken","Pen Nib","Oddly Smooth Stone","Old Coin","Molten Egg 2","Mercury Hourglass","Ice Cream","Omamori","Happy Flower","Meat on the Bone","Cursed Key","Tiny Chest","War Paint","Bag of Marbles","Sundial","Whetstone","Gambling Chip","Boot","Centennial Puzzle","Bag of Preparation","Prayer Wheel"],"potions_floor_usage":[1,1,1,1,2,2,2,3,3,3,4,4,4,4,4,4,5,5,5,5,7,7,7,7,8,8,8,8,8,10,10,10,10,10,11,11,11,11,12,12,12,12,14,14,16,16,16,16,16,16,18,18,18,18,18,20,20,20,21,21,21,21,21,22,22,22,22,22,23,23,23,23,23,24,24,24,24,24,24,25,25,25,25,25,25,27,33,33,33,33,33,33,35,38,38,38,39,39,39,39,39,41,41,41,41,41,41,44,44,46,46,47,47,48,50,50,50,50,50,50],"damage_taken":[{"damage":15,"enemies":"Jaw Worm","floor":1,"turns":4},{"damage":0,"enemies":"Small Slimes","floor":2,"turns":3},{"damage":6,"enemies":"2 Louse","floor":3,"turns":3},{"damage":11,"enemies":"Blue Slaver","floor":4,"turns":6},{"damage":0,"enemies":"2 Fungi Beasts","floor":5,"turns":2},{"damage":0,"enemies":"Looter","floor":7,"turns":1},{"damage":8,"enemies":"Large Slime","floor":8,"turns":6},{"damage":0,"enemies":"3 Sentries","floor":10,"turns":5},{"damage":0,"enemies":"Blue Slaver","floor":11,"turns":2},{"damage":34,"enemies":"Gremlin Nob","floor":12,"turns":5},{"damage":0,"enemies":"Exordium Wildlife","floor":14,"turns":1},{"damage":9,"enemies":"Slime Boss","floor":16,"turns":14},{"damage":26,"enemies":"2 Thieves","floor":18,"turns":4},{"damage":15,"enemies":"Spheric Guardian","floor":20,"turns":5},{"damage":7,"enemies":"Snake Plant","floor":21,"turns":3},{"damage":2,"enemies":"Chosen and Byrds","floor":22,"turns":6},{"damage":26,"enemies":"Book of Stabbing","floor":23,"turns":5},{"damage":26,"enemies":"Sentry and Sphere","floor":24,"turns":6},{"damage":43,"enemies":"Gremlin Leader","floor":25,"turns":6},{"damage":32,"enemies":"Snecko","floor":27,"turns":6},{"damage":0,"enemies":"Chosen and Byrds","floor":29,"turns":3},{"damage":35,"enemies":"Champ","floor":33,"turns":7},{"damage":33,"enemies":"3 Darklings","floor":35,"turns":4},{"damage":0,"enemies":"Orb Walker","floor":36,"turns":2},{"damage":5,"enemies":"Sphere and 2 Shapes","floor":38,"turns":3},{"damage":16,"enemies":"Maw","floor":39,"turns":5},{"damage":9,"enemies":"Giant Head","floor":41,"turns":7},{"damage":0,"enemies":"3 Darklings","floor":44,"turns":2},{"damage":0,"enemies":"4 Shapes","floor":46,"turns":1},{"damage":0,"enemies":"2 Orb Walkers","floor":47,"turns":2},{"damage":0,"enemies":"Sphere and 2 Shapes","floor":48,"turns":1},{"damage":13,"enemies":"Donu and Deca","floor":50,"turns":4}],"seed_played":"-5610983590349585426","potions_obtained":[{"floor":1,"key":"Energy Potion"},{"floor":2,"key":"LiquidBronze"},{"floor":3,"key":"SkillPotion"},{"floor":4,"key":"SpeedPotion"},{"floor":5,"key":"EntropicBrew"},{"floor":7,"key":"Dexterity Potion"},{"floor":8,"key":"SmokeBomb"},{"floor":10,"key":"SkillPotion"},{"floor":11,"key":"SkillPotion"},{"floor":12,"key":"Explosive Potion"},{"floor":14,"key":"Dexterity Potion"},{"floor":16,"key":"GamblersBrew"},{"floor":18,"key":"FearPotion"},{"floor":20,"key":"LiquidBronze"},{"floor":21,"key":"Swift Potion"},{"floor":22,"key":"SteroidPotion"},{"floor":23,"key":"Regen Potion"},{"floor":24,"key":"FearPotion"},{"floor":25,"key":"SteroidPotion"},{"floor":27,"key":"SteroidPotion"},{"floor":33,"key":"SteroidPotion"},{"floor":35,"key":"EssenceOfSteel"},{"floor":38,"key":"Weak Potion"},{"floor":39,"key":"Explosive Potion"},{"floor":41,"key":"Block Potion"},{"floor":44,"key":"Explosive Potion"},{"floor":46,"key":"SpeedPotion"},{"floor":47,"key":"FearPotion"},{"floor":48,"key":"Explosive Potion"}],"is_trial":false,"path_per_floor":["M","M","M","M","M","R","M","M","T","E","M","E","R","M","R","B",null,"M","$","M","M","M","E","M","E","T","M","$","M","?","?","R","B",null,"M","M","$","M","M","?","E","R","T","M","R","M","E","M","R","B"],"character_chosen":"IRONCLAD","items_purchased":["Good Instincts+1","Master of Strategy+1","Ice Cream","Twin Strike+1","Cleave+1","Shrug It Off+1","Reckless Charge+1","Apotheosis+1","Deep Breath+1","Swift Strike+1"],"campfire_rested":0,"item_purchase_floors":[19,19,28,28,28,28,28,37,37,37],"current_hp_per_floor":[79,80,80,75,80,80,80,78,78,80,80,62,62,71,71,71,87,82,82,87,87,87,70,78,67,67,47,47,59,59,59,59,48,87,69,81,81,87,83,73,87,87,87,87,87,87,87,87,87,83],"gold":219,"neow_bonus":"","is_prod":false,"is_daily":true,"chose_seed":false,"campfire_upgraded":7,"win_rate":0,"timestamp":1530926035,"path_taken":["M","M","M","M","M","R","M","M","T","E","M","E","R","M","R","BOSS","M","$","M","M","M","E","M","E","T","M","$","M","?","?","R","BOSS","M","M","$","M","M","?","E","R","T","M","R","M","E","M","R","BOSS"],"build_version":"2018-07-05","purchased_purges":0,"victory":true,"max_hp_per_floor":[80,80,80,80,80,80,80,80,80,80,80,87,87,87,87,87,87,87,87,87,87,87,87,87,87,87,87,87,87,87,87,87,87,87,87,87,87,87,87,87,87,87,87,87,87,87,87,87,87,87],"card_choices":[{"not_picked":["Havoc","Rupture"],"picked":"Perfected Strike","floor":10},{"not_picked":["Whirlwind","Clothesline"],"picked":"Disarm+1","floor":12},{"not_picked":["Fiend Fire","Dark Embrace"],"picked":"Demon Form","floor":16},{"not_picked":["Iron Wave","Armaments+1"],"picked":"Carnage","floor":23},{"not_picked":["Perfected Strike","Juggernaut"],"picked":"Wild Strike+1","floor":25},{"not_picked":["Exhume+1","Demon Form"],"picked":"Barricade","floor":33},{"not_picked":["Master of Strategy+1","Swift Strike+1"],"picked":"Dramatic Entrance+1","floor":40},{"not_picked":["Bandage Up+1","Madness+1"],"picked":"Jack Of All Trades+1","floor":40},{"not_picked":["Panache","Bandage Up+1"],"picked":"Finesse+1","floor":40},{"not_picked":["Twin Strike+1","True Grit+1"],"picked":"Searing Blow+1","floor":41},{"not_picked":["Anger+1","True Grit+1"],"picked":"Battle Trance+1","floor":47}],"player_experience":68480,"relics_obtained":[{"floor":1,"key":"Ornamental Fan"},{"floor":2,"key":"Anchor"},{"floor":3,"key":"Du-Vu Doll"},{"floor":4,"key":"Lantern"},{"floor":5,"key":"Art of War"},{"floor":7,"key":"Letter Opener"},{"floor":8,"key":"Vajra"},{"floor":9,"key":"Magic Flower"},{"floor":10,"key":"Toxic Egg 2"},{"floor":11,"key":"Blue Candle"},{"floor":12,"key":"Strawberry"},{"floor":14,"key":"The Courier"},{"floor":16,"key":"Singing Bowl"},{"floor":18,"key":"Kunai"},{"floor":20,"key":"Juzu Bracelet"},{"floor":21,"key":"Blood Vial"},{"floor":22,"key":"Shuriken"},{"floor":23,"key":"Pen Nib"},{"floor":24,"key":"Oddly Smooth Stone"},{"floor":25,"key":"Old Coin"},{"floor":26,"key":"Molten Egg 2"},{"floor":27,"key":"Mercury Hourglass"},{"floor":29,"key":"Omamori"},{"floor":33,"key":"Meat on the Bone"},{"floor":35,"key":"Tiny Chest"},{"floor":36,"key":"War Paint"},{"floor":38,"key":"Bag of Marbles"},{"floor":39,"key":"Sundial"},{"floor":41,"key":"Whetstone"},{"floor":43,"key":"Gambling Chip"},{"floor":44,"key":"Boot"},{"floor":46,"key":"Centennial Puzzle"},{"floor":47,"key":"Bag of Preparation"},{"floor":48,"key":"Prayer Wheel"}],"event_choices":[{"event_name":"The Library","player_choice":"Read","floor":30,"damage_taken":0},{"event_name":"The Mausoleum","player_choice":"Yes","floor":31,"damage_taken":0},{"event_name":"SensoryStone","player_choice":"Memory 3","floor":40,"damage_taken":0}],"boss_relics":[{"not_picked":["Tiny House","Eternal Feather"],"picked":"Mark of Pain"},{"not_picked":["Astrolabe","Velvet Choker"],"picked":"Cursed Key"}],"items_purged_floors":[],"is_endless":false,"potions_floor_spawned":[1,2,3,4,5,7,8,10,11,12,14,16,18,20,21,22,23,24,25,27,29,33,35,36,38,39,41,44,46,47,48],"ascension_level":0}