{"gold_per_floor":[113,133,147,147,147,147,147,147,170,196,210,230,33,49,49,152,152,169,188,188,188],"floor_reached":21,"playtime":1129,"items_purged":["Strike_R"],"score":206,"play_id":"f1c383a1-f6ed-4307-bdbc-7e8f2ccd8edf","local_time":"20190913202609","is_ascension_mode":false,"campfire_choices":[{"data":"Metallicize","floor":6,"key":"SMITH"},{"data":"Feed","floor":8,"key":"SMITH"},{"floor":15,"key":"REST"}],"neow_cost":"NONE","seed_source_timestamp":2390389437340600,"circlet_count":0,"master_deck":["Strike_R+1","Strike_R+1","Strike_R+1","Defend_R+1","Defend_R+1","Defend_R+1","Defend_R+1","Bash","Havoc","Carnage","Disarm","Rampage","Inflame","Feed+1","Anger","Reckless Charge","Metallicize+1","Infernal Blade","Spot Weakness","Mind Blast","Metallicize","Offering","Dual Wield+1"],"relics":["Orrery"],"potions_floor_usage":[12,14,14,16,18],"damage_taken":[{"damage":0,"enemies":"2 Louse","floor":1,"turns":4},{"damage":0,"enemies":"Small Slimes","floor":2,"turns":3},{"damage":9,"enemies":"Jaw Worm","floor":3,"turns":4},{"damage":23,"enemies":"3 Sentries","floor":10,"turns":8},{"damage":6,"enemies":"Red Slaver","floor":11,"turns":2},{"damage":12,"enemies":"Blue Slaver","floor":12,"turns":4},{"damage":3,"enemies":"Looter","floor":14,"turns":3},{"damage":8,"enemies":"Hexaghost","floor":16,"turns":9},{"damage":19,"enemies":"2 Thieves","floor":18,"turns":3},{"damage":53,"enemies":"3 Byrds","floor":19,"turns":9},{"damage":37,"enemies":"Shelled Parasite and Fungi","floor":21,"turns":3}],"seed_played":"4430881557422423414","potions_obtained":[{"floor":10,"key":"SkillPotion"},{"floor":11,"key":"PowerPotion"},{"floor":12,"key":"Dexterity Potion"},{"floor":14,"key":"Block Potion"},{"floor":16,"key":"SteroidPotion"}],"is_trial":false,"path_per_floor":["M","M","M","?","?","R","?","R","T","E","M","M","$","M","R","B",null,"M","M","?","M"],"character_chosen":"IRONCLAD","items_purchased":["Spot Weakness","Mind Blast"],"campfire_rested":1,"item_purchase_floors":[13,13],"current_hp_per_floor":[80,83,77,77,77,77,77,77,77,54,52,40,40,41,69,61,94,75,26,26,0],"gold":188,"neow_bonus":"BOSS_RELIC","is_prod":false,"is_daily":false,"chose_seed":false,"campfire_upgraded":2,"win_rate":0,"timestamp":1568420769,"path_taken":["M","M","M","?","?","R","?","R","T","E","M","?","?","?","R","BOSS","M","M","?","M"],"build_version":"2019-07-17","purchased_purges":1,"victory":false,"max_hp_per_floor":[80,83,86,86,86,86,86,86,86,86,90,90,90,94,94,94,94,94,98,98,102],"card_choices":[{"not_picked":["Twin Strike","Warcry"],"picked":"Havoc","floor":0},{"not_picked":["Sentinel","Twin Strike"],"picked":"Carnage","floor":0},{"not_picked":["Heavy Blade","Evolve"],"picked":"Disarm","floor":0},{"not_picked":["Twin Strike","Heavy Blade"],"picked":"Rampage","floor":0},{"not_picked":["Body Slam","Pommel Strike"],"picked":"Inflame","floor":0},{"not_picked":["Iron Wave","Power Through"],"picked":"Feed","floor":1},{"not_picked":["Cleave","Intimidate"],"picked":"Anger","floor":2},{"not_picked":["Flex","Pommel Strike"],"picked":"Reckless Charge","floor":3},{"not_picked":["Evolve","Warcry","Heavy Blade"],"picked":"SKIP","floor":10},{"not_picked":["Burning Pact","Reckless Charge","Havoc"],"picked":"SKIP","floor":11},{"not_picked":["Clash","Anger"],"picked":"Infernal Blade","floor":12},{"not_picked":["Double Tap","Havoc"],"picked":"Metallicize","floor":14},{"not_picked":["Juggernaut","Barricade"],"picked":"Offering","floor":16},{"not_picked":["Reckless Charge","Heavy Blade"],"picked":"Dual Wield+1","floor":18},{"not_picked":["Battle Trance","Flex","Headbutt"],"picked":"SKIP","floor":19}],"player_experience":409775,"relics_obtained":[],"event_choices":[{"damage_healed":0,"gold_gain":0,"cards_transformed":["Strike_R"],"player_choice":"Change","damage_taken":0,"max_hp_gain":0,"max_hp_loss":0,"event_name":"Living Wall","floor":4,"gold_loss":0,"cards_obtained":["Metallicize"]},{"damage_healed":0,"gold_gain":0,"player_choice":"Fled","damage_taken":0,"max_hp_gain":0,"max_hp_loss":0,"event_name":"Scrap Ooze","floor":5,"gold_loss":0},{"damage_healed":0,"gold_gain":0,"player_choice":"Ignored","damage_taken":0,"max_hp_gain":0,"max_hp_loss":0,"event_name":"Golden Idol","floor":7,"gold_loss":0},{"damage_healed":0,"gold_gain":0,"player_choice":"Simplicity","damage_taken":0,"max_hp_gain":0,"max_hp_loss":0,"event_name":"Back to Basics","floor":20,"gold_loss":0,"cards_upgraded":["Strike_R","Strike_R","Strike_R","Defend_R","Defend_R","Defend_R","Defend_R"]}],"is_beta":false,"boss_relics":[{"not_picked":["Busted Crown","Lizard Tail","Empty Cage"]}],"items_purged_floors":[13],"is_endless":false,"potions_floor_spawned":[10,11,12,14,16],"killed_by":"Shelled Parasite and Fungi","ascension_level":0}