{"gold_per_floor":[20,20,20,38,51,90,90,90],"floor_reached":8,"playtime":523,"items_purged":[],"score":95,"play_id":"9b426699-8b5a-43ef-af49-ab8dd24896c9","local_time":"20190806224550","is_ascension_mode":true,"campfire_choices":[{"data":"Zap","floor":7,"key":"SMITH"}],"neow_cost":"NO_GOLD","seed_source_timestamp":1796984041180217,"circlet_count":0,"master_deck":["AscendersBane","Strike_B","Strike_B","Strike_B","Defend_B","Defend_B","Defend_B","Zap+1","Dualcast","All For One","Glacier","Turbo","Pain","Go for the Eyes","Genetic Algorithm","Steam"],"relics":["Cracked Core","Golden Idol","WarpedTongs","Turnip"],"potions_floor_usage":[],"damage_taken":[{"damage":0,"enemies":"Jaw Worm","floor":1,"turns":4},{"damage":3,"enemies":"Cultist","floor":4,"turns":5},{"damage":0,"enemies":"2 Louse","floor":5,"turns":2},{"damage":36,"enemies":"3 Sentries","floor":6,"turns":8},{"damage":33,"enemies":"Gremlin Nob","floor":8,"turns":4}],"seed_played":"-63917451670255537","potions_obtained":[{"floor":4,"key":"LiquidBronze"}],"is_trial":false,"path_per_floor":["M","?","?","M","M","E","R","E"],"character_chosen":"DEFECT","items_purchased":[],"campfire_rested":0,"item_purchase_floors":[],"current_hp_per_floor":[64,64,64,61,61,25,25,0],"gold":90,"neow_bonus":"TRANSFORM_TWO_CARDS","is_prod":false,"is_daily":false,"chose_seed":false,"campfire_upgraded":1,"win_rate":0,"timestamp":1565156750,"path_taken":["M","?","?","M","M","E","R","E"],"build_version":"2019-07-17","purchased_purges":0,"victory":false,"max_hp_per_floor":[71,66,66,66,66,66,66,66],"card_choices":[{"not_picked":["Sweeping Beam","Rebound"],"picked":"Turbo","floor":1},{"not_picked":["Coolheaded","Stack"],"picked":"Go for the Eyes","floor":4},{"not_picked":["Conserve Battery","Capacitor"],"picked":"Genetic Algorithm","floor":5},{"not_picked":["Stack","Lockon"],"picked":"Steam","floor":6}],"player_experience":619262,"relics_obtained":[{"floor":6,"key":"Turnip"}],"event_choices":[{"damage_healed":0,"gold_gain":0,"player_choice":"Lose Max HP","damage_taken":0,"relics_obtained":["Golden Idol"],"max_hp_gain":0,"max_hp_loss":5,"event_name":"Golden Idol","floor":2,"gold_loss":0},{"damage_healed":0,"gold_gain":0,"player_choice":"Rummage","damage_taken":0,"relics_obtained":["WarpedTongs"],"max_hp_gain":0,"max_hp_loss":0,"event_name":"Accursed Blacksmith","floor":3,"gold_loss":0,"cards_obtained":["Pain"]}],"is_beta":false,"boss_relics":[],"items_purged_floors":[],"is_endless":false,"potions_floor_spawned":[4],"killed_by":"Gremlin Nob","ascension_level":14}