{"gold_per_floor":[111,111,36,54,28,28,56,69,150,183,183,201,221,236,236,236],"floor_reached":16,"playtime":1190,"items_purged":["Strike_R"],"score":144,"play_id":"aa3c4f3f-d104-41fc-8254-15387c85c75f","local_time":"20190916131540","is_ascension_mode":true,"campfire_choices":[{"data":"Shrug It Off","floor":6,"key":"SMITH"},{"data":"Body Slam","floor":15,"key":"SMITH"}],"neow_cost":"NONE","seed_source_timestamp":31696156806600,"circlet_count":0,"master_deck":["Strike_R","Strike_R","Strike_R","Defend_R","Defend_R","Defend_R","Defend_R","Bash","Shrug It Off+1","Body Slam+1"],"relics":["Burning Blood","NeowsBlessing","Pen Nib","Shuriken","Mummified Hand"],"potions_floor_usage":[10,13,16,16],"damage_taken":[{"damage":0,"enemies":"Jaw Worm","floor":1,"turns":1},{"damage":0,"enemies":"Cultist","floor":4,"turns":1},{"damage":0,"enemies":"Lagavulin","floor":7,"turns":1},{"damage":6,"enemies":"2 Louse","floor":8,"turns":3},{"damage":18,"enemies":"3 Sentries","floor":10,"turns":16},{"damage":4,"enemies":"2 Fungi Beasts","floor":12,"turns":6},{"damage":16,"enemies":"Large Slime","floor":13,"turns":9},{"damage":0,"enemies":"Lots of Slimes","floor":14,"turns":8},{"damage":94,"enemies":"Slime Boss","floor":16,"turns":12}],"seed_played":"1394759809474331842","potions_obtained":[{"floor":4,"key":"Dexterity Potion"},{"floor":7,"key":"FearPotion"},{"floor":10,"key":"BloodPotion"},{"floor":13,"key":"Weak Potion"}],"is_trial":false,"path_per_floor":["M","?","$","M","$","R","E","M","T","E","$","M","M","M","R","B"],"character_chosen":"IRONCLAD","items_purchased":["Shrug It Off"],"campfire_rested":0,"item_purchase_floors":[5],"current_hp_per_floor":[80,80,80,80,80,80,80,80,80,68,68,70,60,66,66,0],"gold":236,"neow_bonus":"THREE_ENEMY_KILL","is_prod":false,"is_daily":false,"chose_seed":false,"campfire_upgraded":2,"win_rate":0,"timestamp":1568654140,"path_taken":["M","?","$","?","$","R","E","M","T","E","?","M","M","M","R","BOSS"],"build_version":"2019-07-17","purchased_purges":1,"victory":false,"max_hp_per_floor":[80,80,80,80,80,80,80,80,80,80,80,80,80,80,80,80],"card_choices":[{"not_picked":["Clash","Cleave","Flex"],"picked":"SKIP","floor":1},{"not_picked":["True Grit","Dual Wield","Cleave"],"picked":"SKIP","floor":4},{"not_picked":["Twin Strike","Infernal Blade","Pommel Strike"],"picked":"SKIP","floor":7},{"not_picked":["Pummel","Hemokinesis","Iron Wave"],"picked":"SKIP","floor":8},{"not_picked":["Thunderclap","Double Tap","Power Through"],"picked":"SKIP","floor":10},{"not_picked":["Perfected Strike","Twin Strike"],"picked":"Body Slam","floor":12},{"not_picked":["Flex","True Grit","Rupture"],"picked":"SKIP","floor":13},{"not_picked":["Iron Wave","Corruption","Uppercut"],"picked":"SKIP","floor":14}],"player_experience":530908,"relics_obtained":[{"floor":7,"key":"Pen Nib"},{"floor":9,"key":"Shuriken"},{"floor":10,"key":"Mummified Hand"}],"event_choices":[{"cards_removed":["Strike_R"],"damage_healed":0,"gold_gain":0,"player_choice":"Purged","damage_taken":0,"max_hp_gain":0,"max_hp_loss":0,"event_name":"Purifier","floor":2,"gold_loss":0}],"is_beta":false,"boss_relics":[],"items_purged_floors":[3],"is_endless":false,"potions_floor_spawned":[4,7,10,13],"killed_by":"Slime Boss","ascension_level":1}