{"gold_per_floor":[109,123,142,159,177,210,229,229,252,285,285,27,27],"floor_reached":13,"playtime":824,"items_purged":["Parasite"],"score":136,"play_id":"75c651c5-893b-4f88-9ffc-c0035f6f1349","local_time":"20190226173508","is_ascension_mode":true,"campfire_choices":[{"floor":8,"key":"REST"}],"neow_cost":"NONE","seed_source_timestamp":55386025601327,"circlet_count":0,"master_deck":["Strike_R","Strike_R","Strike_R","Strike_R","Strike_R","Defend_R","Defend_R","Defend_R","Defend_R","Bash","Armaments","Flame Barrier+1","Dropkick","Warcry","Shrug It Off","Seeing Red","Flex+1","Battle Trance","Carnage"],"relics":["Burning Blood","NeowsBlessing","Oddly Smooth Stone","War Paint","Pen Nib","Anchor"],"potions_floor_usage":[6,6,6,10],"damage_taken":[{"damage":0,"enemies":"Cultist","floor":1,"turns":1},{"damage":0,"enemies":"Small Slimes","floor":2,"turns":1},{"damage":0,"enemies":"2 Louse","floor":3,"turns":1},{"damage":37,"enemies":"Large Slime","floor":4,"turns":8},{"damage":22,"enemies":"Exordium Thugs","floor":5,"turns":6},{"damage":31,"enemies":"Lagavulin","floor":6,"turns":9},{"damage":0,"enemies":"Blue Slaver","floor":7,"turns":5},{"damage":32,"enemies":"Gremlin Nob","floor":10,"turns":5},{"damage":28,"enemies":"3 Sentries","floor":13,"turns":5}],"seed_played":"-6137615007795724212","potions_obtained":[{"floor":3,"key":"EssenceOfSteel"},{"floor":4,"key":"SkillPotion"},{"floor":5,"key":"LiquidBronze"},{"floor":6,"key":"Explosive Potion"}],"is_trial":false,"path_per_floor":["M","M","M","M","M","E","M","R","T","E","?","$","E"],"character_chosen":"IRONCLAD","items_purchased":["Anchor","Carnage"],"campfire_rested":1,"item_purchase_floors":[12,12],"current_hp_per_floor":[78,80,80,49,33,8,14,38,38,12,32,32,4],"gold":27,"neow_bonus":"THREE_ENEMY_KILL","is_prod":false,"is_daily":false,"chose_seed":false,"campfire_upgraded":0,"win_rate":0,"timestamp":1551198908,"path_taken":["M","M","M","?","?","E","M","R","T","E","?","$","E"],"build_version":"2019-01-23","purchased_purges":1,"victory":false,"max_hp_per_floor":[80,80,80,80,80,80,80,80,80,80,80,77,77],"card_choices":[{"not_picked":["Thunderclap","Rage"],"picked":"Armaments","floor":1},{"not_picked":["Hemokinesis","Anger"],"picked":"Flame Barrier","floor":2},{"not_picked":["Hemokinesis","Evolve"],"picked":"Dropkick","floor":3},{"not_picked":["Dual Wield","Body Slam"],"picked":"Warcry","floor":4},{"not_picked":["Heavy Blade","Thunderclap"],"picked":"Shrug It Off","floor":5},{"not_picked":["Rage","Warcry"],"picked":"Seeing Red","floor":6},{"not_picked":["Perfected Strike","Searing Blow"],"picked":"Flex","floor":7},{"not_picked":["Thunderclap","Berserk"],"picked":"Battle Trance","floor":10}],"player_experience":273795,"relics_obtained":[{"floor":6,"key":"Oddly Smooth Stone"},{"floor":9,"key":"War Paint"},{"floor":10,"key":"Pen Nib"}],"event_choices":[{"damage_healed":20,"gold_gain":0,"player_choice":"Healed and dodged fight","damage_taken":0,"max_hp_gain":0,"max_hp_loss":0,"event_name":"Mushrooms","floor":11,"gold_loss":0,"cards_obtained":["Parasite"]}],"is_beta":false,"boss_relics":[],"items_purged_floors":[12],"is_endless":false,"potions_floor_spawned":[3,4,5,6],"killed_by":"3 Sentries","ascension_level":8}