{"path_per_floor":["M","M","M","M","?","R","E","M","T","E","M","R","?","M","R","B",null,"M","$","?","M","?","R","M","R","T","?","M","M","M","M","R","B",null,"M","M","$","M","?","$","M","R","T","M","M","R","?","M","R"],"character_chosen":"THE_SILENT","items_purchased":["Apotheosis","Kunai","Bouncing Flask"],"gold_per_floor":[114,133,153,166,241,241,266,280,358,388,406,406,478,490,490,587,587,597,83,83,83,83,83,95,95,95,95,111,123,139,153,153,251,251,265,277,177,195,195,156,175,175,202,213,225,225,225,236,236,236],"floor_reached":50,"campfire_rested":0,"playtime":1872,"item_purchase_floors":[19,19,40],"current_hp_per_floor":[70,70,70,70,59,59,53,47,47,43,28,28,28,25,25,5,70,64,64,64,50,50,50,30,30,30,30,30,29,29,29,29,12,70,67,63,63,45,45,45,44,44,44,32,28,28,61,61,61,0],"items_purged":["Strike_G","Strike_G"],"gold":236,"score":487,"play_id":"727878bf-4e25-4ae6-ac3e-a36acbcbec85","local_time":"20180531114718","is_prod":false,"is_daily":false,"chose_seed":false,"is_ascension_mode":false,"campfire_upgraded":4,"win_rate":0,"timestamp":1527781638,"campfire_choices":[{"data":"Skewer","floor":6,"key":"SMITH"},{"data":"Noxious Fumes","floor":12,"key":"SMITH"},{"data":"Footwork","floor":15,"key":"SMITH"},{"floor":23,"key":"DIG"},{"data":"Apotheosis","floor":25,"key":"SMITH"},{"floor":32,"key":"DIG"},{"floor":42,"key":"DIG"},{"floor":46,"key":"DIG"},{"floor":49,"key":"DIG"}],"path_taken":["M","M","?","M","?","R","E","M","T","E","M","R","?","M","R","BOSS","M","$","?","M","?","R","M","R","T","?","M","M","M","M","R","BOSS","M","M","$","M","?","$","M","R","T","M","M","R","?","M","R","BOSS"],"build_version":"2018-05-30v2","seed_source_timestamp":54008110083992,"purchased_purges":2,"victory":false,"master_deck":["Defend_G","Defend_G","Defend_G","Defend_G","Defend_G","Strike_G","Strike_G","Strike_G","Survivor","Neutralize","Quick Slash","Slice","Skewer+1","Footwork+1","Dagger Spray","Crippling Poison","Deadly Poison","Noxious Fumes+1","Deadly Poison","Masterful Stab","Phantasmal Killer","Dash+1","Blur","Apotheosis+1","Sucker Punch","Dodge and Roll+1","Sucker Punch","Well Laid Plans+1","Dagger Spray+1","Dagger Spray+1","Glass Knife","Bane+1","Backstab","Catalyst+1","Bandage Up","Bouncing Flask","Deadly Poison","Footwork","Heel Hook"],"max_hp_per_floor":[70,70,70,70,70,70,70,70,70,70,70,70,70,70,70,70,70,70,70,70,70,70,70,70,70,70,70,70,70,70,70,70,70,70,70,70,70,70,70,70,70,70,70,70,70,70,61,61,61,61],"relics":["Velvet Choker","Prayer Wheel","Paper Crane","Shovel","Sozu","Kunai","Vajra","Du-Vu Doll","Bag of Preparation","Philosopher\u0027s Stone","The Specimen","Omamori","Anchor","Juzu Bracelet"],"card_choices":[{"not_picked":["Acrobatics","Prepared"],"picked":"Quick Slash","floor":1},{"not_picked":["Acrobatics","Phantasmal Killer"],"picked":"Slice","floor":2},{"not_picked":["Bane","Underhanded Strike"],"picked":"Skewer","floor":3},{"not_picked":["Choke","Slice","Reflex"],"picked":"SKIP","floor":4},{"not_picked":["All Out Attack","Concentrate"],"picked":"Footwork","floor":7},{"not_picked":["Underhanded Strike","Poisoned Stab"],"picked":"Dagger Spray","floor":8},{"not_picked":["Reflex","Underhanded Strike"],"picked":"Crippling Poison","floor":8},{"not_picked":["Skewer","Acrobatics"],"picked":"Deadly Poison","floor":10},{"not_picked":["Quick Slash","Setup"],"picked":"Noxious Fumes","floor":11},{"not_picked":["Finisher","Outmaneuver"],"picked":"Deadly Poison","floor":11},{"not_picked":["Cloak And Dagger","Underhanded Strike"],"picked":"Masterful Stab","floor":14},{"not_picked":["Prepared","Acrobatics","Escape Plan"],"picked":"SKIP","floor":14},{"not_picked":["A Thousand Cuts","Corpse Explosion"],"picked":"Phantasmal Killer","floor":16},{"not_picked":["Quick Slash","Underhanded Strike"],"picked":"Dash+1","floor":18},{"not_picked":["Escape Plan","Predator"],"picked":"Blur","floor":18},{"not_picked":["Distraction","Blade Dance"],"picked":"Sucker Punch","floor":24},{"not_picked":["Underhanded Strike","Flying Knee"],"picked":"Dodge and Roll+1","floor":24},{"not_picked":["Flying Knee","PiercingWail"],"picked":"Sucker Punch","floor":28},{"not_picked":["Envenom","Quick Slash+1"],"picked":"Well Laid Plans+1","floor":28},{"not_picked":["Sucker Punch","Outmaneuver+1"],"picked":"Dagger Spray+1","floor":29},{"not_picked":["Infinite Blades","Cloak And Dagger+1","Outmaneuver+1"],"picked":"SKIP","floor":29},{"not_picked":["Bane","Calculated Gamble"],"picked":"Dagger Spray+1","floor":30},{"not_picked":["Quick Slash","Setup","Masterful Stab"],"picked":"SKIP","floor":30},{"not_picked":["Quick Slash","Deflect","Dodge and Roll"],"picked":"SKIP","floor":31},{"not_picked":["Well Laid Plans","Riddle With Holes","Dodge and Roll"],"picked":"SKIP","floor":31},{"not_picked":["Die Die Die","Venomology"],"picked":"Glass Knife","floor":33},{"not_picked":["PiercingWail+1","Dagger Throw+1"],"picked":"Bane+1","floor":35},{"not_picked":["Outmaneuver","Blade Dance+1","Escape Plan"],"picked":"SKIP","floor":35},{"not_picked":["Outmaneuver","Poisoned Stab"],"picked":"Backstab","floor":36},{"not_picked":["PiercingWail+1","Dodge and Roll+1","Well Laid Plans"],"picked":"SKIP","floor":36},{"not_picked":["Underhanded Strike+1","Expertise+1"],"picked":"Catalyst+1","floor":38},{"not_picked":["Prepared+1","Quick Slash+1","All Out Attack"],"picked":"SKIP","floor":38},{"not_picked":["Secret Technique","Magnetism"],"picked":"Bandage Up","floor":39},{"not_picked":["Acrobatics","Prepared+1"],"picked":"Deadly Poison","floor":41},{"not_picked":["Dagger Throw+1","Slice+1","Acrobatics"],"picked":"SKIP","floor":41},{"not_picked":["Poisoned Stab","Outmaneuver+1"],"picked":"Footwork","floor":44},{"not_picked":["Backflip","Prepared+1","Reflex+1"],"picked":"SKIP","floor":44},{"not_picked":["Cloak And Dagger+1","Doppelganger","Flechettes"],"picked":"SKIP","floor":45},{"not_picked":["Leg Sweep","Acrobatics+1","Noxious Fumes+1"],"picked":"SKIP","floor":45},{"not_picked":["PiercingWail+1","Cloak And Dagger"],"picked":"Heel Hook","floor":48},{"not_picked":["Sucker Punch","Prepared","Dodge and Roll"],"picked":"SKIP","floor":48}],"player_experience":529567,"potions_floor_usage":[16,21],"damage_taken":[{"damage":0,"enemies":"Cultist","floor":1,"turns":4},{"damage":0,"enemies":"Small Slimes","floor":2,"turns":3},{"damage":0,"enemies":"2 Louse","floor":3,"turns":3},{"damage":0,"enemies":"Large Slime","floor":4,"turns":5},{"damage":6,"enemies":"Gremlin Nob","floor":7,"turns":4},{"damage":6,"enemies":"Lots of Slimes","floor":8,"turns":5},{"damage":4,"enemies":"3 Sentries","floor":10,"turns":6},{"damage":15,"enemies":"Exordium Thugs","floor":11,"turns":3},{"damage":3,"enemies":"Large Slime","floor":14,"turns":5},{"damage":20,"enemies":"The Guardian","floor":16,"turns":10},{"damage":6,"enemies":"Shell Parasite","floor":18,"turns":5},{"damage":14,"enemies":"3 Byrds","floor":21,"turns":3},{"damage":20,"enemies":"Centurion and Healer","floor":24,"turns":5},{"damage":0,"enemies":"3 Cultists","floor":28,"turns":4},{"damage":1,"enemies":"Snake Plant","floor":29,"turns":4},{"damage":0,"enemies":"Cultist and Chosen","floor":30,"turns":5},{"damage":0,"enemies":"Snecko","floor":31,"turns":5},{"damage":17,"enemies":"Champ","floor":33,"turns":11},{"damage":3,"enemies":"Orb Walker","floor":35,"turns":4},{"damage":4,"enemies":"Flame Bruiser 1 Orb","floor":36,"turns":3},{"damage":18,"enemies":"3 Darklings","floor":38,"turns":4},{"damage":5,"enemies":"4 Shapes","floor":41,"turns":5},{"damage":12,"enemies":"Flame Bruiser 2 Orb","floor":44,"turns":3},{"damage":4,"enemies":"3 Darklings","floor":45,"turns":3},{"damage":0,"enemies":"Transient","floor":48,"turns":5},{"damage":67,"enemies":"Donu and Deca","floor":50,"turns":4}],"relics_obtained":[{"floor":7,"key":"Prayer Wheel"},{"floor":9,"key":"Paper Crane"},{"floor":10,"key":"Shovel"},{"floor":23,"key":"Vajra"},{"floor":26,"key":"Du-Vu Doll"},{"floor":32,"key":"Bag of Preparation"},{"floor":42,"key":"The Specimen"},{"floor":43,"key":"Omamori"},{"floor":46,"key":"Anchor"},{"floor":49,"key":"Juzu Bracelet"}],"event_choices":[{"event_name":"World of Goop","player_choice":"Gather Gold","floor":5,"damage_taken":0},{"event_name":"Golden Wing","player_choice":"Gained Gold","floor":13,"damage_taken":0},{"event_name":"The Lab","player_choice":"Got Potions","floor":20,"damage_taken":0},{"event_name":"Addict","player_choice":"Ignored","floor":22,"damage_taken":0},{"event_name":"The Woman in Blue","player_choice":"Bought 0 Potions","floor":27,"damage_taken":0},{"event_name":"SensoryStone","player_choice":"Memory 1","floor":39,"damage_taken":0},{"event_name":"The Moai Head","player_choice":"Heal","floor":47,"damage_taken":0}],"boss_relics":[{"not_picked":["Calling Bell","Eternal Feather"],"picked":"Sozu"},{"not_picked":["Runic Dome","Astrolabe"],"picked":"Philosopher\u0027s Stone"}],"items_purged_floors":[19,37],"potions_floor_spawned":[7,10,18,21,31,35,41,48],"seed_played":"-2342963315879714435","killed_by":"Donu and Deca","ascension_level":0,"potions_obtained":[{"floor":7,"key":"SmokeBomb"},{"floor":10,"key":"Weak Potion"}],"is_trial":false}