{"gold_per_floor":[113,113,124,124,124,134,134,159,159,170,220,235,262,110,110,188,188,206,206,206,226,226],"floor_reached":22,"playtime":1253,"items_purged":[],"score":394,"play_id":"1e09d96c-b20f-4c7a-a6c1-d2e8e471eada","local_time":"20190914004854","is_ascension_mode":true,"campfire_choices":[{"data":"Feed","floor":7.0,"key":"SMITH"},{"data":"Armaments","floor":15.0,"key":"SMITH"}],"neow_cost":"NONE","seed_source_timestamp":121805710910500,"circlet_count":0,"master_deck":["AscendersBane","Strike_R","Strike_R","Strike_R","Strike_R","Strike_R","Defend_R","Defend_R","Defend_R","Defend_R","Bash","Inflame","Armaments+1","Feed+1","Carnage","Reaper","Sword Boomerang","Inflame","Shockwave","Whirlwind","Uppercut","Reaper"],"special_seed":0,"relics":["Burning Blood","TungstenRod","Turnip","Anchor","Black Star","Matryoshka"],"potions_floor_usage":[],"damage_taken":[{"damage":8.0,"enemies":"Cultist","floor":1.0,"turns":5.0},{"damage":5.0,"enemies":"2 Louse","floor":3.0,"turns":3.0},{"damage":11.0,"enemies":"Jaw Worm","floor":6.0,"turns":4.0},{"damage":32.0,"enemies":"Gremlin Nob","floor":8.0,"turns":4.0},{"damage":17.0,"enemies":"Large Slime","floor":10.0,"turns":7.0},{"damage":19.0,"enemies":"Lots of Slimes","floor":12.0,"turns":5.0},{"damage":38.0,"enemies":"Lagavulin","floor":13.0,"turns":7.0},{"damage":19.0,"enemies":"Slime Boss","floor":16.0,"turns":9.0},{"damage":49.0,"enemies":"Chosen","floor":18.0,"turns":7.0},{"damage":57.0,"enemies":"Spheric Guardian","floor":21.0,"turns":7.0},{"damage":45,"enemies":"Shelled Parasite and Fungi","floor":22,"turns":4}],"seed_played":"-3563357909277113475","potions_obtained":[{"floor":3.0,"key":"SteroidPotion"},{"floor":8.0,"key":"SkillPotion"},{"floor":10.0,"key":"BloodPotion"},{"floor":12.0,"key":"SneckoOil"},{"floor":18.0,"key":"BloodPotion"}],"is_trial":false,"path_per_floor":["M","?","M","?","?","M","R","E","T","M","?","M","E","$","R","B",null,"M","T","?","M","M"],"character_chosen":"IRONCLAD","items_purchased":["Whirlwind","Uppercut"],"campfire_rested":0,"item_purchase_floors":[14,14],"current_hp_per_floor":[66,66,70,70,70,68,68,42,42,47,47,50,44,44,44,37,79,50,50,50,23,0],"gold":226,"neow_bonus":"THREE_CARDS","is_prod":false,"is_daily":false,"chose_seed":false,"campfire_upgraded":2,"win_rate":0,"timestamp":1568440134,"path_taken":["M","?","?","?","?","M","R","E","T","M","?","M","E","$","R","BOSS","M","?","?","M","M"],"build_version":"2019-09-12","purchased_purges":0,"victory":false,"max_hp_per_floor":[75,75,78,78,78,81,81,81,81,85,85,89,93,93,93,93,93,97,97,97,97,101],"card_choices":[{"not_picked":["Shrug It Off","Clothesline"],"picked":"Inflame","floor":0.0},{"not_picked":["Clash","Blood for Blood"],"picked":"Armaments","floor":1.0},{"not_picked":["True Grit","Twin Strike","Rampage"],"picked":"SKIP","floor":3.0},{"not_picked":["Searing Blow","Headbutt"],"picked":"Carnage","floor":6.0},{"not_picked":["Flame Barrier","Wild Strike"],"picked":"Reaper","floor":8.0},{"not_picked":["Perfected Strike","Heavy Blade"],"picked":"Sword Boomerang","floor":10.0},{"not_picked":["Demon Form","Corruption"],"picked":"Inflame","floor":12.0},{"not_picked":["Perfected Strike","Combust"],"picked":"Shockwave","floor":13.0},{"not_picked":["Brutality","Fiend Fire"],"picked":"Reaper","floor":16.0},{"not_picked":["Rage","Body Slam","Twin Strike"],"picked":"SKIP","floor":18.0},{"not_picked":["Shockwave","Carnage+1","Perfected Strike+1"],"picked":"SKIP","floor":21.0}],"player_experience":1308274,"relics_obtained":[{"floor":8.0,"key":"TungstenRod"},{"floor":9.0,"key":"Turnip"},{"floor":13.0,"key":"Anchor"},{"floor":19.0,"key":"Matryoshka"}],"event_choices":[{"damage_healed":0.0,"max_hp_gain":0.0,"max_hp_loss":0.0,"gold_gain":0.0,"event_name":"Match and Keep!","player_choice":"1 cards matched","floor":2.0,"gold_loss":0.0,"damage_taken":0.0,"cards_obtained":["Feed"]},{"damage_healed":0.0,"max_hp_gain":0.0,"max_hp_loss":0.0,"gold_gain":0.0,"event_name":"Liars Game","player_choice":"Ignored","floor":4.0,"gold_loss":0.0,"damage_taken":0.0},{"damage_healed":0.0,"max_hp_gain":0.0,"max_hp_loss":0.0,"gold_gain":0.0,"event_name":"The Cleric","player_choice":"Leave","floor":5.0,"gold_loss":0.0,"damage_taken":0.0},{"damage_healed":0.0,"max_hp_gain":0.0,"max_hp_loss":0.0,"gold_gain":50.0,"event_name":"Golden Shrine","player_choice":"Pray","floor":11.0,"gold_loss":0.0,"damage_taken":0.0},{"damage_healed":0.0,"max_hp_gain":0.0,"max_hp_loss":0.0,"gold_gain":0.0,"event_name":"Vampires","player_choice":"Ignored","floor":20.0,"gold_loss":0.0,"damage_taken":0.0}],"is_beta":true,"boss_relics":[{"not_picked":["Empty Cage","SacredBark"],"picked":"Black Star"}],"items_purged_floors":[],"is_endless":false,"potions_floor_spawned":[3,8,10,12,18],"killed_by":"Shelled Parasite and Fungi","ascension_level":18}