{"gold_per_floor":[114,130,143,93,93,122,122,134,134,154,167,242,256,287,287,287],"floor_reached":16,"playtime":283,"items_purged":[],"score":120,"play_id":"18340025-7b01-40e3-8902-0b8473d840d4","local_time":"20190912023249","is_ascension_mode":true,"campfire_choices":[{"floor":7,"key":"REST"},{"floor":15,"key":"REST"}],"neow_cost":"NONE","seed_source_timestamp":2240436597195800,"circlet_count":0,"master_deck":["Strike_R+1","Strike_R","Strike_R","Strike_R","Defend_R","Defend_R","Defend_R","Defend_R","Bash","Twin Strike+1","Inflame","Pummel","Clothesline","Heavy Blade","Sword Boomerang","Sword Boomerang","Wild Strike","Spot Weakness","Cleave"],"relics":["Burning Blood","NeowsBlessing","Torii","Prayer Wheel","Du-Vu Doll"],"potions_floor_usage":[14],"damage_taken":[{"damage":0,"enemies":"Cultist","floor":1,"turns":1},{"damage":0,"enemies":"2 Louse","floor":2,"turns":1},{"damage":0,"enemies":"Jaw Worm","floor":3,"turns":1},{"damage":28,"enemies":"Gremlin Nob","floor":6,"turns":4},{"damage":7,"enemies":"Exordium Thugs","floor":8,"turns":4},{"damage":10,"enemies":"Looter","floor":10,"turns":2},{"damage":21,"enemies":"3 Louse","floor":11,"turns":3},{"damage":15,"enemies":"Red Slaver","floor":13,"turns":3},{"damage":24,"enemies":"3 Sentries","floor":14,"turns":5},{"damage":32,"enemies":"The Guardian","floor":16,"turns":2}],"seed_played":"4029698964301386031","potions_obtained":[{"floor":2,"key":"Block Potion"},{"floor":3,"key":"GamblersBrew"},{"floor":8,"key":"SteroidPotion"}],"is_trial":false,"path_per_floor":["M","M","M","?","?","E","R","M","T","M","M","?","M","E","R","B"],"character_chosen":"IRONCLAD","items_purchased":[],"campfire_rested":2,"item_purchase_floors":[],"current_hp_per_floor":[80,80,80,80,64,42,66,65,65,61,46,35,26,8,32,0],"gold":287,"neow_bonus":"THREE_ENEMY_KILL","is_prod":false,"is_daily":false,"chose_seed":false,"campfire_upgraded":0,"win_rate":0,"timestamp":1568269969,"path_taken":["M","M","M","?","?","E","R","M","T","M","M","?","M","E","R","BOSS"],"build_version":"2019-07-17","purchased_purges":0,"victory":false,"max_hp_per_floor":[80,80,80,80,80,80,80,80,80,80,80,80,80,80,80,80],"card_choices":[{"not_picked":["Wild Strike","Combust"],"picked":"Twin Strike","floor":1},{"not_picked":["True Grit","Iron Wave"],"picked":"Inflame","floor":2},{"not_picked":["Havoc","Carnage"],"picked":"Pummel","floor":3},{"not_picked":["True Grit","Blood for Blood"],"picked":"Clothesline","floor":6},{"not_picked":["Spot Weakness","Reckless Charge"],"picked":"Heavy Blade","floor":8},{"not_picked":["Uppercut","True Grit"],"picked":"Sword Boomerang","floor":10},{"not_picked":["Juggernaut","Twin Strike","Iron Wave"],"picked":"SKIP","floor":10},{"not_picked":["Armaments","Clothesline"],"picked":"Sword Boomerang","floor":11},{"not_picked":["Fiend Fire","Iron Wave"],"picked":"Wild Strike","floor":11},{"not_picked":["Anger","Second Wind"],"picked":"Spot Weakness","floor":13},{"not_picked":["Sword Boomerang","Headbutt"],"picked":"Cleave","floor":13},{"not_picked":["Burning Pact","Warcry","Rupture"],"picked":"SKIP","floor":14}],"player_experience":379008,"relics_obtained":[{"floor":6,"key":"Torii"},{"floor":9,"key":"Prayer Wheel"},{"floor":14,"key":"Du-Vu Doll"}],"event_choices":[{"cards_removed":["Strike_R"],"damage_healed":0,"gold_gain":0,"player_choice":"Card Removal","damage_taken":0,"max_hp_gain":0,"max_hp_loss":0,"event_name":"The Cleric","floor":4,"gold_loss":50},{"damage_healed":0,"gold_gain":0,"player_choice":"Entered Light","damage_taken":16,"max_hp_gain":0,"max_hp_loss":0,"event_name":"Shining Light","floor":5,"gold_loss":0,"cards_upgraded":["Strike_R","Twin Strike"]},{"damage_healed":0,"gold_gain":75,"player_choice":"Gather Gold","damage_taken":11,"max_hp_gain":0,"max_hp_loss":0,"event_name":"World of Goop","floor":12,"gold_loss":0}],"is_beta":false,"boss_relics":[],"items_purged_floors":[],"is_endless":false,"potions_floor_spawned":[2,3,8,13],"killed_by":"The Guardian","ascension_level":1}