{"path_per_floor":["M","M","M","$","M","E","R","M","T","M","M","E","M","$","R","B",null,"M","?","M","M","M","R","$","R","T","$","M","R","?","M","R","B",null,"M","M","M","M","?","R","M","R","T","T","M","$","R","M","R","B"],"character_chosen":"THE_SILENT","items_purchased":["Bottled Tornado","Toxic Egg 2","Well Laid Plans"],"gold_per_floor":[109,128,147,147,165,193,193,205,205,217,236,264,282,32,32,136,136,150,150,163,182,197,197,197,197,277,26,39,39,39,58,58,161,161,179,199,214,232,232,232,244,244,244,244,264,110,110,120,120,120],"floor_reached":51,"campfire_rested":6,"playtime":6202,"current_hp_per_floor":[62,59,59,59,55,8,29,22,22,22,21,18,11,11,32,19,70,63,63,63,60,45,45,45,66,66,66,65,65,65,65,65,39,70,44,37,8,7,25,46,19,40,40,40,27,27,48,48,48,19],"items_purged":["Survivor"],"gold":120,"score":492,"play_id":"ca2e2ec4-86d6-49c7-bde0-e620a629db58","is_prod":false,"is_daily":false,"is_ascension_mode":false,"campfire_upgraded":4,"path_taken":["M","M","M","$","M","E","R","M","T","?","M","E","M","$","R","BOSS","M","?","M","M","M","R","?","R","T","$","M","R","?","M","R","BOSS","M","M","M","M","?","R","M","R","T","?","M","$","R","M","R","BOSS"],"build_version":"2018-02-12-PROD1","purchased_purges":1,"victory":true,"master_deck":["Defend_G+1","Defend_G+1","Defend_G+1","Defend_G+1","Defend_G+1","Strike_G+1","Strike_G+1","Strike_G+1","Strike_G+1","Strike_G+1","Flying Knee","Malaise","Escape Plan","Glass Knife+1","Infinite Blades","Dodge and Roll+1","Adrenaline","Predator+1","After Image+1","Dagger Throw+1","Riddle With Holes+1","After Image+1","Escape Plan","Backstab+1","Blur+1","Night Terror+1","Riddle With Holes+1","Eviscerate+1","Malaise+1","PiercingWail+1","Leg Sweep+1","Dagger Spray+1","Writhe","Unload+1","PiercingWail+1","Well Laid Plans"],"max_hp_per_floor":[70,70,70,70,70,70,70,70,70,70,70,70,70,70,70,70,70,70,70,70,70,70,70,70,70,70,70,70,70,70,70,70,70,70,70,70,70,70,70,70,70,70,70,70,70,70,70,70,70,70],"relics":["Lizard Tail","Ninja Scroll","Molten Egg 2","Mummified Hand","Bottled Tornado","Velvet Choker","Pantograph","Toxic Egg 2","Astrolabe","Frozen Eye","Ice Cream"],"card_choices":[{"not_picked":["Acrobatics","Calculated Gamble"],"picked":"Dagger Spray"},{"not_picked":["Dagger Throw","Dodge and Roll"],"picked":"Dagger Spray"},{"not_picked":["Finisher","Dagger Spray"],"picked":"Flying Knee"},{"not_picked":["Dodge and Roll","Acrobatics"],"picked":"Malaise"},{"not_picked":["Calculated Gamble","Finisher"],"picked":"Escape Plan"},{"not_picked":["Bane","Quick Slash"],"picked":"Glass Knife"},{"not_picked":["PiercingWail","Poisoned Stab"],"picked":"Infinite Blades"},{"not_picked":["Heel Hook","Outmaneuver"],"picked":"Dodge and Roll"},{"not_picked":["PiercingWail","Backflip"],"picked":"Adrenaline"},{"not_picked":["Malaise","Expertise"],"picked":"Predator"},{"not_picked":["Venomology","Wraith Form"],"picked":"After Image"},{"not_picked":["Outmaneuver","Poisoned Stab"],"picked":"Dagger Throw"},{"not_picked":["Dagger Throw","Flying Knee"],"picked":"Riddle With Holes"},{"not_picked":["Catalyst","PiercingWail"],"picked":"After Image"},{"not_picked":["PiercingWail","Crippling Poison"],"picked":"Escape Plan"},{"not_picked":["Prepared","Terror"],"picked":"Backstab"},{"not_picked":["Bane","Bouncing Flask"],"picked":"Blur"},{"not_picked":["Adrenaline","Tools of the Trade"],"picked":"Night Terror"},{"not_picked":["Flying Knee","Deflect"],"picked":"PiercingWail"},{"not_picked":["Slice","Bane"],"picked":"Leg Sweep"},{"not_picked":["Outmaneuver","Quick Slash"],"picked":"Dagger Spray"},{"not_picked":["Quick Slash","Flying Knee"],"picked":"Unload"},{"not_picked":["Skewer","Quick Slash"],"picked":"PiercingWail"}],"player_experience":13758,"potions_floor_usage":[12,12,50,50],"damage_taken":[{"damage":8,"enemies":"Blue Slaver","floor":1,"turns":6},{"damage":3,"enemies":"Cultist","floor":2,"turns":5},{"damage":0,"enemies":"2 Louse","floor":3,"turns":2},{"damage":4,"enemies":"Exordium Thugs","floor":5,"turns":4},{"damage":47,"enemies":"Gremlin Nob","floor":6,"turns":7},{"damage":7,"enemies":"Red Slaver","floor":8,"turns":4},{"damage":0,"enemies":"Looter","floor":10,"turns":2},{"damage":1,"enemies":"Exordium Wildlife","floor":11,"turns":3},{"damage":9,"enemies":"3 Sentries","floor":12,"turns":5},{"damage":7,"enemies":"3 Louse","floor":13,"turns":2},{"damage":13,"enemies":"The Guardian","floor":16,"turns":12},{"damage":7,"enemies":"Chosen","floor":18,"turns":5},{"damage":0,"enemies":"Shell Parasite","floor":20,"turns":5},{"damage":3,"enemies":"Chosen and Byrds","floor":21,"turns":7},{"damage":15,"enemies":"Snecko","floor":22,"turns":4},{"damage":1,"enemies":"Centurion and Healer","floor":28,"turns":5},{"damage":0,"enemies":"3 Cultists","floor":31,"turns":5},{"damage":31,"enemies":"Automaton","floor":33,"turns":15},{"damage":26,"enemies":"3 Shapes","floor":35,"turns":5},{"damage":7,"enemies":"Orb Walker","floor":36,"turns":4},{"damage":29,"enemies":"4 Shapes","floor":37,"turns":10},{"damage":1,"enemies":"Maw","floor":38,"turns":9},{"damage":69,"enemies":"Sphere and 2 Shapes","floor":41,"turns":7},{"damage":13,"enemies":"3 Darklings","floor":45,"turns":6},{"damage":0,"enemies":"Maw","floor":48,"turns":9},{"damage":66,"enemies":"Awakened One","floor":50,"turns":30}],"event_choices":[{"event_name":"Back to Basics","player_choice":"Simplicity","floor":19,"damage_taken":0},{"event_name":"Addict","player_choice":"Ignored","floor":30,"damage_taken":0},{"event_name":"Winding Halls","player_choice":"Writhe","floor":39,"damage_taken":0}],"boss_relics":[{"not_picked":["Question Card","Calling Bell"],"picked":"Velvet Choker"},{"not_picked":["Black Star","Sozu"],"picked":"Astrolabe"}],"potions_floor_spawned":[2,3,5,6,8,16,20,21,28,31,35,36,41,45],"seed_played":"-2251848000522912442","ascension_level":0,"is_trial":false}