{"gold_per_floor":[113,113,39,49,49,49,79,79,79,79,98,98,119,132,132,231,231,251,251,251,166,166,166,184,184,255,255,8,8,24,43,43,143,193,204,54,72,72,87,87,87,87,87,112,124,136,148,160,172,184],"floor_reached":50,"playtime":1141,"items_purged":[],"score":459,"play_id":"775c9195-70e7-48b9-868e-e07d1e255ce1","local_time":"20190912225653","is_ascension_mode":false,"campfire_choices":[{"data":"Perfected Strike","floor":6,"key":"SMITH"},{"data":"Bludgeon","floor":10,"key":"SMITH"},{"floor":12,"key":"REST"},{"floor":15,"key":"REST"},{"data":"Disarm","floor":23,"key":"SMITH"},{"data":"Twin Strike","floor":25,"key":"SMITH"},{"data":"Pommel Strike","floor":27,"key":"SMITH"},{"floor":32,"key":"REST"},{"floor":40,"key":"RECALL"},{"data":"Flex","floor":42,"key":"SMITH"},{"data":"Flex","floor":47,"key":"SMITH"},{"floor":49,"key":"REST"}],"neow_cost":"PERCENT_DAMAGE","seed_source_timestamp":2313022131636600,"circlet_count":0,"master_deck":["Strike_R","Strike_R","Strike_R","Strike_R+1","Bludgeon+1","Disarm+1","Perfected Strike+1","Pommel Strike+1","Pommel Strike","Pommel Strike","Barricade+1","Wild Strike+1","Perfected Strike+1","Twin Strike+1","Twin Strike","Flex+1","Flex+1","Madness","Madness"],"relics":["Burning Blood","Juzu Bracelet","Torii","Ginger","Du-Vu Doll","Dodecahedron","Odd Mushroom","Astrolabe","MutagenicStrength","Blood Vial","Bottled Tornado","Bottled Lightning","Tiny House","Bag of Preparation","MawBank"],"potions_floor_usage":[14,16,18,31,33,35,37,44,50,50,50],"damage_taken":[{"damage":8,"enemies":"2 Louse","floor":1,"turns":3},{"damage":10,"enemies":"Small Slimes","floor":4,"turns":2},{"damage":24,"enemies":"Gremlin Nob","floor":7,"turns":4},{"damage":0,"enemies":"Cultist","floor":11,"turns":2},{"damage":22,"enemies":"The Mushroom Lair","floor":13,"turns":3},{"damage":13,"enemies":"Exordium Thugs","floor":14,"turns":3},{"damage":44,"enemies":"Slime Boss","floor":16,"turns":11},{"damage":0,"enemies":"Spheric Guardian","floor":18,"turns":2},{"damage":9,"enemies":"Shell Parasite","floor":24,"turns":3},{"damage":30,"enemies":"Sentry and Sphere","floor":30,"turns":4},{"damage":6,"enemies":"Snake Plant","floor":31,"turns":3},{"damage":96,"enemies":"Champ","floor":33,"turns":9},{"damage":18,"enemies":"3 Shapes","floor":35,"turns":3},{"damage":48,"enemies":"3 Darklings","floor":37,"turns":6},{"damage":3,"enemies":"Maw","floor":39,"turns":6},{"damage":23,"enemies":"Spire Growth","floor":44,"turns":3},{"damage":88,"enemies":"Donu and Deca","floor":50,"turns":4}],"seed_played":"6795151206591972517","potions_obtained":[{"floor":4,"key":"Poison Potion"},{"floor":13,"key":"Energy Potion"},{"floor":16,"key":"SteroidPotion"},{"floor":24,"key":"BloodPotion"},{"floor":30,"key":"AttackPotion"},{"floor":34,"key":"Weak Potion"},{"floor":35,"key":"Block Potion"},{"floor":39,"key":"Energy Potion"},{"floor":44,"key":"Energy Potion"},{"floor":45,"key":"Regen Potion"},{"floor":45,"key":"SteroidPotion"}],"is_trial":false,"path_per_floor":["M","?","?","M","?","R","E","T","T","R","M","R","?","M","R","B",null,"M","?","?","?","?","R","M","R","T","R","$","$","M","M","R","B",null,"M","$","M","?","M","R","?","R","T","M","?","?","R","?","R","B"],"character_chosen":"IRONCLAD","items_purchased":["Bottled Lightning","Bag of Preparation"],"campfire_rested":4,"item_purchase_floors":[28,36],"current_hp_per_floor":[54,42,42,38,38,38,20,20,20,20,26,50,34,27,51,13,80,80,80,80,80,80,80,77,77,77,77,77,77,55,57,80,10,85,73,73,33,33,38,38,74,74,74,57,57,57,57,48,70,0],"gold":184,"neow_bonus":"TRANSFORM_TWO_CARDS","is_prod":false,"is_daily":false,"chose_seed":false,"campfire_upgraded":7,"win_rate":0,"timestamp":1568343413,"path_taken":["M","?","?","M","?","R","E","?","T","R","M","R","?","M","R","BOSS","M","?","?","?","?","R","M","R","T","R","?","$","M","M","R","BOSS","M","$","M","?","M","R","?","R","T","M","?","?","R","?","R","BOSS"],"build_version":"2019-07-17","purchased_purges":0,"victory":false,"max_hp_per_floor":[80,80,80,80,80,80,80,80,80,80,80,80,80,80,80,80,80,80,80,80,80,80,80,80,80,80,80,80,80,80,80,80,80,85,85,85,85,85,85,85,74,74,74,74,74,74,74,74,74,74],"card_choices":[{"not_picked":["Sword Boomerang","Warcry"],"picked":"Perfected Strike","floor":1},{"not_picked":["Evolve","Cleave","Reckless Charge"],"picked":"SKIP","floor":4},{"not_picked":["Shrug It Off","Flame Barrier"],"picked":"Pommel Strike","floor":7},{"not_picked":["Havoc","Body Slam","Heavy Blade"],"picked":"SKIP","floor":11},{"not_picked":["Clash","Rupture"],"picked":"Pommel Strike","floor":13},{"not_picked":["Barricade","Rupture"],"picked":"Pommel Strike","floor":14},{"not_picked":["Pummel+1","Flex+1"],"picked":"Perfected Strike+1","floor":18},{"not_picked":["Sword Boomerang","Heavy Blade"],"picked":"Twin Strike","floor":24},{"not_picked":["Intimidate","Second Wind+1"],"picked":"Twin Strike","floor":30},{"not_picked":["Inflame+1","Headbutt","Pummel"],"picked":"SKIP","floor":31},{"not_picked":["Fiend Fire","Demon Form"],"picked":"Double Tap","floor":33},{"not_picked":["Disarm+1","Shrug It Off"],"picked":"Flex","floor":34},{"not_picked":["Second Wind+1","Rage+1","Entrench"],"picked":"SKIP","floor":35},{"not_picked":["Sword Boomerang+1","Shockwave+1"],"picked":"Flex","floor":37},{"not_picked":["Armaments","Flame Barrier","Sword Boomerang"],"picked":"SKIP","floor":39},{"not_picked":["Clash","Metallicize+1","Cleave"],"picked":"SKIP","floor":44}],"player_experience":398639,"relics_obtained":[{"floor":7,"key":"Ginger"},{"floor":8,"key":"Du-Vu Doll"},{"floor":9,"key":"Dodecahedron"},{"floor":13,"key":"Odd Mushroom"},{"floor":26,"key":"Bottled Tornado"},{"floor":43,"key":"MawBank"}],"event_choices":[{"damage_healed":0,"gold_gain":0,"player_choice":"Success","damage_taken":12,"relics_obtained":["Juzu Bracelet"],"max_hp_gain":0,"max_hp_loss":0,"event_name":"Scrap Ooze","floor":2,"gold_loss":0},{"damage_healed":0,"gold_gain":0,"player_choice":"Paid Gold","damage_taken":0,"relics_obtained":["Torii"],"max_hp_gain":0,"max_hp_loss":0,"event_name":"WeMeetAgain","floor":3,"gold_loss":74},{"cards_removed":["Defend_R"],"damage_healed":0,"gold_gain":0,"player_choice":"Purged","damage_taken":0,"max_hp_gain":0,"max_hp_loss":0,"event_name":"Purifier","floor":5,"gold_loss":0},{"damage_healed":0,"gold_gain":0,"player_choice":"Fought Mushrooms","damage_taken":0,"max_hp_gain":0,"max_hp_loss":0,"event_name":"Mushrooms","floor":13,"gold_loss":0},{"cards_removed":["Thunderclap"],"damage_healed":0,"gold_gain":0,"player_choice":"Elegance","damage_taken":0,"max_hp_gain":0,"max_hp_loss":0,"event_name":"Back to Basics","floor":19,"gold_loss":0},{"damage_healed":0,"gold_gain":0,"player_choice":"Inject Mutagens","damage_taken":0,"relics_obtained":["MutagenicStrength"],"max_hp_gain":0,"max_hp_loss":0,"event_name":"Drug Dealer","floor":20,"gold_loss":0},{"damage_healed":0,"gold_gain":0,"player_choice":"Obtained Relic","damage_taken":0,"relics_obtained":["Blood Vial"],"max_hp_gain":0,"max_hp_loss":0,"event_name":"Addict","floor":21,"gold_loss":85},{"damage_healed":0,"gold_gain":0,"player_choice":"Ignored","damage_taken":0,"max_hp_gain":0,"max_hp_loss":0,"event_name":"Vampires","floor":22,"gold_loss":0},{"cards_removed":["Double Tap"],"damage_healed":0,"gold_gain":0,"player_choice":"Removed Skill","damage_taken":0,"max_hp_gain":0,"max_hp_loss":0,"event_name":"Falling","floor":38,"gold_loss":0},{"damage_healed":74,"gold_gain":0,"player_choice":"Heal","damage_taken":0,"max_hp_gain":0,"max_hp_loss":11,"event_name":"The Moai Head","floor":41,"gold_loss":0},{"damage_healed":0,"gold_gain":0,"player_choice":"Got Potions","damage_taken":0,"max_hp_gain":0,"max_hp_loss":0,"event_name":"Lab","floor":45,"gold_loss":0},{"damage_healed":0,"gold_gain":0,"player_choice":"0 cards matched","damage_taken":0,"max_hp_gain":0,"max_hp_loss":0,"event_name":"Match and Keep!","floor":46,"gold_loss":0,"cards_obtained":[]},{"damage_healed":0,"gold_gain":0,"player_choice":"Embrace Madness","damage_taken":9,"max_hp_gain":0,"max_hp_loss":0,"event_name":"Winding Halls","floor":48,"gold_loss":0,"cards_obtained":["Madness","Madness"]}],"is_beta":false,"boss_relics":[{"not_picked":["Sozu","Lizard Tail"],"picked":"Astrolabe"},{"not_picked":["Snecko Eye","Mark of Pain"],"picked":"Tiny House"}],"items_purged_floors":[],"is_endless":false,"potions_floor_spawned":[4,13,16,24,30,35,39,44],"killed_by":"Donu and Deca","ascension_level":0}