{"gold_per_floor":[115,190,45,220,239,239,252,277,277,72,88,99,131,148,148,247,247,266,181,201,401,416,473,488,502,502,521,33,43,43,43,43,146,146,156,156,156,167,187,201,216,235,235,83,83],"floor_reached":45,"playtime":3188,"items_purged":[],"score":530,"play_id":"155a64c6-3aac-4b94-82a9-2cb74d7f14f1","local_time":"20190709041010","is_ascension_mode":false,"campfire_choices":[{"floor":6,"key":"RECALL"},{"data":"Fire Breathing","floor":15,"key":"SMITH"},{"floor":30,"key":"REST"},{"floor":32,"key":"REST"}],"neow_cost":"NONE","seed_source_timestamp":2270724059564752,"circlet_count":0,"master_deck":["Strike_R","Strike_R","Strike_R","Defend_R","Defend_R","Defend_R","Bash","Clash","Doubt","Clash","Anger","Fire Breathing+1","Conserve Battery","Sword Boomerang+1","Electrodynamics","Thunderclap+1","Venomology","Pummel+1","Pommel Strike+1","Fire Breathing+1","Madness+1","Uppercut+1","Quick Slash+1","Searing Blow+1","Static Discharge","Pommel Strike+1","Heel Hook+1","Discovery","Rage","Chrysalis","Expertise","Mind Blast+1","Fire Breathing+1","Endless Agony+1","Heavy Blade+1","Cleave+1","Go for the Eyes+1"],"relics":["Black Blood","Boot","PreservedInsect","FossilizedHelix","Molten Egg 2","PrismaticShard","Bag of Preparation","Astrolabe","Centennial Puzzle","Tiny Chest","Mercury Hourglass","Regal Pillow","Frozen Egg 2","Calipers","Ancient Tea Set"],"potions_floor_usage":[13,16,18,20,24,24,25,25,29,31,33,33,33,33,33,35,39,39,39,40,41,41,41,41,45,45,45,45],"damage_taken":[{"damage":0,"enemies":"Small Slimes","floor":1,"turns":5},{"damage":8,"enemies":"Jaw Worm","floor":5,"turns":3},{"damage":1,"enemies":"Cultist","floor":7,"turns":3},{"damage":5,"enemies":"Gremlin Nob","floor":8,"turns":3},{"damage":9,"enemies":"Gremlin Gang","floor":11,"turns":3},{"damage":8,"enemies":"Exordium Thugs","floor":12,"turns":5},{"damage":0,"enemies":"Lagavulin","floor":13,"turns":3},{"damage":0,"enemies":"Lots of Slimes","floor":14,"turns":2},{"damage":5,"enemies":"Slime Boss","floor":16,"turns":7},{"damage":20,"enemies":"Spheric Guardian","floor":18,"turns":4},{"damage":0,"enemies":"2 Thieves","floor":20,"turns":2},{"damage":8,"enemies":"Snecko","floor":22,"turns":4},{"damage":7,"enemies":"Slavers","floor":23,"turns":3},{"damage":9,"enemies":"Centurion and Healer","floor":24,"turns":4},{"damage":14,"enemies":"Snake Plant","floor":25,"turns":2},{"damage":39,"enemies":"Shelled Parasite and Fungi","floor":27,"turns":4},{"damage":20,"enemies":"Sentry and Sphere","floor":29,"turns":4},{"damage":0,"enemies":"3 Cultists","floor":31,"turns":2},{"damage":59,"enemies":"Automaton","floor":33,"turns":8},{"damage":22,"enemies":"3 Darklings","floor":35,"turns":6},{"damage":4,"enemies":"3 Shapes","floor":38,"turns":5},{"damage":36,"enemies":"Sphere and 2 Shapes","floor":39,"turns":5},{"damage":17,"enemies":"3 Darklings","floor":40,"turns":7},{"damage":16,"enemies":"Maw","floor":41,"turns":8},{"damage":36,"enemies":"Sphere and 2 Shapes","floor":42,"turns":5},{"damage":24,"enemies":"Writhing Mass","floor":45,"turns":3}],"seed_played":"-3067256740620970838","potions_obtained":[{"floor":1,"key":"AttackPotion"},{"floor":12,"key":"EntropicBrew"},{"floor":13,"key":"Swift Potion"},{"floor":14,"key":"Weak Potion"},{"floor":22,"key":"Ancient Potion"},{"floor":24,"key":"FearPotion"},{"floor":27,"key":"PowerPotion"},{"floor":33,"key":"AttackPotion"},{"floor":39,"key":"SteroidPotion"},{"floor":41,"key":"Ancient Potion"},{"floor":42,"key":"Poison Potion"}],"is_trial":false,"path_per_floor":["M","?","$","?","M","R","M","E","T","$","M","M","E","M","R","B",null,"M","?","M","?","M","E","M","M","T","M","$","M","R","M","R","B",null,"M","T","?","M","M","M","M","M","T","$","M"],"character_chosen":"IRONCLAD","items_purchased":["PreservedInsect","PrismaticShard","Mercury Hourglass","Regal Pillow","Discovery","Ancient Tea Set"],"campfire_rested":2,"item_purchase_floors":[3,10,28,28,28,44],"current_hp_per_floor":[80,69,69,69,67,67,72,73,73,73,70,68,74,80,80,80,80,66,66,72,72,70,69,66,58,58,25,25,11,50,56,80,27,80,68,68,68,74,48,55,49,23,23,23,0],"gold":83,"neow_bonus":"RANDOM_COMMON_RELIC","is_prod":false,"is_daily":false,"chose_seed":false,"campfire_upgraded":1,"win_rate":0,"timestamp":1562659810,"path_taken":["M","?","$","?","M","R","M","E","T","?","M","M","E","M","R","BOSS","M","?","M","?","M","E","?","M","T","?","?","M","R","?","R","BOSS","M","?","?","?","M","M","M","M","T","$","M"],"build_version":"2019-07-05","purchased_purges":0,"victory":false,"max_hp_per_floor":[80,80,80,80,80,80,80,80,80,80,80,80,80,80,80,80,80,80,80,80,80,80,80,80,80,80,80,80,80,80,80,80,80,80,80,80,80,80,80,80,80,80,80,80,80],"card_choices":[{"not_picked":["Bloodletting","Metallicize"],"picked":"Clash","floor":1},{"not_picked":["Thunderclap","Armaments"],"picked":"Clash","floor":5},{"not_picked":["Body Slam","Second Wind"],"picked":"Anger","floor":7},{"not_picked":["Reckless Charge","Whirlwind"],"picked":"Fire Breathing","floor":8},{"not_picked":["Calculated Gamble","Cleave+1"],"picked":"Conserve Battery","floor":11},{"not_picked":["Wild Strike+1","Catalyst"],"picked":"Sword Boomerang+1","floor":12},{"not_picked":["Feed+1","Reinforced Body"],"picked":"Electrodynamics","floor":13},{"not_picked":["Backflip","Twin Strike+1"],"picked":"Thunderclap+1","floor":14},{"not_picked":["Juggernaut","Master of Strategy"],"picked":"Venomology","floor":16},{"not_picked":["Armaments","Masterful Stab+1"],"picked":"Madness+1","floor":18},{"not_picked":["Deep Breath+1","Choke+1"],"picked":"Uppercut+1","floor":20},{"not_picked":["Defragment","Perfected Strike+1"],"picked":"Quick Slash+1","floor":22},{"not_picked":["Heel Hook+1","Poisoned Stab+1"],"picked":"Searing Blow+1","floor":23},{"not_picked":["Bane+1","Hologram"],"picked":"Static Discharge","floor":24},{"not_picked":["Purity+1","Body Slam+1"],"picked":"Pommel Strike+1","floor":25},{"not_picked":["Warcry","Dagger Spray+1"],"picked":"Heel Hook+1","floor":27},{"not_picked":["Perfected Strike+1","Sentinel+1"],"picked":"Rage","floor":29},{"not_picked":["Electrodynamics","Tools of the Trade"],"picked":"Chrysalis","floor":33},{"not_picked":["Cold Snap+1","Flechettes+1"],"picked":"Expertise","floor":35},{"not_picked":["Steam Power+1","Stack+1"],"picked":"Fire Breathing+1","floor":38},{"not_picked":["Bane+1","Coolheaded"],"picked":"Endless Agony+1","floor":39},{"not_picked":["Barrage+1","Warcry"],"picked":"Heavy Blade+1","floor":40},{"not_picked":["Blizzard+1","Entrench+1"],"picked":"Cleave+1","floor":41},{"not_picked":["Blizzard+1","Feel No Pain+1"],"picked":"Go for the Eyes+1","floor":42}],"player_experience":125835,"relics_obtained":[{"floor":8,"key":"FossilizedHelix"},{"floor":9,"key":"Molten Egg 2"},{"floor":13,"key":"Bag of Preparation"},{"floor":23,"key":"Tiny Chest"},{"floor":36,"key":"Frozen Egg 2"},{"floor":43,"key":"Calipers"}],"event_choices":[{"damage_healed":0,"gold_gain":75,"player_choice":"Gather Gold","damage_taken":11,"max_hp_gain":0,"max_hp_loss":0,"event_name":"World of Goop","floor":2,"gold_loss":0},{"damage_healed":0,"gold_gain":175,"player_choice":"AGREE","damage_taken":0,"max_hp_gain":0,"max_hp_loss":0,"event_name":"Liars Game","floor":4,"gold_loss":0,"cards_obtained":["Doubt"]},{"damage_healed":0,"gold_gain":0,"player_choice":"Obtained Relic","damage_taken":0,"relics_obtained":["Centennial Puzzle"],"max_hp_gain":0,"max_hp_loss":0,"event_name":"Addict","floor":19,"gold_loss":85},{"damage_healed":0,"gold_gain":250,"player_choice":"Bet on Owner","damage_taken":0,"max_hp_gain":0,"max_hp_loss":0,"event_name":"The Joust","floor":21,"gold_loss":50},{"damage_healed":0,"gold_gain":0,"player_choice":"1 cards matched","damage_taken":0,"max_hp_gain":0,"max_hp_loss":0,"event_name":"Match and Keep!","floor":37,"gold_loss":0,"cards_obtained":["Mind Blast"]}],"is_beta":false,"boss_relics":[{"not_picked":["Calling Bell","White Beast Statue"],"picked":"Astrolabe"},{"not_picked":["Sozu","Lizard Tail"],"picked":"Black Blood"}],"items_purged_floors":[],"is_endless":false,"potions_floor_spawned":[1,12,13,14,22,24,27,31,33,39,41,42],"killed_by":"Writhing Mass","ascension_level":0}