{"gold_per_floor":[111,111,131,131,148,174,174,208,233,260,273,301,301,312,312,411,411,423,1,1,19,34,59,59,93,116,143,68,81,108,119,119,221,221,237,257,257,272,290,316,316,344,344,679,699,732,28,28,28,28],"floor_reached":51,"playtime":19202,"items_purged":["Strike_G","Strike_G"],"score":1153,"play_id":"2109e8c8-eaa6-4d3b-8aa8-7d674f6769ed","local_time":"20190730230327","is_ascension_mode":true,"campfire_choices":[{"data":"Infinite Blades","floor":7,"key":"SMITH"},{"data":"Distraction","floor":13,"key":"SMITH"},{"floor":15,"key":"REST"},{"data":"Infinite Blades","floor":24,"key":"SMITH"},{"floor":32,"key":"REST"},{"data":"Madness","floor":41,"key":"SMITH"},{"data":"Infinite Blades","floor":49,"key":"SMITH"}],"neow_cost":"NONE","seed_source_timestamp":495953614041492,"circlet_count":0,"master_deck":["Defend_G","Defend_G","Defend_G","Defend_G+1","Survivor+1","Neutralize","Blade Dance","Distraction+1","Blur","Blur","Infinite Blades+1","Distraction","Finisher","Outmaneuver","Venomology","PiercingWail","Deflect","Infinite Blades+1","Deflect","Calculated Gamble","Infinite Blades+1","Malaise","Dagger Spray","Adrenaline","Cloak And Dagger+1","Backstab","Venomology","Madness+1","Madness","Prepared+1","Backstab"],"relics":["Ring of the Snake","NlothsMask","War Paint","Happy Flower","Dead Branch","Bag of Marbles","Blood Vial","Orrery","Lantern","OrangePellets","Paper Crane","Red Mask","Potion Belt","Vajra","Omamori","Busted Crown","Ancient Tea Set","The Courier","Toxic Egg 2","Old Coin","Regal Pillow","Lee\u0027s Waffle","Pen Nib","Oddly Smooth Stone","Anchor","Snake Skull"],"potions_floor_usage":[8,14,16,21,22,23,23,23,25,29,29,31,31,31,31,31,33,33,35,38,39,39,40,40,40,40,44,44,44,45,45,46,46,46,50,50,50,50,50,50,50,50,50,50],"damage_taken":[{"damage":1,"enemies":"Small Slimes","floor":1,"turns":4},{"damage":0,"enemies":"Cultist","floor":3,"turns":3},{"damage":0,"enemies":"2 Louse","floor":5,"turns":4},{"damage":26,"enemies":"3 Sentries","floor":6,"turns":20},{"damage":0,"enemies":"Lagavulin","floor":8,"turns":6},{"damage":9,"enemies":"Gremlin Nob","floor":10,"turns":5},{"damage":6,"enemies":"2 Fungi Beasts","floor":11,"turns":2},{"damage":0,"enemies":"3 Sentries","floor":12,"turns":9},{"damage":0,"enemies":"Looter","floor":14,"turns":2},{"damage":4,"enemies":"Hexaghost","floor":16,"turns":10},{"damage":4,"enemies":"Chosen","floor":18,"turns":5},{"damage":0,"enemies":"Spheric Guardian","floor":21,"turns":5},{"damage":4,"enemies":"Shelled Parasite and Fungi","floor":22,"turns":6},{"damage":22,"enemies":"Slavers","floor":23,"turns":7},{"damage":20,"enemies":"Masked Bandits","floor":25,"turns":5},{"damage":0,"enemies":"Gremlin Leader","floor":27,"turns":7},{"damage":2,"enemies":"Cultist and Chosen","floor":29,"turns":4},{"damage":8,"enemies":"Book of Stabbing","floor":30,"turns":5},{"damage":0,"enemies":"Centurion and Healer","floor":31,"turns":2},{"damage":32,"enemies":"Collector","floor":33,"turns":4},{"damage":0,"enemies":"3 Shapes","floor":35,"turns":1},{"damage":5,"enemies":"3 Darklings","floor":36,"turns":2},{"damage":1,"enemies":"Jaw Worm Horde","floor":38,"turns":3},{"damage":0,"enemies":"4 Shapes","floor":39,"turns":5},{"damage":0,"enemies":"Reptomancer","floor":40,"turns":5},{"damage":0,"enemies":"Nemesis","floor":42,"turns":3},{"damage":0,"enemies":"Reptomancer","floor":44,"turns":5},{"damage":16,"enemies":"3 Darklings","floor":45,"turns":3},{"damage":7,"enemies":"Giant Head","floor":46,"turns":5},{"damage":1,"enemies":"Donu and Deca","floor":50,"turns":4}],"seed_played":"-7537531341259331746","potions_obtained":[{"floor":1,"key":"FairyPotion"},{"floor":5,"key":"Poison Potion"},{"floor":10,"key":"Weak Potion"},{"floor":12,"key":"Energy Potion"},{"floor":14,"key":"Swift Potion"},{"floor":18,"key":"Poison Potion"},{"floor":29,"key":"FearPotion"},{"floor":30,"key":"EntropicBrew"},{"floor":35,"key":"Fire Potion"},{"floor":40,"key":"PowerPotion"}],"is_trial":false,"path_per_floor":["M","?","M","?","M","E","R","E","T","E","M","E","R","M","R","B",null,"M","$","?","M","M","E","R","?","T","E","?","M","E","M","R","B",null,"M","M","?","M","M","E","R","E","T","E","M","E","$","?","R","B",null],"character_chosen":"THE_SILENT","items_purchased":["Lantern","OrangePellets","Lee\u0027s Waffle","Pen Nib","Oddly Smooth Stone","Anchor","Backstab","SkillPotion"],"campfire_rested":2,"item_purchase_floors":[19,19,47,47,47,47,47,47],"current_hp_per_floor":[69,69,69,69,69,43,43,43,43,34,28,28,28,30,51,49,70,66,66,66,68,66,46,46,28,28,30,30,30,24,31,52,22,70,70,65,56,57,59,61,61,63,63,70,54,49,77,77,77,76],"gold":28,"neow_bonus":"TRANSFORM_CARD","is_prod":false,"is_daily":false,"chose_seed":false,"campfire_upgraded":5,"win_rate":0,"timestamp":1564542207,"path_taken":["M","?","?","?","M","E","R","E","T","E","M","E","R","M","R","BOSS","M","?","?","M","M","E","R","?","T","E","?","?","E","M","R","BOSS","M","M","?","M","M","E","R","E","T","E","M","E","$","?","R","BOSS"],"build_version":"2019-07-17","purchased_purges":2,"victory":true,"max_hp_per_floor":[70,70,70,70,70,70,70,70,70,70,70,70,70,70,70,70,70,70,70,70,70,70,70,70,70,70,70,70,70,70,70,70,70,70,70,70,70,70,70,70,70,70,70,70,70,70,77,77,77,77],"card_choices":[{"not_picked":["Skewer","Backflip"],"picked":"Distraction","floor":1},{"not_picked":["Heel Hook","Leg Sweep"],"picked":"Blur","floor":3},{"not_picked":["Poisoned Stab","Escape Plan"],"picked":"Blur","floor":5},{"not_picked":["PiercingWail","Predator"],"picked":"Infinite Blades","floor":6},{"not_picked":["Bouncing Flask","Poisoned Stab"],"picked":"Distraction","floor":8},{"not_picked":["Dodge and Roll","Reflex"],"picked":"Finisher","floor":10},{"not_picked":["Bane","Doppelganger","Heel Hook"],"picked":"SKIP","floor":11},{"not_picked":["Poisoned Stab","All Out Attack"],"picked":"Outmaneuver","floor":12},{"not_picked":["Finisher","Quick Slash","Flying Knee"],"picked":"SKIP","floor":14},{"not_picked":["Bullet Time","Malaise"],"picked":"Venomology","floor":16},{"not_picked":["Choke","Dagger Throw"],"picked":"PiercingWail","floor":17},{"not_picked":["Well Laid Plans","Heel Hook"],"picked":"Deflect","floor":17},{"not_picked":["Bouncing Flask","Cloak And Dagger"],"picked":"Infinite Blades","floor":17},{"not_picked":["Dagger Spray","Slice"],"picked":"Deflect","floor":17},{"not_picked":["PiercingWail","Poisoned Stab"],"picked":"Calculated Gamble","floor":17},{"not_picked":["Deflect","Prepared"],"picked":"Infinite Blades","floor":18},{"not_picked":["Heel Hook+1","Backflip","Phantasmal Killer"],"picked":"SKIP","floor":21},{"not_picked":["Heel Hook+1","Slice+1","Catalyst"],"picked":"SKIP","floor":22},{"not_picked":["Outmaneuver","Dodge and Roll"],"picked":"Adrenaline","floor":23},{"not_picked":["Deadly Poison","Outmaneuver"],"picked":"Cloak And Dagger+1","floor":25},{"not_picked":["Corpse Explosion","Masterful Stab"],"picked":"Backstab","floor":27},{"not_picked":["Reflex","Poisoned Stab","Prepared"],"picked":"SKIP","floor":29},{"not_picked":["Blade Dance","Outmaneuver","Sucker Punch"],"picked":"SKIP","floor":30},{"not_picked":["Bane","Deflect","Dagger Throw"],"picked":"SKIP","floor":31},{"not_picked":["Doppelganger","Night Terror"],"picked":"Venomology","floor":33},{"not_picked":["Poisoned Stab+1"],"picked":"SKIP","floor":35},{"not_picked":["Expertise"],"picked":"SKIP","floor":36},{"not_picked":["Blade Dance"],"picked":"SKIP","floor":38},{"not_picked":["Dodge and Roll+1"],"picked":"SKIP","floor":39},{"not_picked":[],"picked":"Prepared+1","floor":40},{"not_picked":["Bane"],"picked":"SKIP","floor":42},{"not_picked":["Dagger Throw"],"picked":"SKIP","floor":44},{"not_picked":["Dagger Throw+1"],"picked":"SKIP","floor":45},{"not_picked":["Choke+1"],"picked":"SKIP","floor":46}],"player_experience":305320,"relics_obtained":[{"floor":6,"key":"Happy Flower"},{"floor":8,"key":"Dead Branch"},{"floor":10,"key":"Bag of Marbles"},{"floor":12,"key":"Blood Vial"},{"floor":23,"key":"Paper Crane"},{"floor":25,"key":"Red Mask"},{"floor":26,"key":"Potion Belt"},{"floor":27,"key":"Vajra"},{"floor":30,"key":"Omamori"},{"floor":40,"key":"Ancient Tea Set"},{"floor":42,"key":"The Courier"},{"floor":43,"key":"Toxic Egg 2"},{"floor":44,"key":"Old Coin"},{"floor":46,"key":"Regal Pillow"},{"floor":48,"key":"Snake Skull"}],"event_choices":[{"damage_healed":0,"gold_gain":0,"player_choice":"Trade","damage_taken":0,"relics_obtained":["NlothsMask"],"max_hp_gain":0,"max_hp_loss":0,"event_name":"FaceTrader","floor":2,"gold_loss":0},{"damage_healed":0,"gold_gain":0,"player_choice":"Gave Potion","damage_taken":0,"relics_obtained":["War Paint"],"max_hp_gain":0,"max_hp_loss":0,"event_name":"WeMeetAgain","floor":4,"gold_loss":0},{"damage_healed":0,"gold_gain":0,"cards_transformed":["Strike_G","Strike_G"],"player_choice":"Became Test Subject","damage_taken":0,"max_hp_gain":0,"max_hp_loss":0,"event_name":"Drug Dealer","floor":20,"gold_loss":0,"cards_obtained":["Malaise","Dagger Spray"]},{"damage_healed":0,"gold_gain":0,"player_choice":"Fought Bandits","damage_taken":0,"max_hp_gain":0,"max_hp_loss":0,"event_name":"Masked Bandits","floor":25,"gold_loss":0},{"cards_removed":["Strike_G"],"damage_healed":0,"gold_gain":0,"player_choice":"Gave Gold","damage_taken":0,"max_hp_gain":0,"max_hp_loss":0,"event_name":"Beggar","floor":28,"gold_loss":75},{"damage_healed":0,"gold_gain":0,"player_choice":"Embrace Madness","damage_taken":9,"max_hp_gain":0,"max_hp_loss":0,"event_name":"Winding Halls","floor":37,"gold_loss":0,"cards_obtained":["Madness","Madness"]},{"damage_healed":0,"gold_gain":0,"player_choice":"Relic","damage_taken":0,"max_hp_gain":0,"max_hp_loss":0,"event_name":"Wheel of Change","floor":48,"gold_loss":0}],"is_beta":false,"boss_relics":[{"not_picked":["Philosopher\u0027s Stone","Snecko Eye"],"picked":"Orrery"},{"not_picked":["Pandora\u0027s Box","Empty Cage"],"picked":"Busted Crown"}],"items_purged_floors":[19,47],"is_endless":false,"potions_floor_spawned":[1,5,10,12,14,18,29,30,31,35,40,46],"ascension_level":2}