{"gold_per_floor":[113,9,28,44,44,44,84,103,181,181,212,28,59,74,74,197,197,187,207,231,256,272,272,311,329,329,329,18,18,18,58,58,179,179,202,202,59,77,91,124,142,155,155,195,195,195,195,2,2,2,2,2,2,45,45],"floor_reached":56,"playtime":4922,"items_purged":[],"score":1799,"play_id":"fd216e96-393b-4e1e-9fc1-046878c7f2f2","local_time":"20190315075819","is_ascension_mode":true,"campfire_choices":[{"data":"Corruption","floor":6,"key":"SMITH"},{"data":"Combust","floor":10,"key":"SMITH"},{"data":"Metallicize","floor":15,"key":"SMITH"},{"data":"Feed","floor":23,"key":"SMITH"},{"floor":27,"key":"REST"},{"data":"Heavy Blade","floor":29,"key":"SMITH"},{"data":"Feel No Pain","floor":32,"key":"SMITH"},{"data":"Dark Embrace","floor":45,"key":"SMITH"},{"floor":47,"key":"RECALL"},{"data":"Shockwave","floor":49,"key":"SMITH"},{"data":"Shockwave","floor":52,"key":"SMITH"}],"neow_cost":"NONE","seed_source_timestamp":603693039082,"circlet_count":0,"master_deck":["AscendersBane","Strike_R","Strike_R","Strike_R","Strike_R","Defend_R","Defend_R","Defend_R+1","Bash","Clash","Corruption+1","Shockwave+1","Combust+1","Headbutt","Warcry","Shockwave+1","Spot Weakness","Metallicize+1","Feel No Pain+1","Demon Form","Feed+1","Shrug It Off+1","True Grit+1","Spot Weakness","Sentinel","Heavy Blade+1","Reaper","Hemokinesis","Anger+1","Shockwave+1","Dark Embrace+1","Disarm+1","Battle Trance+1"],"relics":["Burning Blood","Golden Idol","Thread and Needle","Kunai","Omamori","Oddly Smooth Stone","Nunchaku","Snecko Eye","Matryoshka","Dodecahedron","Self Forming Clay","Pear","Bird Faced Urn","Question Card","Cursed Key","Happy Flower","Letter Opener","Smiling Mask","Mango","WarpedTongs","Sling","War Paint"],"potions_floor_usage":[7,19,22,55,55,55,55],"damage_taken":[{"damage":8,"enemies":"2 Louse","floor":1,"turns":3},{"damage":7,"enemies":"Small Slimes","floor":3,"turns":4},{"damage":1,"enemies":"Cultist","floor":4,"turns":3},{"damage":14,"enemies":"Lagavulin","floor":7,"turns":6},{"damage":6,"enemies":"Exordium Thugs","floor":8,"turns":4},{"damage":8,"enemies":"3 Sentries","floor":11,"turns":4},{"damage":12,"enemies":"Lagavulin","floor":13,"turns":5},{"damage":3,"enemies":"Red Slaver","floor":14,"turns":4},{"damage":16,"enemies":"Slime Boss","floor":16,"turns":9},{"damage":3,"enemies":"2 Thieves","floor":18,"turns":4},{"damage":3,"enemies":"3 Byrds","floor":19,"turns":3},{"damage":4,"enemies":"Shelled Parasite and Fungi","floor":20,"turns":5},{"damage":6,"enemies":"Cultist and Chosen","floor":21,"turns":5},{"damage":11,"enemies":"3 Cultists","floor":22,"turns":5},{"damage":10,"enemies":"Gremlin Leader","floor":24,"turns":6},{"damage":31,"enemies":"Snecko","floor":25,"turns":6},{"damage":8,"enemies":"Book of Stabbing","floor":31,"turns":6},{"damage":13,"enemies":"Automaton","floor":33,"turns":9},{"damage":3,"enemies":"Orb Walker","floor":35,"turns":3},{"damage":12,"enemies":"3 Shapes","floor":38,"turns":4},{"damage":24,"enemies":"Spire Growth","floor":39,"turns":5},{"damage":26,"enemies":"Reptomancer","floor":40,"turns":7},{"damage":22,"enemies":"4 Shapes","floor":41,"turns":4},{"damage":15,"enemies":"Jaw Worm Horde","floor":42,"turns":5},{"damage":32,"enemies":"Nemesis","floor":44,"turns":7},{"damage":53,"enemies":"Awakened One","floor":50,"turns":6},{"damage":37,"enemies":"Shield and Spear","floor":54,"turns":4},{"damage":67,"enemies":"The Heart","floor":55,"turns":8}],"seed_played":"9030040408783493012","potions_obtained":[{"floor":4,"key":"PowerPotion"},{"floor":8,"key":"BloodPotion"},{"floor":13,"key":"AttackPotion"},{"floor":14,"key":"Explosive Potion"},{"floor":16,"key":"LiquidBronze"},{"floor":19,"key":"Fire Potion"},{"floor":22,"key":"EntropicBrew"},{"floor":33,"key":"FearPotion"},{"floor":40,"key":"AttackPotion"}],"is_trial":false,"path_per_floor":["M","$","M","M","?","R","E","M","T","R","E","$","E","M","R","B",null,"M","M","M","M","M","R","E","M","T","R","$","R","?","E","R","B",null,"M","?","$","M","M","E","M","M","T","E","R","?","R","$","R","B",null,"R","$","E","B",null],"character_chosen":"IRONCLAD","items_purchased":["Shockwave","Combust","Metallicize","Oddly Smooth Stone","Pear","Heavy Blade","Happy Flower","Sling"],"campfire_rested":1,"item_purchase_floors":[2,2,12,12,28,28,37,48],"current_hp_per_floor":[70,70,69,74,74,74,66,66,66,66,64,64,58,61,61,51,68,71,74,77,80,78,78,74,53,53,79,89,89,89,97,97,99,101,105,105,105,109,101,106,118,125,125,124,124,124,124,124,124,120,137,137,137,118,102],"gold":45,"neow_bonus":"TRANSFORM_CARD","is_prod":false,"is_daily":false,"chose_seed":false,"campfire_upgraded":9,"win_rate":0,"timestamp":1552633099,"path_taken":["M","$","M","M","?","R","E","M","T","R","E","$","E","M","R","BOSS","M","M","M","M","M","R","E","M","T","R","$","R","?","E","R","BOSS","M","?","?","M","M","E","?","M","T","E","R","?","R","$","R","BOSS","R","$","E","BOSS"],"build_version":"2019-01-23","purchased_purges":0,"victory":true,"max_hp_per_floor":[80,80,80,80,74,74,74,74,74,74,74,74,74,74,74,74,74,74,74,77,80,83,83,83,87,87,87,97,97,97,97,97,101,101,105,105,105,109,113,117,121,125,125,143,143,143,143,143,143,143,143,143,143,147,147],"card_choices":[{"not_picked":["Wild Strike","Blood for Blood"],"picked":"Corruption","floor":1},{"not_picked":["Burning Pact","Perfected Strike"],"picked":"Headbutt","floor":3},{"not_picked":["Infernal Blade","Flex","Bloodletting"],"picked":"SKIP","floor":4},{"not_picked":["Entrench","Cleave"],"picked":"Warcry","floor":7},{"not_picked":["Thunderclap","Wild Strike"],"picked":"Shockwave","floor":8},{"not_picked":["Carnage","Warcry"],"picked":"Spot Weakness","floor":11},{"not_picked":["Rage","Clothesline"],"picked":"Feel No Pain","floor":13},{"not_picked":["Feel No Pain","Burning Pact"],"picked":"Demon Form","floor":14},{"not_picked":["Limit Break","Demon Form"],"picked":"Feed","floor":16},{"not_picked":["Blood for Blood","Wild Strike+1"],"picked":"Shrug It Off+1","floor":18},{"not_picked":["Wild Strike","Cleave","Clothesline"],"picked":"SKIP","floor":19},{"not_picked":["Sever Soul+1","Feel No Pain"],"picked":"True Grit","floor":20},{"not_picked":["Pommel Strike","Clash"],"picked":"Spot Weakness","floor":21},{"not_picked":["Clash","Pommel Strike","Clothesline"],"picked":"SKIP","floor":22},{"not_picked":["Immolate","Shrug It Off","True Grit+1"],"picked":"SKIP","floor":24},{"not_picked":["Twin Strike+1","Hemokinesis"],"picked":"Sentinel","floor":25},{"not_picked":["Entrench","Warcry","Sword Boomerang"],"picked":"SKIP","floor":31},{"not_picked":["Demon Form","Exhume","Berserk"],"picked":"Reaper","floor":33},{"not_picked":["Clash+1","Body Slam+1","Flex","Heavy Blade"],"picked":"SKIP","floor":35},{"not_picked":["Cleave","Clash","Clothesline","Twin Strike"],"picked":"SKIP","floor":38},{"not_picked":["Thunderclap","Cleave+1","Pummel+1","Clash+1"],"picked":"SKIP","floor":39},{"not_picked":["Pommel Strike","Dual Wield","Metallicize"],"picked":"Anger+1","floor":40},{"not_picked":["Pommel Strike","Perfected Strike+1","Whirlwind"],"picked":"Shockwave+1","floor":41},{"not_picked":["Twin Strike","True Grit+1","Thunderclap+1"],"picked":"Dark Embrace","floor":42},{"not_picked":["Clothesline+1","Thunderclap","Sentinel"],"picked":"Disarm+1","floor":44},{"not_picked":["Feed","Dual Wield","Reckless Charge"],"picked":"Battle Trance+1","floor":54}],"player_experience":389207,"relics_obtained":[{"floor":7,"key":"Thread and Needle"},{"floor":9,"key":"Kunai"},{"floor":11,"key":"Omamori"},{"floor":13,"key":"Nunchaku"},{"floor":24,"key":"Matryoshka"},{"floor":26,"key":"Dodecahedron"},{"floor":26,"key":"Self Forming Clay"},{"floor":31,"key":"Question Card"},{"floor":40,"key":"Letter Opener"},{"floor":43,"key":"Smiling Mask"},{"floor":44,"key":"Mango"},{"floor":54,"key":"War Paint"}],"event_choices":[{"damage_healed":0,"gold_gain":0,"player_choice":"Lose Max HP","damage_taken":0,"relics_obtained":["Golden Idol"],"max_hp_gain":0,"max_hp_loss":6,"event_name":"Golden Idol","floor":5,"gold_loss":0},{"damage_healed":0,"gold_gain":0,"player_choice":"Gave Potion","damage_taken":0,"relics_obtained":["Bird Faced Urn"],"max_hp_gain":0,"max_hp_loss":0,"event_name":"WeMeetAgain","floor":30,"gold_loss":0},{"damage_healed":0,"gold_gain":0,"cards_transformed":["Defend_R"],"player_choice":"Transformed","damage_taken":0,"max_hp_gain":0,"max_hp_loss":0,"event_name":"Transmorgrifier","floor":36,"gold_loss":0,"cards_obtained":["Hemokinesis"]},{"damage_healed":0,"gold_gain":0,"player_choice":"Rummage","damage_taken":0,"relics_obtained":["WarpedTongs"],"max_hp_gain":0,"max_hp_loss":0,"event_name":"Accursed Blacksmith","floor":46,"gold_loss":0,"cards_obtained":["Pain"]}],"is_beta":false,"boss_relics":[{"not_picked":["Ectoplasm","Busted Crown"],"picked":"Snecko Eye"},{"not_picked":["Pandora\u0027s Box","Calling Bell"],"picked":"Cursed Key"}],"items_purged_floors":[],"is_endless":false,"potions_floor_spawned":[4,8,13,14,16,18,19,22,25,33,40,41,42,54],"ascension_level":11}