{"gold_per_floor":[116,116,116,116,139,174,189,207,507,507,71,105,105,121,121,217,217,195,195,24,24,38,38],"floor_reached":23,"playtime":1206,"items_purged":[],"score":448,"play_id":"fe83a1e0-c812-46d7-ad1b-ee82f75520c9","local_time":"20190423081820","is_ascension_mode":true,"campfire_choices":[{"data":"Bash","floor":10,"key":"SMITH"},{"data":"Corruption","floor":13,"key":"SMITH"},{"data":"Bash","floor":15,"key":"SMITH"}],"neow_cost":"NONE","seed_source_timestamp":6395342018917,"circlet_count":0,"master_deck":["AscendersBane","Strike_R+1","Strike_R+1","Strike_R+1","Strike_R+1","Strike_R+1","Defend_R+1","Defend_R+1","Defend_R+1","Defend_R+1","Bash+1","Armaments+1","Exhume","Bash+1","Corruption+1","Flame Barrier","Carnage","Sever Soul","Fiend Fire","Battle Trance","Headbutt","Flame Barrier","Demon Form","Metallicize","Anger","Writhe","Iron Wave+1","Feel No Pain"],"relics":["Burning Blood","NeowsBlessing","Golden Idol","Thread and Needle","Old Coin","Torii","Prayer Wheel","Runic Cube","Matryoshka","Bag of Marbles"],"potions_floor_usage":[22],"damage_taken":[{"damage":0,"enemies":"Jaw Worm","floor":1,"turns":1},{"damage":0,"enemies":"Small Slimes","floor":5,"turns":1},{"damage":0,"enemies":"Gremlin Nob","floor":6,"turns":1},{"damage":0,"enemies":"Cultist","floor":7,"turns":4},{"damage":15,"enemies":"Large Slime","floor":8,"turns":6},{"damage":27,"enemies":"Lagavulin","floor":12,"turns":7},{"damage":1,"enemies":"2 Fungi Beasts","floor":14,"turns":4},{"damage":7,"enemies":"The Guardian","floor":16,"turns":12},{"damage":19,"enemies":"2 Thieves","floor":18,"turns":5},{"damage":1,"enemies":"Chosen","floor":22,"turns":5},{"damage":52,"enemies":"Slavers","floor":23,"turns":5}],"seed_played":"2043537340285870465","potions_obtained":[{"floor":1,"key":"GamblersBrew"},{"floor":5,"key":"Strength Potion"},{"floor":12,"key":"Swift Potion"},{"floor":18,"key":"PowerPotion"}],"is_trial":false,"path_per_floor":["M","?","?","?","M","E","M","M","T","R","$","E","R","M","R","B",null,"M","?","$","?","M","E"],"character_chosen":"IRONCLAD","items_purchased":["Fiend Fire","Torii","Bag of Marbles"],"campfire_rested":0,"item_purchase_floors":[11,11,20],"current_hp_per_floor":[74,51,51,51,57,63,68,59,59,59,59,38,38,43,43,42,62,49,49,49,49,54,2],"gold":38,"neow_bonus":"THREE_ENEMY_KILL","is_prod":false,"is_daily":false,"chose_seed":false,"campfire_upgraded":3,"win_rate":0,"timestamp":1556000300,"path_taken":["M","?","?","?","?","E","M","M","T","R","$","E","R","M","R","BOSS","M","?","$","?","M","E"],"build_version":"2019-01-23","purchased_purges":0,"victory":false,"max_hp_per_floor":[75,75,68,68,68,68,68,68,68,68,68,68,68,68,68,68,68,68,68,68,68,68,68],"card_choices":[{"not_picked":["Perfected Strike","Searing Blow"],"picked":"Armaments","floor":1},{"not_picked":["Armaments","True Grit"],"picked":"Corruption","floor":5},{"not_picked":["Infernal Blade","Evolve"],"picked":"Flame Barrier","floor":6},{"not_picked":["Reckless Charge","Bloodletting"],"picked":"Carnage","floor":7},{"not_picked":["Clash","Perfected Strike"],"picked":"Sever Soul","floor":8},{"not_picked":["Headbutt","Searing Blow"],"picked":"Battle Trance","floor":12},{"not_picked":["Twin Strike","True Grit"],"picked":"Headbutt","floor":14},{"not_picked":["Headbutt","Wild Strike"],"picked":"Flame Barrier","floor":14},{"not_picked":["Berserk","Impervious"],"picked":"Demon Form","floor":16},{"not_picked":["Perfected Strike","Combust"],"picked":"Metallicize","floor":18},{"not_picked":["Cleave","Pummel"],"picked":"Anger","floor":18},{"not_picked":["Entrench","Perfected Strike"],"picked":"Iron Wave+1","floor":22},{"not_picked":["Battle Trance","Searing Blow"],"picked":"Feel No Pain","floor":22}],"player_experience":605994,"relics_obtained":[{"floor":6,"key":"Thread and Needle"},{"floor":9,"key":"Old Coin"},{"floor":12,"key":"Prayer Wheel"}],"event_choices":[{"damage_healed":0,"gold_gain":0,"player_choice":"Entered Light","damage_taken":23,"max_hp_gain":0,"max_hp_loss":0,"event_name":"Shining Light","floor":2,"gold_loss":0,"cards_upgraded":["Strike_R","Armaments"]},{"damage_healed":0,"gold_gain":0,"player_choice":"Lose Max HP","damage_taken":0,"relics_obtained":["Golden Idol"],"max_hp_gain":0,"max_hp_loss":7,"event_name":"Golden Idol","floor":3,"gold_loss":0},{"damage_healed":0,"gold_gain":0,"player_choice":"2 cards matched","damage_taken":0,"max_hp_gain":0,"max_hp_loss":0,"event_name":"Match and Keep!","floor":4,"gold_loss":0,"cards_obtained":["Exhume","Bash"]},{"damage_healed":0,"gold_gain":0,"player_choice":"Opened","damage_taken":0,"relics_obtained":["Matryoshka"],"max_hp_gain":0,"max_hp_loss":0,"event_name":"The Mausoleum","floor":19,"gold_loss":0,"cards_obtained":["Writhe"]},{"damage_healed":0,"gold_gain":0,"player_choice":"Simplicity","damage_taken":0,"max_hp_gain":0,"max_hp_loss":0,"event_name":"Back to Basics","floor":21,"gold_loss":0,"cards_upgraded":["Strike_R","Strike_R","Strike_R","Strike_R","Defend_R","Defend_R","Defend_R","Defend_R"]}],"is_beta":false,"boss_relics":[{"not_picked":["Astrolabe","Busted Crown"],"picked":"Runic Cube"}],"items_purged_floors":[],"is_endless":false,"potions_floor_spawned":[1,5,8,12,18],"killed_by":"Slavers","ascension_level":20}