{"gold_per_floor":[217,52,52,52,71,71,96,108,120,152,164,189,211,235,247,259],"floor_reached":16,"playtime":1032,"items_purged":[],"score":199,"play_id":"49ca4b01-8da6-4c61-8977-40c55f7d4d18","local_time":"20190917140605","is_ascension_mode":true,"campfire_choices":[{"data":"Dagger Spray","floor":6.0,"key":"SMITH"},{"floor":11,"key":"REST"},{"floor":15,"key":"REST"}],"neow_cost":"NONE","seed_source_timestamp":260184205430400,"circlet_count":0,"master_deck":["AscendersBane","Strike_G","Strike_G","Strike_G","Strike_G","Strike_G","Defend_G","Defend_G","Defend_G","Defend_G","Defend_G","Survivor","Neutralize+1","Dagger Spray+1","Backflip","Sucker Punch","Footwork","Quick Slash","Die Die Die","Deadly Poison"],"special_seed":0,"relics":["Ring of the Snake","TwistedFunnel","MawBank","White Beast Statue"],"potions_floor_usage":[7,16,16],"damage_taken":[{"damage":3.0,"enemies":"2 Louse","floor":1.0,"turns":3.0},{"damage":0.0,"enemies":"Cultist","floor":5.0,"turns":3.0},{"damage":30,"enemies":"Gremlin Nob","floor":7,"turns":4},{"damage":4,"enemies":"Jaw Worm","floor":10,"turns":3},{"damage":0,"enemies":"Looter","floor":12,"turns":4},{"damage":3,"enemies":"Large Slime","floor":13,"turns":5},{"damage":2,"enemies":"Blue Slaver","floor":14,"turns":4},{"damage":55,"enemies":"Slime Boss","floor":16,"turns":7}],"seed_played":"8588895943045138419","potions_obtained":[{"floor":5.0,"key":"SteroidPotion"},{"floor":7,"key":"LiquidBronze"},{"floor":10,"key":"Explosive Potion"},{"floor":12,"key":"Block Potion"}],"is_trial":false,"path_per_floor":["M","$","?","$","M","R","E","$","T","M","R","M","M","M","R","B"],"character_chosen":"THE_SILENT","items_purchased":["TwistedFunnel"],"campfire_rested":2,"item_purchase_floors":[2],"current_hp_per_floor":[56,56,56,56,56,56,26,26,26,22,41,41,38,36,55,0],"gold":259,"neow_bonus":"HUNDRED_GOLD","is_prod":false,"is_daily":false,"chose_seed":false,"campfire_upgraded":1,"win_rate":0,"timestamp":1568747165,"path_taken":["M","$","?","?","?","R","E","$","T","M","R","M","M","M","R","BOSS"],"build_version":"2019-09-17","purchased_purges":0,"victory":false,"max_hp_per_floor":[66,66,66,66,66,66,66,66,66,66,66,66,66,66,66,66],"card_choices":[{"not_picked":["Cloak And Dagger","Distraction"],"picked":"Dagger Spray","floor":1.0},{"not_picked":["Poisoned Stab","Dagger Throw"],"picked":"Backflip","floor":5.0},{"not_picked":["Blade Dance","Flying Knee"],"picked":"Sucker Punch","floor":7},{"not_picked":["Expertise","Distraction"],"picked":"Footwork","floor":10},{"not_picked":["Bane","Blade Dance"],"picked":"Quick Slash","floor":12},{"not_picked":["Flechettes","Underhanded Strike"],"picked":"Die Die Die","floor":13},{"not_picked":["Prepared","Flying Knee"],"picked":"Deadly Poison","floor":14}],"player_experience":1365129,"relics_obtained":[{"floor":7,"key":"MawBank"},{"floor":9,"key":"White Beast Statue"}],"event_choices":[{"damage_healed":0.0,"max_hp_gain":0.0,"max_hp_loss":0.0,"gold_gain":0.0,"event_name":"Accursed Blacksmith","player_choice":"Forge","floor":3.0,"gold_loss":0.0,"damage_taken":0.0,"cards_upgraded":["Neutralize"]}],"is_beta":true,"boss_relics":[],"items_purged_floors":[],"is_endless":false,"potions_floor_spawned":[5,7,10,12,13,14],"killed_by":"Slime Boss","ascension_level":19}