{"gold_per_floor":[18,18,193,203,203,203,236,236,236,253,253,281,281,313,313,409,409,426,215,215,247,346,373,383,383,383,399,4,4,4,23,23,127,127,138,13,29,29,41,41,41,41,41,71,71,100,110,135,135,135,135,135,54,89,89],"floor_reached":56,"playtime":6587,"items_purged":["Doubt","Defend_B","Defend_B"],"score":1740,"play_id":"0c74091d-29ce-4e17-a6c3-75c962a5df9b","local_time":"20190324125203","is_ascension_mode":true,"campfire_choices":[{"data":"Dualcast","floor":6.0,"key":"SMITH"},{"data":"Recycle","floor":8.0,"key":"SMITH"},{"data":"Glacier","floor":11.0,"key":"SMITH"},{"data":"Skim","floor":13.0,"key":"SMITH"},{"data":"Static Discharge","floor":15.0,"key":"SMITH"},{"data":"Defragment","floor":25.0,"key":"SMITH"},{"data":"Fusion","floor":29.0,"key":"SMITH"},{"floor":32.0,"key":"REST"},{"data":"Chaos","floor":40.0,"key":"SMITH"},{"data":"Biased Cognition","floor":42.0,"key":"SMITH"},{"data":"Madness","floor":45.0,"key":"SMITH"},{"floor":49,"key":"RECALL"},{"data":"Reboot","floor":52,"key":"SMITH"}],"neow_cost":"NO_GOLD","seed_source_timestamp":0,"circlet_count":0,"master_deck":["Strike_B","Strike_B+1","Strike_B","Strike_B","Defend_B","Defend_B","Zap+1","Dualcast+1","Glacier+1","Rebound","Recycle+1","Ball Lightning","Skim+1","Static Discharge+1","Biased Cognition+1","Defragment+1","Chaos+1","Beam Cell","Sweeping Beam","Ghostly","Ghostly","Ghostly","Ghostly","Ghostly","Go for the Eyes","Darkness+1","Fusion+1","Steam","Storm","Reboot+1","Doom and Gloom","Turbo+1","Madness+1","Madness","Coolheaded+1","Echo Form","Darkness+1","PanicButton"],"special_seed":0,"relics":["FrozenCore","Emotion Chip","Anchor","Ornamental Fan","Blood Vial","Inserter","Red Mask","Bag of Marbles","FossilizedHelix","Nunchaku","Enchiridion","Happy Flower","Incense Burner","Prayer Wheel","Ice Cream"],"potions_floor_usage":[50,55,55],"damage_taken":[{"damage":2.0,"enemies":"Jaw Worm","floor":1.0,"turns":4.0},{"damage":7.0,"enemies":"2 Louse","floor":4.0,"turns":3.0},{"damage":9.0,"enemies":"3 Sentries","floor":7.0,"turns":11.0},{"damage":2.0,"enemies":"Small Slimes","floor":10.0,"turns":3.0},{"damage":26.0,"enemies":"Gremlin Nob","floor":12.0,"turns":5.0},{"damage":0.0,"enemies":"3 Sentries","floor":14.0,"turns":5.0},{"damage":17.0,"enemies":"Slime Boss","floor":16.0,"turns":7.0},{"damage":13.0,"enemies":"3 Byrds","floor":18.0,"turns":4.0},{"damage":4.0,"enemies":"Masked Bandits","floor":21.0,"turns":6.0},{"damage":4.0,"enemies":"Slavers","floor":23.0,"turns":4.0},{"damage":2.0,"enemies":"Shell Parasite","floor":24.0,"turns":4.0},{"damage":14.0,"enemies":"3 Cultists","floor":27.0,"turns":5.0},{"damage":0.0,"enemies":"Snecko","floor":31.0,"turns":7.0},{"damage":0.0,"enemies":"Champ","floor":33.0,"turns":9.0},{"damage":0.0,"enemies":"3 Shapes","floor":35.0,"turns":6.0},{"damage":0.0,"enemies":"3 Darklings","floor":37.0,"turns":7.0},{"damage":0.0,"enemies":"4 Shapes","floor":39.0,"turns":5.0},{"damage":5.0,"enemies":"Nemesis","floor":44.0,"turns":7.0},{"damage":3.0,"enemies":"Reptomancer","floor":46.0,"turns":9.0},{"damage":0.0,"enemies":"Spire Growth","floor":47.0,"turns":6.0},{"damage":0,"enemies":"Nemesis","floor":48,"turns":11},{"damage":16,"enemies":"Awakened One","floor":50,"turns":12},{"damage":0,"enemies":"Shield and Spear","floor":54,"turns":9},{"damage":18,"enemies":"The Heart","floor":55,"turns":9}],"seed_played":"-1380710172080763527","potions_obtained":[{"floor":7.0,"key":"Energy Potion"},{"floor":12.0,"key":"Explosive Potion"},{"floor":14.0,"key":"EntropicBrew"},{"floor":23.0,"key":"SteroidPotion"},{"floor":24.0,"key":"FairyPotion"},{"floor":31.0,"key":"EssenceOfSteel"},{"floor":37.0,"key":"Weak Potion"},{"floor":44.0,"key":"Dexterity Potion"},{"floor":46.0,"key":"Fire Potion"}],"is_trial":false,"path_per_floor":["M","?","?","M","?","R","E","R","T","M","R","E","R","E","R","B",null,"M","$","?","?","?","E","M","R","T","M","$","R","?","M","R","B",null,"M","$","M","$","M","R","?","R","T","E","R","E","M","E","R","B",null,"R","$","E","B",null],"character_chosen":"DEFECT","items_purchased":["Chaos","Beam Cell","Sweeping Beam","Nunchaku","PanicButton"],"campfire_rested":1,"item_purchase_floors":[19,19,19,28,53],"current_hp_per_floor":[80,62,62,55,84,84,75,75,75,73,73,47,47,47,47,32,75,64,64,44,40,40,38,38,38,38,26,26,26,10,12,25,27,40,42,42,44,44,44,44,38,38,38,35,35,34,36,38,38,24,39,39,39,41,25],"gold":89,"neow_bonus":"TWENTY_PERCENT_HP_BONUS","is_prod":false,"is_daily":false,"chose_seed":false,"campfire_upgraded":11,"win_rate":0,"timestamp":1553457123,"path_taken":["M","?","?","M","?","R","E","R","T","M","R","E","R","E","R","BOSS","M","$","?","?","?","E","?","R","T","M","$","R","?","M","R","BOSS","M","$","M","$","M","R","?","R","T","E","R","E","M","E","R","BOSS","R","$","E","BOSS"],"build_version":"2019-01-23","purchased_purges":3,"victory":true,"max_hp_per_floor":[89,89,89,89,89,89,89,89,89,89,89,89,89,89,89,89,89,89,89,44,44,44,44,44,44,44,44,44,44,44,44,44,44,44,44,44,44,44,44,44,44,44,44,44,44,44,44,44,44,44,44,44,44,44,44],"card_choices":[{"not_picked":["Gash","Redo"],"picked":"Glacier","floor":1.0},{"not_picked":["Heatsinks","Hologram"],"picked":"Rebound","floor":4.0},{"not_picked":["Hello World","Conserve Battery"],"picked":"Recycle","floor":7.0},{"not_picked":["Sweeping Beam","Redo"],"picked":"Ball Lightning","floor":10.0},{"not_picked":["Amplify","Conserve Battery"],"picked":"Skim","floor":12.0},{"not_picked":["Amplify","Undo"],"picked":"Static Discharge","floor":14.0},{"not_picked":["Meteor Strike","Buffer"],"picked":"Biased Cognition","floor":16.0},{"not_picked":["Go for the Eyes","Leap+1"],"picked":"Defragment","floor":18.0},{"not_picked":["Redo","Tempest"],"picked":"Go for the Eyes","floor":21.0},{"not_picked":["Storm","Scrape"],"picked":"Darkness+1","floor":23.0},{"not_picked":["Coolheaded","Sweeping Beam"],"picked":"Fusion","floor":24.0},{"not_picked":["Coolheaded","Beam Cell"],"picked":"Steam","floor":27.0},{"not_picked":["Rebound+1","Streamline"],"picked":"Storm","floor":31.0},{"not_picked":["Meteor Strike","Hyperbeam"],"picked":"Reboot","floor":33.0},{"not_picked":["Double Energy","Heatsinks"],"picked":"Doom and Gloom","floor":35.0},{"not_picked":["Capacitor+1","Leap+1"],"picked":"Turbo+1","floor":37.0},{"not_picked":["Cold Snap","Undo","Ball Lightning"],"picked":"SKIP","floor":39.0},{"not_picked":["Leap","Ball Lightning"],"picked":"Coolheaded+1","floor":44.0},{"not_picked":["Cold Snap","Turbo","Auto Shields"],"picked":"SKIP","floor":46.0},{"not_picked":["Glacier","Steam"],"picked":"Echo Form","floor":47.0},{"not_picked":["Streamline+1","Ball Lightning+1"],"picked":"Darkness+1","floor":48},{"not_picked":["Darkness","Turbo","Genetic Algorithm+1"],"picked":"SKIP","floor":54}],"player_experience":525079,"relics_obtained":[{"floor":7.0,"key":"Emotion Chip"},{"floor":9.0,"key":"Anchor"},{"floor":12.0,"key":"Ornamental Fan"},{"floor":14.0,"key":"Blood Vial"},{"floor":21.0,"key":"Red Mask"},{"floor":23.0,"key":"Bag of Marbles"},{"floor":26.0,"key":"FossilizedHelix"},{"floor":30.0,"key":"Enchiridion"},{"floor":44.0,"key":"Happy Flower"},{"floor":46.0,"key":"Incense Burner"},{"floor":48,"key":"Prayer Wheel"},{"floor":54,"key":"Ice Cream"}],"event_choices":[{"damage_healed":0.0,"max_hp_gain":0.0,"max_hp_loss":0.0,"gold_gain":0.0,"event_name":"Shining Light","player_choice":"Entered Light","floor":2.0,"gold_loss":0.0,"damage_taken":18.0,"cards_upgraded":["Strike_B","Zap"]},{"damage_healed":0.0,"max_hp_gain":0.0,"max_hp_loss":0.0,"gold_gain":175.0,"event_name":"Liars Game","player_choice":"AGREE","floor":3.0,"gold_loss":0.0,"damage_taken":0.0,"cards_obtained":["Doubt"]},{"damage_healed":29.0,"max_hp_gain":0.0,"max_hp_loss":0.0,"gold_gain":0.0,"event_name":"Big Fish","player_choice":"Banana","floor":5.0,"gold_loss":0.0,"damage_taken":0.0},{"damage_healed":0.0,"max_hp_gain":0.0,"max_hp_loss":45.0,"gold_gain":0.0,"event_name":"Ghosts","player_choice":"Became a Ghost","floor":20.0,"gold_loss":0.0,"damage_taken":0.0,"cards_obtained":["Ghostly","Ghostly","Ghostly","Ghostly","Ghostly"]},{"damage_healed":0.0,"max_hp_gain":0.0,"max_hp_loss":0.0,"gold_gain":0.0,"event_name":"Masked Bandits","player_choice":"Fought Bandits","floor":21.0,"gold_loss":0.0,"damage_taken":0.0},{"damage_healed":0.0,"max_hp_gain":0.0,"max_hp_loss":0.0,"gold_gain":99.0,"event_name":"Nest","player_choice":"Stole From Cult","floor":22.0,"gold_loss":0.0,"damage_taken":0.0},{"damage_healed":0.0,"max_hp_gain":0.0,"max_hp_loss":0.0,"gold_gain":0.0,"event_name":"Cursed Tome","player_choice":"Obtained Book","floor":30.0,"gold_loss":0.0,"damage_taken":16.0},{"damage_healed":0.0,"max_hp_gain":0.0,"max_hp_loss":0.0,"gold_gain":0.0,"event_name":"Winding Halls","player_choice":"Embrace Madness","floor":41.0,"gold_loss":0.0,"damage_taken":6.0,"cards_obtained":["Madness","Madness"]}],"is_beta":false,"boss_relics":[{"not_picked":["Orrery","Coffee Dripper"],"picked":"Inserter"},{"not_picked":["Lizard Tail","Fusion Hammer"],"picked":"FrozenCore"}],"items_purged_floors":[19,28,36],"is_endless":false,"potions_floor_spawned":[7,12,14,23,24,31,37,44,46],"ascension_level":7}