{"gold_per_floor":[112,130,146,96,22,22,50,65,136,136,165,165,184,197,197,299,299,318,26,46,61,75,104,104],"floor_reached":24,"playtime":2447,"items_purged":[],"score":408,"play_id":"12286d1a-cc21-4394-9b1d-0698cca81537","local_time":"20190824014844","is_ascension_mode":true,"campfire_choices":[{"data":"Noxious Fumes","floor":6,"key":"SMITH"},{"data":"Neutralize","floor":10,"key":"SMITH"},{"data":"After Image","floor":12,"key":"SMITH"},{"floor":15,"key":"REST"}],"neow_cost":"CURSE","seed_source_timestamp":662077757746331,"circlet_count":0,"master_deck":["AscendersBane","Survivor","Neutralize+1","After Image+1","Flying Knee","Sucker Punch","Flying Knee","Noxious Fumes+1","Cloak And Dagger","PiercingWail","Malaise","Sucker Punch","Acrobatics","Die Die Die","A Thousand Cuts","Masterful Stab","Tactician","Tactician","Quick Slash","Bullet Time","Underhanded Strike","Die Die Die","Setup","Caltrops","Infinite Blades","Well Laid Plans","Dagger Spray","Poisoned Stab","Dagger Throw","Cloak And Dagger","Leg Sweep","Footwork"],"relics":["Ring of the Snake","Calipers","Gremlin Horn","Pen Nib","Pandora\u0027s Box","Lantern","Torii"],"potions_floor_usage":[7,11,13,16,23],"damage_taken":[{"damage":8,"enemies":"Cultist","floor":1,"turns":5},{"damage":1,"enemies":"Jaw Worm","floor":2,"turns":6},{"damage":2,"enemies":"Small Slimes","floor":3,"turns":4},{"damage":0,"enemies":"Lagavulin","floor":7,"turns":8},{"damage":3,"enemies":"Blue Slaver","floor":8,"turns":4},{"damage":12,"enemies":"Gremlin Nob","floor":11,"turns":6},{"damage":2,"enemies":"Exordium Thugs","floor":13,"turns":6},{"damage":15,"enemies":"Gremlin Gang","floor":14,"turns":5},{"damage":21,"enemies":"Slime Boss","floor":16,"turns":12},{"damage":10,"enemies":"Shell Parasite","floor":18,"turns":6},{"damage":2,"enemies":"3 Byrds","floor":20,"turns":3},{"damage":14,"enemies":"Centurion and Healer","floor":21,"turns":6},{"damage":11,"enemies":"Snecko","floor":22,"turns":5},{"damage":11,"enemies":"Slavers","floor":23,"turns":3},{"damage":17,"enemies":"Snake Plant","floor":24,"turns":1}],"seed_played":"3537339336874334065","potions_obtained":[{"floor":1,"key":"EssenceOfSteel"},{"floor":3,"key":"LiquidBronze"},{"floor":8,"key":"PowerPotion"},{"floor":11,"key":"Block Potion"},{"floor":14,"key":"FairyPotion"},{"floor":16,"key":"Explosive Potion"},{"floor":18,"key":"SteroidPotion"},{"floor":23,"key":"SteroidPotion"}],"is_trial":false,"path_per_floor":["M","M","M","?","$","R","E","M","T","R","E","R","M","M","R","B",null,"M","$","M","M","M","E","M"],"character_chosen":"THE_SILENT","items_purchased":["Noxious Fumes","Lantern","Well Laid Plans","Dagger Spray","Poisoned Stab"],"campfire_rested":1,"item_purchase_floors":[5,19,19,19,19],"current_hp_per_floor":[55,54,52,52,52,52,52,49,49,49,37,37,35,20,41,20,58,48,48,46,32,21,10,0],"gold":104,"neow_bonus":"THREE_RARE_CARDS","is_prod":false,"is_daily":false,"chose_seed":false,"campfire_upgraded":3,"win_rate":0,"timestamp":1566625724,"path_taken":["M","M","?","?","$","R","E","M","T","R","E","R","M","M","R","BOSS","M","$","M","M","M","E","M"],"build_version":"2019-07-17","purchased_purges":0,"victory":false,"max_hp_per_floor":[70,70,70,70,70,70,70,70,70,70,70,70,70,70,70,70,70,70,70,70,70,70,70,70],"card_choices":[{"not_picked":["Doppelganger","Unload"],"picked":"After Image","floor":0},{"not_picked":["Bane","Slice"],"picked":"Flying Knee","floor":1},{"not_picked":["Blade Dance","Quick Slash"],"picked":"Sucker Punch","floor":2},{"not_picked":["Backflip","Heel Hook"],"picked":"Flying Knee","floor":3},{"not_picked":["Prepared","Skewer"],"picked":"Cloak And Dagger","floor":7},{"not_picked":["Finisher","Dagger Throw"],"picked":"PiercingWail","floor":8},{"not_picked":["Deflect","Bullet Time"],"picked":"Malaise","floor":11},{"not_picked":["Underhanded Strike","Choke"],"picked":"Sucker Punch","floor":13},{"not_picked":["Outmaneuver","Bane"],"picked":"Acrobatics","floor":14},{"not_picked":["Doppelganger","Tools of the Trade"],"picked":"Die Die Die","floor":16},{"not_picked":["Sucker Punch","Blade Dance"],"picked":"Infinite Blades","floor":18},{"not_picked":["Cloak And Dagger","Prepared"],"picked":"Dagger Throw","floor":20},{"not_picked":["Slice","Dodge and Roll"],"picked":"Cloak And Dagger","floor":21},{"not_picked":["Quick Slash","Predator"],"picked":"Leg Sweep","floor":22},{"not_picked":["Die Die Die","Caltrops+1"],"picked":"Footwork","floor":23}],"player_experience":488513,"relics_obtained":[{"floor":7,"key":"Calipers"},{"floor":9,"key":"Gremlin Horn"},{"floor":11,"key":"Pen Nib"},{"floor":23,"key":"Torii"}],"event_choices":[{"cards_removed":["Decay"],"damage_healed":0,"gold_gain":0,"player_choice":"Card Removal","damage_taken":0,"max_hp_gain":0,"max_hp_loss":0,"event_name":"The Cleric","floor":4,"gold_loss":50}],"is_beta":false,"boss_relics":[{"not_picked":["Calling Bell","White Beast Statue"],"picked":"Pandora\u0027s Box"}],"items_purged_floors":[],"is_endless":false,"potions_floor_spawned":[1,3,8,11,14,16,18,23],"killed_by":"Snake Plant","ascension_level":12}