{"path_per_floor":["M","M","$","M","?","E","R","M","T","$","M","M","R","M","R","B",null,"M","?","M","?","M","R","T","R","T","M","M","R"],"character_chosen":"DEFECT","items_purchased":["FTL","Turbo","Tempest"],"gold_per_floor":[217,236,163,180,145,177,177,195,249,122,133,147,147,160,160,263,263,274,274,287,212,223,223,223,223,223,233,248,248,248],"floor_reached":30,"campfire_rested":1,"playtime":1129,"current_hp_per_floor":[74,66,66,65,75,60,60,54,54,54,46,37,37,37,37,12,75,65,65,40,40,25,25,25,25,25,12,2,24,0],"items_purged":[],"gold":248,"score":234,"play_id":"190abb9c-e166-4556-96ce-671e5d39551b","local_time":"20180428191632","is_prod":false,"is_daily":false,"chose_seed":false,"is_ascension_mode":false,"campfire_upgraded":5,"timestamp":1524957392,"path_taken":["M","M","$","M","?","E","R","M","T","$","M","M","R","M","R","BOSS","M","?","M","?","M","R","?","R","T","M","M","R","E"],"build_version":"2018-04-27v3","seed_source_timestamp":2402429715757526,"purchased_purges":1,"victory":false,"master_deck":["Strike_B","Strike_B","Strike_B","Defend_B","Defend_B","Defend_B","Defend_B","Zap","Dualcast","Loop","Chill","FTL","Reinforced Body","Cold Snap+1","Darkness+1","Turbo","Tempest","Double Energy","Blizzard+1","Hologram+1","Multi-Cast","Beam Cell+1","Ball Lightning","Axe Kick","Coolheaded+1","Impulse+1"],"max_hp_per_floor":[75,75,75,75,75,75,75,75,75,75,75,75,75,75,75,75,75,75,75,75,75,75,75,75,75,75,75,75,75,75],"relics":["Cracked Core","Dodecahedron","Juzu Bracelet","Runic Dome","Toxic Egg 2","Mercury Hourglass"],"card_choices":[{"not_picked":["Axe Kick","Leap"],"picked":"Loop","floor":1},{"not_picked":["Beam Cell","Blizzard"],"picked":"Chill","floor":2},{"not_picked":["Go for the Eyes","Sweeping Beam"],"picked":"Reinforced Body","floor":4},{"not_picked":["Scrape","Leap"],"picked":"Cold Snap","floor":6},{"not_picked":["Rebound","Streamline"],"picked":"Darkness","floor":8},{"not_picked":["Reprogram","Reboot"],"picked":"Double Energy","floor":11},{"not_picked":["Beam Cell","Stack"],"picked":"Blizzard","floor":12},{"not_picked":["Impulse","Stack"],"picked":"Hologram","floor":14},{"not_picked":["Thunder Strike","Prime"],"picked":"Multi-Cast","floor":16},{"not_picked":["Hologram","Leap"],"picked":"Beam Cell","floor":18},{"not_picked":["Beam Cell","Streamline"],"picked":"Ball Lightning","floor":20},{"not_picked":["Sunder","Stack"],"picked":"Axe Kick","floor":22},{"not_picked":["Capacitor","Static Discharge"],"picked":"Coolheaded","floor":27},{"not_picked":["Flux Capacitor","Axe Kick"],"picked":"Impulse","floor":28}],"player_experience":406769,"potions_floor_usage":[16,30,30],"damage_taken":[{"damage":1,"enemies":"Jaw Worm","floor":1,"turns":4},{"damage":8,"enemies":"Small Slimes","floor":2,"turns":4},{"damage":1,"enemies":"2 Louse","floor":4,"turns":2},{"damage":15,"enemies":"3 Sentries","floor":6,"turns":12},{"damage":6,"enemies":"Red Slaver","floor":8,"turns":4},{"damage":8,"enemies":"Exordium Wildlife","floor":11,"turns":4},{"damage":9,"enemies":"2 Fungi Beasts","floor":12,"turns":4},{"damage":0,"enemies":"3 Louse","floor":14,"turns":4},{"damage":25,"enemies":"The Guardian","floor":16,"turns":12},{"damage":10,"enemies":"3 Byrds","floor":18,"turns":4},{"damage":25,"enemies":"Shell Parasite","floor":20,"turns":7},{"damage":15,"enemies":"Snecko","floor":22,"turns":5},{"damage":13,"enemies":"Sentry and Sphere","floor":27,"turns":4},{"damage":10,"enemies":"Cultist and Chosen","floor":28,"turns":3},{"damage":26,"enemies":"Slavers","floor":30,"turns":4}],"event_choices":[{"event_name":"The Cleric","player_choice":"Healed","floor":5,"damage_taken":0},{"event_name":"Ghosts","player_choice":"Ignored","floor":19,"damage_taken":0},{"event_name":"Beggar","player_choice":"Gave Gold","floor":21,"damage_taken":0}],"boss_relics":[{"not_picked":["Runic Pyramid","Inserter"],"picked":"Runic Dome"}],"potions_floor_spawned":[4,6,8,20,22,27],"seed_played":"-3566708798434928552","killed_by":"Slavers","ascension_level":0,"is_trial":false}