{"path_per_floor":["M","?","M","M","$","R","M","R","T","?","R","M","M","M","R","B",null,"M","M","?","$","M","R","M","?","T","M","M","?","R","M","R","B",null,"M","?","?","$","M","R","?","R","T","M","R","$","M","M","R"],"character_chosen":"IRONCLAD","items_purchased":["Bag of Marbles","Bottled Lightning","Battle Trance"],"gold_per_floor":[117,117,136,153,7,7,18,18,18,18,18,32,46,59,59,163,163,173,189,189,114,129,129,139,139,139,157,176,176,176,186,186,288,288,304,304,304,59,71,71,71,71,71,89,89,18,36,51,51,51],"floor_reached":50,"campfire_rested":3,"playtime":1163,"current_hp_per_floor":[40,24,27,33,33,33,29,53,53,53,53,53,52,47,71,58,80,76,78,78,78,47,71,50,50,50,43,41,80,80,80,80,15,80,80,80,70,70,72,72,72,72,72,75,75,75,66,60,60,0],"items_purged":["Defend_R"],"gold":51,"score":438,"play_id":"c6b115e3-9146-468a-b856-1a404d8818ea","local_time":"20180410234003","is_prod":false,"is_daily":false,"is_ascension_mode":false,"campfire_upgraded":5,"timestamp":1523418003,"path_taken":["M","?","?","M","$","R","M","R","T","?","R","M","?","M","R","BOSS","M","M","?","$","M","R","M","?","T","?","?","?","R","M","R","BOSS","M","?","?","$","M","R","?","R","T","M","R","$","M","M","R","BOSS"],"build_version":"2018-04-05v2","purchased_purges":1,"victory":false,"master_deck":["Strike_R","Strike_R","Strike_R+1","Strike_R","Bash+1","Disarm+1","Intimidate+1","Clash","Offering+1","Limit Break+1","Clash","Thunderclap","Whirlwind+1","Bloodletting","Clash","True Grit+1","Madness","Madness","Flex","Battle Trance","Seeing Red+1"],"max_hp_per_floor":[80,80,80,80,80,80,80,80,80,80,80,80,80,80,80,80,80,80,80,80,80,80,80,80,80,80,80,80,80,80,80,80,80,80,80,80,80,80,80,80,80,80,80,80,80,80,80,80,80,80],"relics":["Black Blood","Bag of Marbles","Orichalcum","Orrery","Girya","Bottled Lightning","Calipers"],"card_choices":[{"not_picked":["Rage","Sever Soul"],"picked":"Disarm","floor":1},{"not_picked":["Rupture","Cleave"],"picked":"Intimidate","floor":4},{"not_picked":["Heavy Blade","Shockwave"],"picked":"Searing Blow","floor":12},{"not_picked":["Cleave","Rupture"],"picked":"Clash","floor":13},{"not_picked":["Headbutt","Inflame"],"picked":"Offering","floor":14},{"not_picked":["Barricade","Juggernaut"],"picked":"Limit Break","floor":16},{"not_picked":["Seeing Red","Rage"],"picked":"Clash","floor":17},{"not_picked":["Second Wind","Perfected Strike"],"picked":"Thunderclap","floor":17},{"not_picked":["True Grit","Uppercut"],"picked":"Whirlwind","floor":17},{"not_picked":["Carnage","Shrug It Off"],"picked":"Bloodletting","floor":19},{"not_picked":["Clothesline","Fiend Fire"],"picked":"Clash","floor":24},{"not_picked":["Perfected Strike","Wild Strike"],"picked":"True Grit","floor":35},{"not_picked":["Perfected Strike","Cleave"],"picked":"Flex","floor":44},{"not_picked":["Anger","Flame Barrier"],"picked":"Seeing Red","floor":48}],"player_experience":337177,"potions_floor_usage":[33,50,50,50],"damage_taken":[{"damage":6,"enemies":"2 Louse","floor":1,"turns":3},{"damage":3,"enemies":"Jaw Worm","floor":3,"turns":4},{"damage":0,"enemies":"Small Slimes","floor":4,"turns":3},{"damage":10,"enemies":"Looter","floor":7,"turns":3},{"damage":6,"enemies":"Gremlin Gang","floor":12,"turns":4},{"damage":7,"enemies":"Red Slaver","floor":13,"turns":2},{"damage":11,"enemies":"Exordium Thugs","floor":14,"turns":4},{"damage":19,"enemies":"Slime Boss","floor":16,"turns":9},{"damage":10,"enemies":"Shell Parasite","floor":18,"turns":2},{"damage":4,"enemies":"Chosen","floor":19,"turns":2},{"damage":37,"enemies":"Slaver and Parasite","floor":22,"turns":4},{"damage":27,"enemies":"Snecko","floor":24,"turns":6},{"damage":13,"enemies":"Centurion and Healer","floor":27,"turns":4},{"damage":8,"enemies":"Cultist and Chosen","floor":28,"turns":4},{"damage":5,"enemies":"Snecko","floor":31,"turns":3},{"damage":71,"enemies":"Collector","floor":33,"turns":7},{"damage":7,"enemies":"3 Darklings","floor":35,"turns":1},{"damage":8,"enemies":"Orb Walker","floor":39,"turns":2},{"damage":7,"enemies":"3 Darklings","floor":44,"turns":1},{"damage":19,"enemies":"Maw","floor":47,"turns":4},{"damage":16,"enemies":"4 Shapes","floor":48,"turns":1},{"damage":68,"enemies":"Awakened One","floor":50,"turns":5}],"event_choices":[{"event_name":"Shining Light","player_choice":"Entered Light","floor":2,"damage_taken":0},{"event_name":"Purifier","player_choice":"One Purge","floor":10,"damage_taken":0},{"event_name":"Drug Dealer","player_choice":"Ignored","floor":20,"damage_taken":0},{"event_name":"Vampires","player_choice":"Ignored","floor":25,"damage_taken":0},{"event_name":"Bonfire Elementals","player_choice":"UNCOMMON","floor":29,"damage_taken":0},{"event_name":"Purifier","player_choice":"One Purge","floor":36,"damage_taken":0},{"event_name":"Winding Halls","player_choice":"Embrace Madness","floor":37,"damage_taken":0},{"event_name":"Mysterious Sphere","player_choice":"Ignore","floor":41,"damage_taken":0}],"boss_relics":[{"not_picked":["Black Star","Velvet Choker"],"picked":"Orrery"},{"not_picked":["White Beast Statue","Calling Bell"],"picked":"Black Blood"}],"potions_floor_spawned":[1,3,16,22,28,31,33,44],"seed_played":"-6247485933265984139","killed_by":"Awakened One","ascension_level":0,"is_trial":false}