{"gold_per_floor":[367,367,41,57,57,93,93,106,154,174,174,210,225,241,241,367,367,381,176,200,4,4,43,43,43,121,161,161,161,179,195,195,296,296,307,67,81,81,12,37,37,56,83,100,100,118,128,146,146,146],"floor_reached":51,"playtime":2019,"items_purged":["Strike_B"],"score":990,"play_id":"01ddcc46-9f99-4021-9d30-a28ae439c8d3","local_time":"20181228041953","is_ascension_mode":true,"campfire_choices":[{"data":"Apotheosis","floor":7,"key":"SMITH"},{"data":"Biased Cognition","floor":11,"key":"SMITH"},{"floor":15,"key":"REST"},{"floor":24,"key":"REST"},{"data":"Seek","floor":29,"key":"SMITH"},{"floor":32,"key":"REST"},{"floor":41,"key":"REST"},{"floor":45,"key":"REST"},{"data":"Machine Learning","floor":49,"key":"SMITH"}],"neow_cost":"TEN_PERCENT_HP_LOSS","seed_source_timestamp":641257998890395,"circlet_count":0,"master_deck":["Strike_B","Strike_B","Defend_B","Defend_B","Defend_B","Defend_B+1","Zap","Dualcast","Hologram+1","Biased Cognition+1","Apotheosis+1","Leap","Ball Lightning","Conserve Battery","Glacier","Thunder Strike","Loop","Leap","Steam+1","Defragment","Consume","Dark Shackles","Seek+1","Self Repair","BootSequence+1","Ball Lightning","Electrodynamics","Defragment","Steam Power+1","Loop","Machine Learning+1","Capacitor+1"],"relics":["Cracked Core","Bloody Idol","War Paint","WingedGreaves","Potion Belt","Bottled Flame","Orrery","Runic Capacitor","Cables","Ornamental Fan","Happy Flower","Eternal Feather","PreservedInsect","Bottled Tornado","Centennial Puzzle"],"potions_floor_usage":[27,33,33,44,44,44,44,44,44,50,50,50,50,50],"damage_taken":[{"damage":2,"enemies":"Jaw Worm","floor":1,"turns":4},{"damage":0,"enemies":"Cultist","floor":4,"turns":3},{"damage":23,"enemies":"Gremlin Nob","floor":6,"turns":4},{"damage":5,"enemies":"2 Louse","floor":8,"turns":3},{"damage":0,"enemies":"Large Slime","floor":10,"turns":3},{"damage":12,"enemies":"3 Sentries","floor":12,"turns":4},{"damage":0,"enemies":"Exordium Wildlife","floor":13,"turns":3},{"damage":4,"enemies":"Lots of Slimes","floor":14,"turns":4},{"damage":20,"enemies":"Slime Boss","floor":16,"turns":11},{"damage":5,"enemies":"Shell Parasite","floor":18,"turns":5},{"damage":6,"enemies":"Spheric Guardian","floor":20,"turns":4},{"damage":0,"enemies":"Book of Stabbing","floor":23,"turns":5},{"damage":40,"enemies":"Gremlin Leader","floor":27,"turns":5},{"damage":0,"enemies":"Cultist and Chosen","floor":30,"turns":4},{"damage":0,"enemies":"3 Cultists","floor":31,"turns":4},{"damage":21,"enemies":"Champ","floor":33,"turns":7},{"damage":3,"enemies":"Orb Walker","floor":35,"turns":4},{"damage":0,"enemies":"3 Shapes","floor":37,"turns":3},{"damage":45,"enemies":"Giant Head","floor":40,"turns":7},{"damage":28,"enemies":"Jaw Worm Horde","floor":42,"turns":4},{"damage":13,"enemies":"Writhing Mass","floor":44,"turns":4},{"damage":1,"enemies":"Spire Growth","floor":46,"turns":4},{"damage":28,"enemies":"Sphere and 2 Shapes","floor":47,"turns":6},{"damage":10,"enemies":"4 Shapes","floor":48,"turns":4},{"damage":53,"enemies":"Donu and Deca","floor":50,"turns":6}],"seed_played":"4509374895886119468","potions_obtained":[{"floor":1,"key":"Poison Potion"},{"floor":8,"key":"GamblersBrew"},{"floor":12,"key":"Weak Potion"},{"floor":13,"key":"Weak Potion"},{"floor":16,"key":"Fire Potion"},{"floor":18,"key":"FearPotion"},{"floor":20,"key":"Regen Potion"},{"floor":30,"key":"SpeedPotion"},{"floor":35,"key":"FocusPotion"},{"floor":44,"key":"EssenceOfSteel"},{"floor":46,"key":"Regen Potion"}],"is_trial":false,"path_per_floor":["M","?","$","M","?","E","R","M","T","M","R","E","M","M","R","B",null,"M","$","M","$","?","E","R","?","T","E","?","R","M","M","R","B",null,"M","$","M","?","$","E","R","M","T","M","R","M","M","M","R","B",null],"character_chosen":"DEFECT","items_purchased":["Biased Cognition","Apotheosis","Runic Capacitor","Consume","Dark Shackles","EntropicBrew","PreservedInsect","Loop"],"campfire_rested":5,"item_purchase_floors":[3,3,19,21,21,36,36,39],"current_hp_per_floor":[66,63,63,63,63,40,40,35,35,35,35,23,23,19,37,17,52,47,47,41,41,41,41,59,59,59,40,40,40,45,50,63,57,62,63,63,63,63,63,30,63,40,45,44,63,63,47,52,63,22],"gold":146,"neow_bonus":"TWO_FIFTY_GOLD","is_prod":false,"is_daily":false,"chose_seed":false,"campfire_upgraded":4,"win_rate":0,"timestamp":1545967193,"path_taken":["M","?","$","M","?","E","R","M","T","M","R","E","?","M","R","BOSS","M","$","M","$","?","E","R","?","T","E","?","R","M","?","R","BOSS","M","$","M","?","$","E","R","M","T","M","R","M","M","M","R","BOSS"],"build_version":"2018-12-20","purchased_purges":1,"victory":true,"max_hp_per_floor":[68,63,63,63,63,63,63,63,63,63,63,63,63,63,63,63,63,63,63,63,63,63,63,63,63,63,63,63,63,63,63,63,63,63,63,63,63,63,63,63,63,63,63,63,63,63,63,63,63,63],"card_choices":[{"not_picked":["Auto Shields","Turbo"],"picked":"Hologram","floor":1},{"not_picked":["Reprogram","Rebound","Beam Cell"],"picked":"SKIP","floor":4},{"not_picked":["Undo","Go for the Eyes","Sweeping Beam"],"picked":"SKIP","floor":6},{"not_picked":["Rebound","Blizzard"],"picked":"Leap","floor":8},{"not_picked":["Sweeping Beam","Aggregate"],"picked":"Ball Lightning","floor":10},{"not_picked":["Consume","Streamline","Meteor Strike"],"picked":"SKIP","floor":12},{"not_picked":["Go for the Eyes","Steam"],"picked":"Conserve Battery","floor":13},{"not_picked":["Steam","Loop"],"picked":"Glacier","floor":14},{"not_picked":["Creative AI","Machine Learning"],"picked":"Thunder Strike","floor":16},{"not_picked":["Compile Driver","Go for the Eyes"],"picked":"Loop","floor":17},{"not_picked":["Barrage","Scrape"],"picked":"Leap","floor":17},{"not_picked":["Compile Driver","Hologram"],"picked":"Steam+1","floor":18},{"not_picked":["Coolheaded+1","Redo"],"picked":"Defragment","floor":20},{"not_picked":["Force Field","Skim"],"picked":"Self Repair","floor":23},{"not_picked":["Self Repair","Darkness+1","Leap+1"],"picked":"SKIP","floor":27},{"not_picked":["Streamline","Steam"],"picked":"BootSequence+1","floor":30},{"not_picked":["Ball Lightning","Coolheaded","Hologram"],"picked":"SKIP","floor":31},{"not_picked":["Ball Lightning","Coolheaded","Hologram"],"picked":"SKIP","floor":31},{"not_picked":["Coolheaded","Hologram"],"picked":"Ball Lightning","floor":31},{"not_picked":["Buffer","Rainbow"],"picked":"Electrodynamics","floor":33},{"not_picked":["Melter","Scrape+1"],"picked":"Defragment","floor":35},{"not_picked":["Streamline+1","Go for the Eyes"],"picked":"Steam Power+1","floor":37},{"not_picked":["Turbo+1","Auto Shields"],"picked":"Machine Learning","floor":40},{"not_picked":["Leap+1","Skim+1"],"picked":"Capacitor+1","floor":42},{"not_picked":["Redo","Go for the Eyes","Chill"],"picked":"SKIP","floor":44},{"not_picked":["Melter","Cold Snap","Stack"],"picked":"SKIP","floor":46},{"not_picked":["Aggregate","Sunder+1","Chaos"],"picked":"SKIP","floor":47},{"not_picked":["Melter+1","Leap","Compile Driver+1"],"picked":"SKIP","floor":48}],"player_experience":349135,"relics_obtained":[{"floor":6,"key":"WingedGreaves"},{"floor":9,"key":"Potion Belt"},{"floor":12,"key":"Bottled Flame"},{"floor":23,"key":"Cables"},{"floor":26,"key":"Ornamental Fan"},{"floor":27,"key":"Happy Flower"},{"floor":40,"key":"Bottled Tornado"},{"floor":43,"key":"Centennial Puzzle"}],"event_choices":[{"damage_healed":0,"gold_gain":0,"player_choice":"Lose Max HP","damage_taken":0,"relics_obtained":["Golden Idol"],"max_hp_gain":0,"max_hp_loss":5,"event_name":"Golden Idol","floor":2,"gold_loss":0},{"damage_healed":0,"gold_gain":0,"player_choice":"Gave Potion","damage_taken":0,"relics_obtained":["War Paint"],"max_hp_gain":0,"max_hp_loss":0,"event_name":"WeMeetAgain","floor":5,"gold_loss":0},{"damage_healed":0,"gold_gain":0,"player_choice":"Read","damage_taken":0,"max_hp_gain":0,"max_hp_loss":0,"event_name":"The Library","floor":22,"gold_loss":0,"cards_obtained":["Seek"]},{"damage_healed":0,"gold_gain":0,"player_choice":"Ignored","damage_taken":0,"max_hp_gain":0,"max_hp_loss":0,"event_name":"Vampires","floor":25,"gold_loss":0},{"damage_healed":0,"gold_gain":0,"player_choice":"Gave Idol","damage_taken":0,"relics_obtained":["Bloody Idol"],"max_hp_gain":0,"max_hp_loss":0,"event_name":"Forgotten Altar","floor":28,"relics_lost":["Golden Idol"],"gold_loss":0},{"cards_removed":["Strike_B"],"damage_healed":0,"gold_gain":0,"player_choice":"Card Removal","damage_taken":0,"max_hp_gain":0,"max_hp_loss":0,"event_name":"Wheel of Change","floor":38,"gold_loss":0}],"is_beta":false,"boss_relics":[{"not_picked":["Coffee Dripper","Calling Bell"],"picked":"Orrery"},{"not_picked":["Philosopher\u0027s Stone","Busted Crown"],"picked":"Eternal Feather"}],"items_purged_floors":[21],"is_endless":false,"potions_floor_spawned":[1,8,12,13,16,18,20,23,30,35,44,46,47],"ascension_level":6}