{"gold_per_floor":[113,113,63,86,111,111,130,161,161,184,209,249,274,317,317,317],"floor_reached":16,"playtime":1372,"items_purged":[],"score":211,"play_id":"bb9b0b99-c8cf-40be-af21-df66ad6ac0fc","local_time":"20190829132410","is_ascension_mode":true,"campfire_choices":[{"data":"Bash","floor":6,"key":"SMITH"},{"data":"Havoc","floor":15,"key":"SMITH"}],"neow_cost":"NONE","seed_source_timestamp":516329766769391,"circlet_count":0,"master_deck":["AscendersBane","Strike_R","Strike_R","Strike_R","Defend_R","Defend_R","Defend_R","Defend_R","Bash+1","Clothesline","Iron Wave+1","Cleave","Body Slam+1","Havoc+1","Evolve","Flame Barrier","Exhume"],"relics":["Burning Blood","Golden Idol","Nunchaku","Mango","Singing Bowl","Whetstone"],"potions_floor_usage":[8,12,13,14,16],"damage_taken":[{"damage":2,"enemies":"2 Louse","floor":1,"turns":4},{"damage":1,"enemies":"Jaw Worm","floor":4,"turns":5},{"damage":0,"enemies":"Cultist","floor":5,"turns":3},{"damage":12,"enemies":"2 Fungi Beasts","floor":7,"turns":4},{"damage":22,"enemies":"Gremlin Nob","floor":8,"turns":4},{"damage":3,"enemies":"Looter","floor":10,"turns":4},{"damage":14,"enemies":"Exordium Wildlife","floor":11,"turns":4},{"damage":17,"enemies":"Lagavulin","floor":12,"turns":8},{"damage":19,"enemies":"Exordium Thugs","floor":13,"turns":4},{"damage":8,"enemies":"Gremlin Nob","floor":14,"turns":4},{"damage":46,"enemies":"The Guardian","floor":16,"turns":11}],"seed_played":"8917857041126014985","potions_obtained":[{"floor":5,"key":"AttackPotion"},{"floor":8,"key":"GamblersBrew"},{"floor":11,"key":"Block Potion"},{"floor":13,"key":"GamblersBrew"},{"floor":14,"key":"SteroidPotion"}],"is_trial":false,"path_per_floor":["M","?","?","M","M","R","M","E","T","M","M","E","M","E","R","B"],"character_chosen":"IRONCLAD","items_purchased":[],"campfire_rested":0,"item_purchase_floors":[],"current_hp_per_floor":[72,54,54,59,65,65,59,43,57,60,52,41,30,28,28,0],"gold":317,"neow_bonus":"REMOVE_CARD","is_prod":false,"is_daily":false,"chose_seed":false,"campfire_upgraded":2,"win_rate":0,"timestamp":1567110250,"path_taken":["M","?","?","M","M","R","M","E","T","M","M","E","M","E","R","BOSS"],"build_version":"2019-07-17","purchased_purges":0,"victory":false,"max_hp_per_floor":[75,75,75,75,75,75,75,75,89,89,89,89,91,91,91,91],"card_choices":[{"not_picked":["Reckless Charge","Clash"],"picked":"Clothesline","floor":1},{"not_picked":["Clothesline","Wild Strike"],"picked":"Iron Wave","floor":4},{"not_picked":["Perfected Strike","Blood for Blood","Twin Strike"],"picked":"SKIP","floor":5},{"not_picked":["Entrench","Headbutt"],"picked":"Cleave","floor":7},{"not_picked":["Burning Pact","Warcry"],"picked":"Body Slam","floor":8},{"not_picked":["Second Wind","Anger"],"picked":"Havoc","floor":10},{"not_picked":["Limit Break","Blood for Blood"],"picked":"Evolve","floor":11},{"not_picked":["Combust","Burning Pact"],"picked":"Flame Barrier","floor":12},{"not_picked":["Body Slam","Headbutt","Cleave"],"picked":"Singing Bowl","floor":13},{"not_picked":["Perfected Strike","Iron Wave"],"picked":"Exhume","floor":14}],"player_experience":809920,"relics_obtained":[{"floor":8,"key":"Nunchaku"},{"floor":9,"key":"Mango"},{"floor":12,"key":"Singing Bowl"},{"floor":14,"key":"Whetstone"}],"event_choices":[{"damage_healed":0,"gold_gain":0,"player_choice":"Take Damage","damage_taken":18,"relics_obtained":["Golden Idol"],"max_hp_gain":0,"max_hp_loss":0,"event_name":"Golden Idol","floor":2,"gold_loss":0},{"cards_removed":["Strike_R"],"damage_healed":0,"gold_gain":0,"player_choice":"Card Removal","damage_taken":0,"max_hp_gain":0,"max_hp_loss":0,"event_name":"The Cleric","floor":3,"gold_loss":50}],"is_beta":false,"boss_relics":[],"items_purged_floors":[],"is_endless":false,"potions_floor_spawned":[5,8,11,13,14],"killed_by":"The Guardian","ascension_level":14}