{"gold_per_floor":[112,112,40,59,9,43,19,52,52,52,52,72,96,127,127,127],"floor_reached":16,"playtime":982,"items_purged":[],"score":148,"play_id":"9ba00d84-2508-4c43-9cba-36cf0eba4231","local_time":"20190916001050","is_ascension_mode":true,"campfire_choices":[{"floor":11,"key":"REST"},{"floor":15,"key":"REST"}],"neow_cost":"NONE","seed_source_timestamp":2576819487692900,"circlet_count":0,"master_deck":["Strike_G","Strike_G","Strike_G+1","Strike_G","Defend_G","Defend_G","Defend_G","Defend_G","Defend_G","Survivor","Neutralize","Backstab+1","Concentrate","Prepared","Well Laid Plans"],"relics":["Ring of the Snake","NeowsBlessing","Gremlin Horn","Molten Egg 2","Blue Candle","Potion Belt","Blood Vial"],"potions_floor_usage":[14,14,16,16],"damage_taken":[{"damage":0,"enemies":"Small Slimes","floor":1,"turns":1},{"damage":0,"enemies":"2 Louse","floor":4,"turns":1},{"damage":0,"enemies":"Lagavulin","floor":6,"turns":1},{"damage":26,"enemies":"3 Sentries","floor":8,"turns":17},{"damage":0,"enemies":"Jaw Worm","floor":12,"turns":2},{"damage":11,"enemies":"Lagavulin","floor":14,"turns":8},{"damage":73,"enemies":"The Guardian","floor":16,"turns":12}],"seed_played":"-5087274071890922144","potions_obtained":[{"floor":4,"key":"Strength Potion"},{"floor":8,"key":"Explosive Potion"},{"floor":12,"key":"GamblersBrew"},{"floor":14,"key":"Ancient Potion"}],"is_trial":false,"path_per_floor":["M","?","$","M","?","E","$","E","T","$","R","M","T","E","R","B"],"character_chosen":"THE_SILENT","items_purchased":["Concentrate","Prepared"],"campfire_rested":2,"item_purchase_floors":[3,7],"current_hp_per_floor":[70,56,56,56,56,56,56,30,30,30,51,51,51,40,61,0],"gold":127,"neow_bonus":"THREE_ENEMY_KILL","is_prod":false,"is_daily":false,"chose_seed":false,"campfire_upgraded":0,"win_rate":0,"timestamp":1568607050,"path_taken":["M","?","$","M","?","E","?","E","T","$","R","M","?","E","R","BOSS"],"build_version":"2019-07-17","purchased_purges":0,"victory":false,"max_hp_per_floor":[70,70,70,70,70,70,70,70,70,70,70,70,70,70,70,70],"card_choices":[{"not_picked":["Flying Knee","Slice"],"picked":"Backstab","floor":1},{"not_picked":["Terror","Infinite Blades","Dagger Throw"],"picked":"SKIP","floor":4},{"not_picked":["Dagger Throw","Deadly Poison","Sucker Punch"],"picked":"SKIP","floor":6},{"not_picked":["Bane","Quick Slash"],"picked":"Well Laid Plans","floor":8},{"not_picked":["Skewer+1","Accuracy","Setup"],"picked":"SKIP","floor":12},{"not_picked":["Deadly Poison","Riddle With Holes+1","Malaise"],"picked":"SKIP","floor":14}],"player_experience":508364,"relics_obtained":[{"floor":6,"key":"Gremlin Horn"},{"floor":8,"key":"Molten Egg 2"},{"floor":9,"key":"Blue Candle"},{"floor":13,"key":"Potion Belt"},{"floor":14,"key":"Blood Vial"}],"event_choices":[{"damage_healed":0,"gold_gain":0,"player_choice":"Entered Light","damage_taken":14,"max_hp_gain":0,"max_hp_loss":0,"event_name":"Shining Light","floor":2,"gold_loss":0,"cards_upgraded":["Backstab","Strike_G"]},{"cards_removed":["Strike_G"],"damage_healed":0,"gold_gain":0,"player_choice":"Card Removal","damage_taken":0,"max_hp_gain":0,"max_hp_loss":0,"event_name":"The Cleric","floor":5,"gold_loss":50}],"is_beta":false,"boss_relics":[],"items_purged_floors":[],"is_endless":false,"potions_floor_spawned":[4,8,12,14],"killed_by":"The Guardian","ascension_level":1}