{"path_per_floor":["M","M","$","M","M","R","E","R","T","R","M","M","E","M","R","B",null,"M","M","M","$","M","R","M","R","T","$","E","M","?","M","R","B",null,"M","M","M","M","M","R","M","R","T","M","R","$","M","M","R","B"],"character_chosen":"IRONCLAD","items_purchased":["Clash","Apotheosis","Pear"],"gold_per_floor":[119,133,13,27,41,41,70,70,70,70,82,92,120,139,139,239,239,258,270,282,74,92,92,110,110,110,10,43,62,62,77,77,177,177,188,204,224,242,256,256,276,276,303,322,322,68,84,96,96,96],"floor_reached":51,"campfire_rested":2,"playtime":1246,"current_hp_per_floor":[72,67,67,65,70,70,64,64,64,64,64,70,70,70,70,17,72,67,71,56,56,53,53,33,54,54,54,60,55,55,61,79,35,79,79,68,66,72,79,79,79,79,79,75,75,85,89,89,89,13],"items_purged":["Defend_R","Defend_R"],"gold":96,"score":717,"play_id":"6e9233a0-8687-4a0a-a707-4a5b66534f6d","local_time":"20180320201235","is_prod":false,"is_daily":false,"is_ascension_mode":false,"campfire_upgraded":6,"timestamp":1521591155,"path_taken":["M","M","$","?","M","R","E","R","T","R","M","M","E","M","R","BOSS","M","M","M","?","?","R","M","R","T","$","E","M","?","?","R","BOSS","M","M","M","M","M","R","M","R","T","M","R","$","M","M","R","BOSS"],"build_version":"2018-03-15v3","purchased_purges":2,"victory":true,"master_deck":["Strike_R","Strike_R","Strike_R","Strike_R","Bash","Flex+1","Uppercut","Clash+1","Reaper","Clash","Reaper+1","Rage+1","Thunderclap+1","Apotheosis+1","Pummel+1","Clash+1","Berserk+1","Clash+1","Whirlwind+1"],"max_hp_per_floor":[72,72,72,72,72,72,72,72,72,72,72,72,72,72,72,72,72,72,72,72,72,72,72,72,72,72,72,79,79,79,79,79,79,79,79,79,79,79,79,79,79,79,79,79,79,89,89,89,89,89],"relics":["Burning Blood","Vajra","Girya","Omamori","Question Card","Orichalcum","Strawberry","Velvet Choker","Blood Vial","Pear"],"card_choices":[{"not_picked":["Burning Pact","Fire Breathing"],"picked":"Flex"},{"not_picked":["Twin Strike","Ghostly Armor"],"picked":"Uppercut"},{"not_picked":["Anger","Cleave"],"picked":"Reaper"},{"not_picked":["Flame Barrier","Iron Wave"],"picked":"Clash"},{"not_picked":["Immolate","Brutality"],"picked":"Reaper"},{"not_picked":["Evolve","Armaments","Warcry"],"picked":"Rage"},{"not_picked":["Seeing Red","True Grit","Spot Weakness"],"picked":"Thunderclap"},{"not_picked":["Seeing Red","Berserk","Cleave"],"picked":"Pummel"},{"not_picked":["Wild Strike","Headbutt","Pummel"],"picked":"Clash"},{"not_picked":["Feed","Demon Form","Dark Embrace"],"picked":"Berserk"},{"not_picked":["Sword Boomerang","Carnage","Havoc"],"picked":"Clash"},{"not_picked":["Clothesline","True Grit","Warcry"],"picked":"Whirlwind"}],"player_experience":218663,"potions_floor_usage":[50,50,50],"damage_taken":[{"damage":6,"enemies":"Cultist","floor":1,"turns":3},{"damage":11,"enemies":"Small Slimes","floor":2,"turns":2},{"damage":8,"enemies":"Jaw Worm","floor":4,"turns":2},{"damage":7,"enemies":"3 Louse","floor":5,"turns":2},{"damage":12,"enemies":"Gremlin Nob","floor":7,"turns":3},{"damage":6,"enemies":"2 Fungi Beasts","floor":11,"turns":2},{"damage":0,"enemies":"Blue Slaver","floor":12,"turns":1},{"damage":16,"enemies":"3 Sentries","floor":13,"turns":3},{"damage":8,"enemies":"Exordium Thugs","floor":14,"turns":3},{"damage":59,"enemies":"The Guardian","floor":16,"turns":5},{"damage":27,"enemies":"Shell Parasite","floor":18,"turns":4},{"damage":7,"enemies":"Chosen","floor":19,"turns":3},{"damage":21,"enemies":"Snake Plant","floor":20,"turns":3},{"damage":23,"enemies":"Cultist and Chosen","floor":22,"turns":5},{"damage":26,"enemies":"Centurion and Healer","floor":24,"turns":3},{"damage":25,"enemies":"Slavers","floor":28,"turns":3},{"damage":11,"enemies":"Snake Plant","floor":29,"turns":3},{"damage":0,"enemies":"Snecko","floor":31,"turns":2},{"damage":50,"enemies":"Champ","floor":33,"turns":8},{"damage":32,"enemies":"3 Darklings","floor":35,"turns":3},{"damage":17,"enemies":"3 Shapes","floor":36,"turns":3},{"damage":28,"enemies":"Maw","floor":37,"turns":6},{"damage":0,"enemies":"Sphere and 2 Shapes","floor":38,"turns":3},{"damage":11,"enemies":"3 Darklings","floor":39,"turns":3},{"damage":2,"enemies":"Maw","floor":41,"turns":5},{"damage":19,"enemies":"4 Shapes","floor":44,"turns":3},{"damage":0,"enemies":"Sphere and 2 Shapes","floor":47,"turns":2},{"damage":1,"enemies":"3 Darklings","floor":48,"turns":3},{"damage":101,"enemies":"Awakened One","floor":50,"turns":9}],"event_choices":[{"event_name":"Purifier","player_choice":"One Purge","floor":30,"damage_taken":0}],"boss_relics":[{"not_picked":["Astrolabe","Snecko Eye"],"picked":"Question Card"},{"not_picked":["Sozu","Mark of Pain"],"picked":"Velvet Choker"}],"potions_floor_spawned":[1,4,11,13,16,20,24,28,31,33,37,38,47,48],"seed_played":"6182832887867572566","ascension_level":0,"is_trial":false}