{"gold_per_floor":[364,382,382,33,45,72,72,85,85,85,97,197,197,210,210,306,306,322,322,322,341,266,266,282,381,381,381,381,396,408,422,422,422],"floor_reached":33,"playtime":1010,"items_purged":["Strike_B"],"score":386,"play_id":"8fdfcd17-f7f1-484f-9a76-8a257daa22ce","local_time":"20181231133348","is_ascension_mode":true,"campfire_choices":[{"floor":7,"key":"REST"},{"data":"Dualcast","floor":10,"key":"SMITH"},{"data":"Hologram","floor":13,"key":"SMITH"},{"data":"Zap","floor":15,"key":"SMITH"},{"data":"Redo","floor":23,"key":"SMITH"},{"data":"Leap","floor":28,"key":"SMITH"},{"data":"Redo","floor":32,"key":"SMITH"}],"neow_cost":"PERCENT_DAMAGE","seed_source_timestamp":934724119449513,"circlet_count":0,"master_deck":["AscendersBane","Strike_B","Strike_B","Strike_B","Defend_B","Defend_B","Defend_B","Defend_B","Zap+1","Dualcast+1","Leap+1","Redo+1","Hologram+1","Loop+1","Fission+1","Leap","Auto Shields+1","Redo+1","Redo+1"],"relics":["Cracked Core","ClockworkSouvenir","Art of War","Bag of Preparation","Frozen Egg 2","Eternal Feather","Meat on the Bone"],"potions_floor_usage":[6,6,6,11,16,16,24,33,33],"damage_taken":[{"damage":1,"enemies":"Cultist","floor":1,"turns":3},{"damage":3,"enemies":"Jaw Worm","floor":2,"turns":3},{"damage":7,"enemies":"2 Louse","floor":5,"turns":2},{"damage":11,"enemies":"Lagavulin","floor":6,"turns":6},{"damage":0,"enemies":"2 Fungi Beasts","floor":8,"turns":4},{"damage":0,"enemies":"Gremlin Gang","floor":11,"turns":1},{"damage":0,"enemies":"Blue Slaver","floor":14,"turns":3},{"damage":42,"enemies":"Hexaghost","floor":16,"turns":10},{"damage":6,"enemies":"Chosen","floor":18,"turns":6},{"damage":2,"enemies":"Spheric Guardian","floor":21,"turns":3},{"damage":56,"enemies":"Shelled Parasite and Fungi","floor":24,"turns":9},{"damage":6,"enemies":"Chosen and Byrds","floor":29,"turns":8},{"damage":4,"enemies":"Snake Plant","floor":30,"turns":5},{"damage":33,"enemies":"Cultist and Chosen","floor":31,"turns":8},{"damage":72,"enemies":"Collector","floor":33,"turns":8}],"seed_played":"-5581794242443204362","potions_obtained":[{"floor":1,"key":"EssenceOfSteel"},{"floor":3,"key":"EntropicBrew"},{"floor":3,"key":"Weak Potion"},{"floor":8,"key":"GamblersBrew"},{"floor":11,"key":"Strength Potion"},{"floor":16,"key":"LiquidBronze"},{"floor":18,"key":"Fire Potion"},{"floor":29,"key":"Dexterity Potion"}],"is_trial":false,"path_per_floor":["M","M","?","$","M","E","R","M","T","R","M","?","R","M","R","B",null,"M","$","?","M","$","R","M","?","T","?","R","M","M","M","R","B"],"character_chosen":"DEFECT","items_purchased":["ClockworkSouvenir","Art of War"],"campfire_rested":1,"item_purchase_floors":[4,4],"current_hp_per_floor":[49,46,46,46,39,28,50,50,50,50,50,50,50,50,50,8,58,52,52,52,50,50,59,3,3,3,85,85,79,75,54,63,0],"gold":422,"neow_bonus":"TWO_FIFTY_GOLD","is_prod":false,"is_daily":false,"chose_seed":false,"campfire_upgraded":6,"win_rate":0,"timestamp":1546259628,"path_taken":["M","?","?","$","M","E","R","?","T","R","M","?","R","M","R","BOSS","M","?","?","?","$","R","M","?","T","?","R","M","M","?","R","BOSS"],"build_version":"2018-12-20","purchased_purges":1,"victory":false,"max_hp_per_floor":[75,75,75,75,75,75,75,75,75,75,75,75,75,75,75,75,75,75,75,75,75,75,75,75,75,75,85,85,85,85,85,85,85],"card_choices":[{"not_picked":["Barrage","Streamline"],"picked":"Leap","floor":1},{"not_picked":["Force Field","Turbo","Compile Driver"],"picked":"SKIP","floor":2},{"not_picked":["Compile Driver","Beam Cell"],"picked":"Redo","floor":5},{"not_picked":["Barrage","Steam Power"],"picked":"Seek","floor":6},{"not_picked":["Stack","Cold Snap"],"picked":"Hologram","floor":8},{"not_picked":["Gash","Reprogram"],"picked":"Loop+1","floor":11},{"not_picked":["FTL","Conserve Battery","Scrape"],"picked":"SKIP","floor":14},{"not_picked":["All For One","Hyperbeam"],"picked":"Fission","floor":16},{"not_picked":["Redo","Gash"],"picked":"Leap","floor":18},{"not_picked":["Aggregate","Sweeping Beam+1","Stack"],"picked":"SKIP","floor":21},{"not_picked":["Meteor Strike","Beam Cell","Reprogram"],"picked":"SKIP","floor":24},{"not_picked":["Sweeping Beam","Undo"],"picked":"Auto Shields+1","floor":29},{"not_picked":["Recycle","Barrage"],"picked":"Redo","floor":30},{"not_picked":["Stack","Conserve Battery"],"picked":"Redo+1","floor":31}],"player_experience":371238,"relics_obtained":[{"floor":6,"key":"Bag of Preparation"},{"floor":9,"key":"Frozen Egg 2"},{"floor":26,"key":"Meat on the Bone"}],"event_choices":[{"damage_healed":0,"gold_gain":0,"player_choice":"Got Potions","damage_taken":0,"max_hp_gain":0,"max_hp_loss":0,"event_name":"Lab","floor":3,"gold_loss":0},{"damage_healed":0,"gold_gain":100,"player_choice":"Pray","damage_taken":0,"max_hp_gain":0,"max_hp_loss":0,"event_name":"Golden Shrine","floor":12,"gold_loss":0},{"damage_healed":0,"gold_gain":0,"player_choice":"Upgraded","damage_taken":0,"max_hp_gain":0,"max_hp_loss":0,"event_name":"Upgrade Shrine","floor":20,"gold_loss":0,"cards_upgraded":["Fission"]},{"damage_healed":0,"gold_gain":99,"player_choice":"Stole From Cult","damage_taken":0,"max_hp_gain":0,"max_hp_loss":0,"event_name":"Nest","floor":25,"gold_loss":0},{"cards_removed":["Seek"],"damage_healed":72,"gold_gain":0,"player_choice":"Offered Rare","damage_taken":0,"max_hp_gain":10,"max_hp_loss":0,"event_name":"Bonfire Elementals","floor":27,"gold_loss":0}],"is_beta":false,"boss_relics":[{"not_picked":["Empty Cage","Lizard Tail"],"picked":"Eternal Feather"}],"items_purged_floors":[22],"is_endless":false,"potions_floor_spawned":[1,8,11,16,18,29,30],"killed_by":"Collector","ascension_level":11}