{"gold_per_floor":[115,126,139,64,80,80,115,134,134,153,168,178,211,221,221,322,322,340,359,274,291,311,337,337,369,394,394,413,438,469,469,469,571,571,585,585,985,985,381,406,416,416,416,467,467,493,507,538,538,538],"floor_reached":51,"playtime":5908,"items_purged":["Strike_R","Strike_R"],"score":1078,"play_id":"d7302bbb-1e23-4705-ad0d-662fb5822ae7","local_time":"20190723160025","is_ascension_mode":true,"campfire_choices":[{"data":"Dramatic Entrance","floor":6,"key":"SMITH"},{"data":"Exhume","floor":15,"key":"SMITH"},{"floor":24,"key":"REST"},{"floor":27,"key":"REST"},{"floor":32,"key":"REST"},{"floor":42,"key":"REST"},{"data":"1","floor":45,"key":"LIFT"},{"floor":49,"key":"REST"}],"neow_cost":"NONE","seed_source_timestamp":41420028271783,"circlet_count":0,"master_deck":["Defend_R","Defend_R","Defend_R","Defend_R","Bash","Dramatic Entrance+1","Shrug It Off","Dropkick","Pommel Strike","Exhume+1","Fire Breathing","Seeing Red","Cleave","Clash","Wild Strike","Anger","Inflame","Feed","Twin Strike+1","Spot Weakness+1","Thunderclap+1","Carnage","Thunderclap","Carnage","Fire Breathing","Inflame","Heavy Blade","Headbutt","Carnage","Feed","Clash","Dark Shackles","Discovery","Apotheosis","Dropkick","Madness","Madness","Jack Of All Trades","Spot Weakness","Armaments+1","Anger+1","Rage+1","Inflame+1"],"relics":["Burning Blood","Ice Cream","Regal Pillow","Vajra","Astrolabe","Gremlin Horn","Kunai","Magic Flower","Happy Flower","Bag of Marbles","Red Mask","Orichalcum","Eternal Feather","Old Coin","Boot","Brimstone","Girya","Bottled Tornado","Lantern","Oddly Smooth Stone","Strawberry"],"potions_floor_usage":[7,11,13,16,22,23,25,29,33,33,44,48,50,50],"damage_taken":[{"damage":0,"enemies":"Cultist","floor":1,"turns":3},{"damage":2,"enemies":"2 Louse","floor":2,"turns":3},{"damage":0,"enemies":"Small Slimes","floor":3,"turns":2},{"damage":12,"enemies":"3 Louse","floor":5,"turns":3},{"damage":31,"enemies":"3 Sentries","floor":7,"turns":8},{"damage":0,"enemies":"2 Fungi Beasts","floor":8,"turns":2},{"damage":6,"enemies":"Looter","floor":10,"turns":2},{"damage":4,"enemies":"Blue Slaver","floor":11,"turns":4},{"damage":0,"enemies":"2 Fungi Beasts","floor":12,"turns":2},{"damage":0,"enemies":"Lagavulin","floor":13,"turns":6},{"damage":5,"enemies":"Gremlin Gang","floor":14,"turns":3},{"damage":2,"enemies":"Slime Boss","floor":16,"turns":6},{"damage":15,"enemies":"Shell Parasite","floor":18,"turns":3},{"damage":12,"enemies":"3 Byrds","floor":19,"turns":3},{"damage":38,"enemies":"Shelled Parasite and Fungi","floor":21,"turns":3},{"damage":19,"enemies":"Centurion and Healer","floor":22,"turns":3},{"damage":0,"enemies":"Gremlin Leader","floor":23,"turns":3},{"damage":35,"enemies":"Book of Stabbing","floor":25,"turns":4},{"damage":18,"enemies":"Chosen and Byrds","floor":28,"turns":3},{"damage":49,"enemies":"Slavers","floor":29,"turns":4},{"damage":0,"enemies":"Masked Bandits","floor":30,"turns":2},{"damage":60,"enemies":"Champ","floor":33,"turns":9},{"damage":0,"enemies":"Orb Walker","floor":35,"turns":2},{"damage":14,"enemies":"Mind Bloom Boss Battle","floor":37,"turns":5},{"damage":41,"enemies":"Nemesis","floor":40,"turns":3},{"damage":17,"enemies":"3 Darklings","floor":41,"turns":2},{"damage":0,"enemies":"Reptomancer","floor":44,"turns":4},{"damage":52,"enemies":"Nemesis","floor":46,"turns":5},{"damage":25,"enemies":"Writhing Mass","floor":47,"turns":4},{"damage":18,"enemies":"Reptomancer","floor":48,"turns":4},{"damage":87,"enemies":"Time Eater","floor":50,"turns":5}],"seed_played":"7112307100625571434","potions_obtained":[{"floor":1,"key":"GamblersBrew"},{"floor":3,"key":"PowerPotion"},{"floor":8,"key":"Weak Potion"},{"floor":12,"key":"SpeedPotion"},{"floor":14,"key":"Poison Potion"},{"floor":19,"key":"Weak Potion"},{"floor":22,"key":"Dexterity Potion"},{"floor":23,"key":"SpeedPotion"},{"floor":29,"key":"AttackPotion"},{"floor":30,"key":"Ancient Potion"},{"floor":35,"key":"Explosive Potion"},{"floor":41,"key":"EssenceOfSteel"},{"floor":46,"key":"Weak Potion"},{"floor":48,"key":"FearPotion"}],"is_trial":false,"path_per_floor":["M","M","M","$","M","R","E","M","T","M","M","M","E","M","R","B",null,"M","M","?","M","M","E","R","E","T","R","M","E","?","?","R","B",null,"M","?","?","?","$","E","M","R","T","E","R","E","M","E","R","B",null],"character_chosen":"IRONCLAD","items_purchased":["Boot","Jack Of All Trades","Spot Weakness","Brimstone"],"campfire_rested":5,"item_purchase_floors":[39,39,39,39],"current_hp_per_floor":[80,80,80,80,74,74,49,55,55,55,57,63,69,70,70,74,80,71,65,65,36,23,29,68,42,42,82,78,38,52,52,92,41,92,95,85,92,79,79,47,39,103,103,103,103,60,44,42,110,32],"gold":538,"neow_bonus":"RANDOM_COLORLESS","is_prod":false,"is_daily":false,"chose_seed":false,"campfire_upgraded":2,"win_rate":0,"timestamp":1563912025,"path_taken":["M","M","?","$","M","R","E","M","T","M","M","M","E","M","R","BOSS","M","M","?","M","M","E","R","E","T","R","M","E","?","?","R","BOSS","M","?","?","?","$","E","M","R","T","E","R","E","M","E","R","BOSS"],"build_version":"2019-07-17","purchased_purges":2,"victory":true,"max_hp_per_floor":[80,80,80,80,80,80,80,80,80,80,80,80,80,80,80,80,80,80,80,80,83,83,83,83,86,86,86,89,89,92,92,92,92,92,95,95,103,103,103,103,103,103,103,103,103,103,103,110,110,110],"card_choices":[{"not_picked":["Sword Boomerang","Twin Strike"],"picked":"Shrug It Off","floor":1},{"not_picked":["Dual Wield","Clothesline"],"picked":"Dropkick","floor":2},{"not_picked":["Burning Pact","Rage"],"picked":"Pommel Strike","floor":3},{"not_picked":["Heavy Blade","Twin Strike"],"picked":"Exhume","floor":5},{"not_picked":["Sword Boomerang","Wild Strike"],"picked":"Fire Breathing","floor":7},{"not_picked":["Evolve","Flame Barrier"],"picked":"Seeing Red","floor":8},{"not_picked":["Armaments","Havoc"],"picked":"Cleave","floor":10},{"not_picked":["Perfected Strike","Hemokinesis"],"picked":"Clash","floor":11},{"not_picked":["Perfected Strike","Heavy Blade"],"picked":"Wild Strike","floor":12},{"not_picked":["Clothesline","Heavy Blade"],"picked":"Anger","floor":13},{"not_picked":["Metallicize","Sword Boomerang"],"picked":"Inflame","floor":14},{"not_picked":["Impervious","Bludgeon"],"picked":"Feed","floor":16},{"not_picked":["Armaments","Evolve"],"picked":"Carnage","floor":18},{"not_picked":["Pummel+1","Searing Blow","Second Wind"],"picked":"SKIP","floor":19},{"not_picked":["Body Slam","Sword Boomerang"],"picked":"Thunderclap","floor":21},{"not_picked":["Hemokinesis+1","True Grit"],"picked":"Carnage","floor":22},{"not_picked":["Pommel Strike","Reckless Charge"],"picked":"Fire Breathing","floor":23},{"not_picked":["Headbutt+1","Dark Embrace"],"picked":"Inflame","floor":25},{"not_picked":["Twin Strike","Havoc"],"picked":"Heavy Blade","floor":28},{"not_picked":["Second Wind","Warcry"],"picked":"Headbutt","floor":29},{"not_picked":["Wild Strike","Shockwave"],"picked":"Carnage","floor":30},{"not_picked":["Bludgeon","Exhume"],"picked":"Feed","floor":33},{"not_picked":["Second Wind","Perfected Strike+1"],"picked":"Clash","floor":35},{"not_picked":["Finesse","PanicButton"],"picked":"Dark Shackles","floor":36},{"not_picked":["Thinking Ahead","Panache"],"picked":"Discovery","floor":36},{"not_picked":["Swift Strike","Chrysalis"],"picked":"Apotheosis","floor":36},{"not_picked":["Entrench","Armaments"],"picked":"Dropkick","floor":37},{"not_picked":["True Grit","Combust+1"],"picked":"Armaments+1","floor":40},{"not_picked":["Armaments+1","Clash+1"],"picked":"Anger+1","floor":41},{"not_picked":["Iron Wave+1","Bloodletting"],"picked":"Rage+1","floor":44},{"not_picked":["Blood for Blood","Bludgeon"],"picked":"Inflame+1","floor":46},{"not_picked":["Second Wind","Sword Boomerang","Thunderclap+1"],"picked":"SKIP","floor":47},{"not_picked":["Clothesline+1","Battle Trance","Cleave"],"picked":"SKIP","floor":48}],"player_experience":165996,"relics_obtained":[{"floor":7,"key":"Ice Cream"},{"floor":9,"key":"Regal Pillow"},{"floor":13,"key":"Vajra"},{"floor":23,"key":"Kunai"},{"floor":25,"key":"Magic Flower"},{"floor":26,"key":"Happy Flower"},{"floor":29,"key":"Bag of Marbles"},{"floor":30,"key":"Red Mask"},{"floor":37,"key":"Old Coin"},{"floor":40,"key":"Girya"},{"floor":43,"key":"Bottled Tornado"},{"floor":44,"key":"Lantern"},{"floor":46,"key":"Oddly Smooth Stone"},{"floor":48,"key":"Strawberry"}],"event_choices":[{"damage_healed":0,"gold_gain":0,"player_choice":"Obtained Relic","damage_taken":0,"relics_obtained":["Gremlin Horn"],"max_hp_gain":0,"max_hp_loss":0,"event_name":"Addict","floor":20,"gold_loss":85},{"damage_healed":0,"gold_gain":0,"player_choice":"Fought Bandits","damage_taken":0,"max_hp_gain":0,"max_hp_loss":0,"event_name":"Masked Bandits","floor":30,"gold_loss":0},{"damage_healed":0,"gold_gain":0,"player_choice":"Opened","damage_taken":0,"relics_obtained":["Orichalcum"],"max_hp_gain":0,"max_hp_loss":0,"event_name":"The Mausoleum","floor":31,"gold_loss":0},{"damage_healed":0,"gold_gain":0,"player_choice":"Memory 3","damage_taken":10,"max_hp_gain":0,"max_hp_loss":0,"event_name":"SensoryStone","floor":36,"gold_loss":0},{"damage_healed":0,"gold_gain":0,"player_choice":"Fight","damage_taken":0,"max_hp_gain":0,"max_hp_loss":0,"event_name":"MindBloom","floor":37,"gold_loss":0},{"damage_healed":0,"gold_gain":0,"player_choice":"Embrace Madness","damage_taken":13,"max_hp_gain":0,"max_hp_loss":0,"event_name":"Winding Halls","floor":38,"gold_loss":0,"cards_obtained":["Madness","Madness"]}],"is_beta":false,"boss_relics":[{"not_picked":["Runic Dome","Busted Crown"],"picked":"Astrolabe"},{"not_picked":["Runic Pyramid","Philosopher\u0027s Stone"],"picked":"Eternal Feather"}],"items_purged_floors":[4,39],"is_endless":false,"potions_floor_spawned":[1,3,8,12,14,19,22,23,29,30,35,41,46,48],"ascension_level":2}