{"gold_per_floor":[117,42,42,66,86,86,113,113,113,130,130,130,140,160,160,257,257,275,294,309,399,399,399,413,413,413,427,150,164,184,201,201,302,302,319,337,337,121,132,158,158,158,158,158,178,178,194,194],"floor_reached":48,"playtime":1801,"items_purged":["Strike_R","Strike_R","Fiend Fire+1"],"score":466,"play_id":"20031bf1-b3cf-42a9-9a53-8fe475c087e8","local_time":"20180906164952","is_ascension_mode":false,"campfire_choices":[{"data":"Seeing Red","floor":6,"key":"SMITH"},{"data":"Uppercut","floor":8,"key":"SMITH"},{"data":"Strike_R","floor":11,"key":"PURGE"},{"data":"Defend_R","floor":15,"key":"PURGE"},{"data":"Fiend Fire","floor":23,"key":"SMITH"},{"data":"Defend_R","floor":25,"key":"PURGE"},{"data":"Metamorphosis","floor":32,"key":"SMITH"},{"data":"Juggernaut","floor":44,"key":"PURGE"},{"floor":46,"key":"DIG"}],"neow_cost":"NONE","seed_source_timestamp":656950423089500,"circlet_count":0,"master_deck":["Thunderclap","Shrug It Off+1","Seeing Red+1","Uppercut+1","Battle Trance","Metamorphosis+1","Shockwave","Impatience","Clash","Double Tap"],"relics":["Burning Blood","Vajra","Self Forming Clay","Peace Pipe","Empty Cage","Darkstone Periapt","Black Star","Bird Faced Urn","Shovel","Dead Branch","Mercury Hourglass","Ice Cream"],"potions_floor_usage":[20,33,37,45,48],"damage_taken":[{"damage":5,"enemies":"Cultist","floor":1,"turns":4},{"damage":0,"enemies":"Jaw Worm","floor":5,"turns":3},{"damage":30,"enemies":"3 Sentries","floor":7,"turns":10},{"damage":0,"enemies":"Small Slimes","floor":10,"turns":3},{"damage":5,"enemies":"Exordium Thugs","floor":13,"turns":3},{"damage":18,"enemies":"Large Slime","floor":14,"turns":4},{"damage":31,"enemies":"The Guardian","floor":16,"turns":16},{"damage":0,"enemies":"Shell Parasite","floor":18,"turns":3},{"damage":3,"enemies":"Chosen","floor":19,"turns":6},{"damage":7,"enemies":"Centurion and Healer","floor":20,"turns":3},{"damage":27,"enemies":"Shelled Parasite and Fungi","floor":24,"turns":6},{"damage":29,"enemies":"Cultist and Chosen","floor":27,"turns":6},{"damage":0,"enemies":"3 Cultists","floor":29,"turns":2},{"damage":4,"enemies":"Snake Plant","floor":30,"turns":3},{"damage":0,"enemies":"Snecko","floor":31,"turns":3},{"damage":15,"enemies":"Collector","floor":33,"turns":8},{"damage":0,"enemies":"Orb Walker","floor":35,"turns":2},{"damage":10,"enemies":"3 Shapes","floor":36,"turns":3},{"damage":5,"enemies":"Mind Bloom Boss Battle","floor":37,"turns":4},{"damage":16,"enemies":"Sphere and 2 Shapes","floor":39,"turns":3},{"damage":52,"enemies":"Giant Head","floor":40,"turns":7},{"damage":9,"enemies":"Transient","floor":45,"turns":5},{"damage":36,"enemies":"4 Shapes","floor":47,"turns":3},{"damage":18,"enemies":"Maw","floor":48,"turns":2}],"seed_played":"2146652517074566904","potions_obtained":[{"floor":5,"key":"Regen Potion"},{"floor":10,"key":"Energy Potion"},{"floor":13,"key":"Fire Potion"},{"floor":20,"key":"EssenceOfSteel"},{"floor":33,"key":"Poison Potion"},{"floor":35,"key":"AttackPotion"},{"floor":37,"key":"BloodPotion"}],"is_trial":false,"path_per_floor":["M","$","?","T","M","R","E","R","T","M","R","?","M","M","R","B",null,"M","M","M","?","?","R","M","R","T","M","$","M","M","M","R","B",null,"M","M","?","$","M","E","?","?","T","R","M","R","M"],"character_chosen":"IRONCLAD","items_purchased":["Metamorphosis","Impatience"],"campfire_rested":0,"item_purchase_floors":[28,38],"current_hp_per_floor":[80,80,80,80,80,80,56,56,56,62,62,62,63,51,51,26,80,80,80,79,63,63,63,42,42,42,19,19,25,27,33,33,24,80,80,79,80,80,70,24,24,24,24,24,35,35,9,0],"gold":194,"neow_bonus":"TRANSFORM_CARD","is_prod":false,"is_daily":false,"chose_seed":false,"campfire_upgraded":4,"win_rate":0,"timestamp":1536266992,"path_taken":["M","?","?","?","M","R","E","R","T","?","R","?","M","?","R","BOSS","M","M","?","?","?","R","M","R","T","M","$","M","M","?","R","BOSS","M","M","?","$","M","E","?","?","T","R","M","R","M","M"],"build_version":"2018-09-05","purchased_purges":3,"victory":false,"max_hp_per_floor":[80,80,80,80,80,80,80,80,80,80,80,80,80,80,80,80,80,80,80,80,80,80,80,80,80,80,80,80,80,80,80,80,80,80,80,83,83,83,83,83,83,83,83,83,83,83,83,83],"card_choices":[{"not_picked":["Heavy Blade","Flex"],"picked":"Shrug It Off","floor":1},{"not_picked":["Pommel Strike","Rupture"],"picked":"Seeing Red","floor":5},{"not_picked":["Searing Blow","Intimidate"],"picked":"Uppercut","floor":7},{"not_picked":["Sentinel","Flex"],"picked":"Battle Trance","floor":10},{"not_picked":["Burning Pact","Rupture","Warcry"],"picked":"SKIP","floor":13},{"not_picked":["Fire Breathing","Carnage","Pommel Strike"],"picked":"SKIP","floor":14},{"not_picked":["Dark Embrace","Reaper"],"picked":"Fiend Fire","floor":16},{"not_picked":["Clothesline+1","Headbutt","Cleave"],"picked":"SKIP","floor":18},{"not_picked":["Fire Breathing","Combust","Body Slam"],"picked":"SKIP","floor":19},{"not_picked":["Twin Strike","Iron Wave+1","Wild Strike"],"picked":"SKIP","floor":20},{"not_picked":["True Grit","Hemokinesis","Rage"],"picked":"SKIP","floor":24},{"not_picked":["Hemokinesis","Body Slam+1","Anger"],"picked":"SKIP","floor":27},{"not_picked":["Armaments+1","Sword Boomerang","Carnage+1"],"picked":"SKIP","floor":29},{"not_picked":["Headbutt","Blood for Blood","Combust"],"picked":"SKIP","floor":30},{"not_picked":["Iron Wave","Twin Strike+1","Rage+1"],"picked":"SKIP","floor":31},{"not_picked":["Flex","Havoc+1","Pummel+1"],"picked":"SKIP","floor":35},{"not_picked":["Blood for Blood+1","Uppercut+1"],"picked":"Shockwave","floor":36},{"not_picked":["Rampage","Carnage"],"picked":"Clash","floor":39},{"not_picked":["Disarm","Blood for Blood","Twin Strike+1"],"picked":"SKIP","floor":40},{"not_picked":["Ghostly Armor+1","Battle Trance"],"picked":"Double Tap","floor":45},{"not_picked":["Blood for Blood","Iron Wave","Intimidate"],"picked":"SKIP","floor":47}],"player_experience":888086,"relics_obtained":[{"floor":4,"key":"Vajra"},{"floor":7,"key":"Self Forming Clay"},{"floor":9,"key":"Peace Pipe"},{"floor":26,"key":"Darkstone Periapt"},{"floor":37,"key":"Bird Faced Urn"},{"floor":40,"key":"Shovel"},{"floor":40,"key":"Dead Branch"},{"floor":43,"key":"Mercury Hourglass"},{"floor":46,"key":"Ice Cream"}],"event_choices":[{"event_name":"Living Wall","player_choice":"Grow","floor":3,"damage_taken":0},{"event_name":"Wheel of Change","player_choice":"Card Removal","floor":12,"damage_taken":0},{"event_name":"Knowing Skull","player_choice":"GOLD ","floor":21,"damage_taken":0},{"event_name":"The Mausoleum","player_choice":"No","floor":22,"damage_taken":0},{"event_name":"MindBloom","player_choice":"Fight","floor":37,"damage_taken":0},{"event_name":"FaceTrader","player_choice":"Leave","floor":41,"damage_taken":0},{"event_name":"Transmorgrifier","player_choice":"Transform","floor":42,"damage_taken":0}],"is_beta":true,"boss_relics":[{"not_picked":["Lizard Tail","Sozu"],"picked":"Empty Cage"},{"not_picked":["Runic Pyramid","Snecko Eye"],"picked":"Black Star"}],"items_purged_floors":[2,28,38],"is_endless":false,"potions_floor_spawned":[5,10,13,18,20,27,30,33,35,36,37],"killed_by":"Maw","ascension_level":0}