{"gold_per_floor":[111,122,137,150,150,150,165,198,198,227,227,244,244,194,194,294,294,309,309,328,346,271,302,302,330,353,369,369,369,394,64,64,169,169,182,182],"floor_reached":36,"playtime":4858,"items_purged":["Quick Slash"],"score":496,"play_id":"a07a2922-ee10-49b8-93ef-825c5a811bfd","local_time":"20190913151139","is_ascension_mode":true,"campfire_choices":[{"data":"Sucker Punch","floor":6,"key":"SMITH"},{"floor":11,"key":"REST"},{"data":"Deadly Poison","floor":13,"key":"SMITH"},{"data":"Acrobatics","floor":15,"key":"SMITH"},{"data":"Malaise","floor":24,"key":"SMITH"},{"floor":29,"key":"REST"},{"data":"Accuracy","floor":32,"key":"SMITH"}],"neow_cost":"NONE","seed_source_timestamp":1618978216800,"circlet_count":0,"master_deck":["Survivor","Neutralize","Sucker Punch+1","Blur","Deflect","Dagger Spray","Blur","Unload","Deadly Poison+1","Acrobatics+1","Malaise+1","Storm of Steel","Glass Knife","Distraction","Flying Knee","Glass Knife","Calculated Gamble","Burst","Deflect","Footwork","PiercingWail","Crippling Poison","Accuracy+1","Night Terror","Footwork+1"],"relics":["Ring of the Snake","Snake Skull","Kunai","Question Card","Odd Mushroom","Pandora\u0027s Box","Art of War","Dodecahedron","Oddly Smooth Stone","WingedGreaves","Ninja Scroll","Meat on the Bone","Velvet Choker"],"potions_floor_usage":[10,16,18,23,30,33,33],"damage_taken":[{"damage":5,"enemies":"Jaw Worm","floor":1,"turns":4},{"damage":0,"enemies":"Small Slimes","floor":2,"turns":2},{"damage":0,"enemies":"2 Louse","floor":3,"turns":4},{"damage":7,"enemies":"Gremlin Gang","floor":4,"turns":8},{"damage":0,"enemies":"Looter","floor":7,"turns":4},{"damage":22,"enemies":"Lagavulin","floor":8,"turns":14},{"damage":15,"enemies":"The Mushroom Lair","floor":10,"turns":5},{"damage":0,"enemies":"Blue Slaver","floor":12,"turns":5},{"damage":0,"enemies":"The Guardian","floor":16,"turns":12},{"damage":6,"enemies":"2 Thieves","floor":18,"turns":4},{"damage":6,"enemies":"Chosen","floor":20,"turns":10},{"damage":15,"enemies":"Shelled Parasite and Fungi","floor":21,"turns":7},{"damage":2,"enemies":"Book of Stabbing","floor":23,"turns":7},{"damage":2,"enemies":"Gremlin Leader","floor":25,"turns":8},{"damage":9,"enemies":"Chosen and Byrds","floor":27,"turns":8},{"damage":15,"enemies":"Book of Stabbing","floor":30,"turns":6},{"damage":26,"enemies":"Automaton","floor":33,"turns":14},{"damage":17,"enemies":"3 Shapes","floor":35,"turns":9},{"damage":60,"enemies":"2 Orb Walkers","floor":36,"turns":4}],"seed_played":"679028118160231445","potions_obtained":[{"floor":3,"key":"Regen Potion"},{"floor":8,"key":"GamblersBrew"},{"floor":10,"key":"Energy Potion"},{"floor":12,"key":"Weak Potion"},{"floor":20,"key":"EssenceOfSteel"},{"floor":25,"key":"Poison Potion"},{"floor":30,"key":"GamblersBrew"}],"is_trial":false,"path_per_floor":["M","M","M","M","?","R","M","E","T","?","R","M","R","?","R","B",null,"M","?","M","M","?","E","R","E","T","M","T","R","E","$","R","B",null,"M","?"],"character_chosen":"THE_SILENT","items_purchased":["Meat on the Bone"],"campfire_rested":2,"item_purchase_floors":[31],"current_hp_per_floor":[65,65,65,58,63,63,63,41,41,38,60,60,60,60,60,60,75,69,69,63,48,48,46,46,44,44,35,35,57,42,42,42,28,75,58,0],"gold":182,"neow_bonus":"RANDOM_COMMON_RELIC","is_prod":false,"is_daily":false,"chose_seed":false,"campfire_upgraded":5,"win_rate":0,"timestamp":1568380299,"path_taken":["M","M","M","M","?","R","M","E","T","?","R","M","R","?","R","BOSS","M","?","?","M","?","E","R","E","T","M","?","R","E","$","R","BOSS","M","?"],"build_version":"2019-07-17","purchased_purges":1,"victory":false,"max_hp_per_floor":[70,70,70,70,75,75,75,75,75,75,75,75,75,75,75,75,75,75,75,75,75,75,75,75,75,75,75,75,75,75,75,75,75,75,75,75],"card_choices":[{"not_picked":["PiercingWail","Calculated Gamble"],"picked":"Sucker Punch","floor":1},{"not_picked":["Deflect","Dagger Throw"],"picked":"Blur","floor":2},{"not_picked":["Bane","Heel Hook"],"picked":"Deflect","floor":3},{"not_picked":["Prepared","Bane"],"picked":"Dagger Spray","floor":4},{"not_picked":["Dagger Throw","Prepared"],"picked":"Blur","floor":7},{"not_picked":["Dagger Throw","Slice"],"picked":"Unload","floor":8},{"not_picked":["Dagger Throw","Blade Dance","Poisoned Stab"],"picked":"Deadly Poison","floor":10},{"not_picked":["Deflect","Underhanded Strike","Outmaneuver"],"picked":"Acrobatics","floor":12},{"not_picked":["Tools of the Trade","Doppelganger","After Image"],"picked":"Malaise","floor":16},{"not_picked":["Calculated Gamble+1","Dodge and Roll","Dagger Spray+1"],"picked":"Footwork","floor":18},{"not_picked":["Dash","Poisoned Stab","Blade Dance","Eviscerate"],"picked":"SKIP","floor":20},{"not_picked":["Flying Knee","Blade Dance","Infinite Blades"],"picked":"PiercingWail","floor":21},{"not_picked":["Escape Plan","Expertise+1","Distraction"],"picked":"Crippling Poison","floor":23},{"not_picked":["Acrobatics","Underhanded Strike","Deflect","Cloak And Dagger"],"picked":"SKIP","floor":25},{"not_picked":["Blade Dance","Blur+1","Bane+1","Acrobatics"],"picked":"SKIP","floor":27},{"not_picked":["Dagger Spray","Poisoned Stab","Distraction"],"picked":"Accuracy","floor":30},{"not_picked":["Storm of Steel","Doppelganger","Burst"],"picked":"Night Terror","floor":33},{"not_picked":["Cloak And Dagger","Slice+1","Outmaneuver"],"picked":"Footwork+1","floor":35}],"player_experience":88216,"relics_obtained":[{"floor":8,"key":"Kunai"},{"floor":9,"key":"Question Card"},{"floor":10,"key":"Odd Mushroom"},{"floor":23,"key":"Art of War"},{"floor":25,"key":"Dodecahedron"},{"floor":26,"key":"Oddly Smooth Stone"},{"floor":28,"key":"WingedGreaves"},{"floor":30,"key":"Ninja Scroll"}],"event_choices":[{"damage_healed":0,"gold_gain":0,"player_choice":"Donut","damage_taken":0,"max_hp_gain":5,"max_hp_loss":0,"event_name":"Big Fish","floor":5,"gold_loss":0},{"damage_healed":0,"gold_gain":0,"player_choice":"Fought Mushrooms","damage_taken":0,"max_hp_gain":0,"max_hp_loss":0,"event_name":"Mushrooms","floor":10,"gold_loss":0},{"cards_removed":["Strike_G"],"damage_healed":0,"gold_gain":0,"player_choice":"Card Removal","damage_taken":0,"max_hp_gain":0,"max_hp_loss":0,"event_name":"The Cleric","floor":14,"gold_loss":50},{"damage_healed":0,"gold_gain":0,"player_choice":"Cursed","damage_taken":0,"max_hp_gain":0,"max_hp_loss":0,"event_name":"Wheel of Change","floor":19,"gold_loss":0,"cards_obtained":["Decay"]},{"cards_removed":["Decay"],"damage_healed":0,"gold_gain":0,"player_choice":"Gave Gold","damage_taken":0,"max_hp_gain":0,"max_hp_loss":0,"event_name":"Beggar","floor":22,"gold_loss":75},{"damage_healed":0,"gold_gain":0,"player_choice":"Fight","damage_taken":0,"max_hp_gain":0,"max_hp_loss":0,"event_name":"Mysterious Sphere","floor":36,"gold_loss":0}],"is_beta":false,"boss_relics":[{"not_picked":["Orrery","WristBlade"],"picked":"Pandora\u0027s Box"},{"not_picked":["Tiny House","White Beast Statue"],"picked":"Velvet Choker"}],"items_purged_floors":[31],"is_endless":false,"potions_floor_spawned":[3,8,10,12,20,25,30],"killed_by":"2 Orb Walkers","ascension_level":1}