{"gold_per_floor":[18,31,47,67,79,79,138,138,138,138,168,182,182,199,199,278,278,297,297,372,38,56,85,85,85,109,142,153,153,188,198,198,271,271,282,295,315,315,390,390,402,427,427,40,73,6,17,45,45,45,45,45,45,75,75],"floor_reached":56,"playtime":6833,"items_purged":["Decay"],"score":2085,"play_id":"e0024bf0-9a19-49e0-9af7-4ce29120adac","local_time":"20190806205509","is_ascension_mode":true,"campfire_choices":[{"data":"Zap","floor":6.0,"key":"SMITH"},{"data":"Dualcast","floor":8.0,"key":"SMITH"},{"floor":10.0,"key":"REST"},{"floor":15.0,"key":"REST"},{"data":"Steam Power","floor":24.0,"key":"SMITH"},{"data":"Sunder","floor":29.0,"key":"SMITH"},{"data":"Go for the Eyes","floor":32,"key":"SMITH"},{"data":"Recycle","floor":40,"key":"SMITH"},{"floor":49,"key":"RECALL"},{"data":"Turbo","floor":52,"key":"SMITH"}],"neow_cost":"NO_GOLD","seed_source_timestamp":1783819131203655,"circlet_count":0,"master_deck":["AscendersBane","Strike_B","Strike_B","Defend_B","Defend_B","Defend_B","Zap+1","Dualcast+1","Gash","All For One","Leap","Beam Cell","Gash","Steam Power+1","Go for the Eyes+1","Cold Snap","Capacitor+1","Machine Learning+1","Sunder+1","Echo Form+1","Echo Form+1","Ghostly","Ghostly","Ghostly","Ghostly","Ghostly","Self Repair+1","Defragment+1","Force Field","Core Surge","Gash","Conserve Battery+1","Glacier","Static Discharge+1","Buffer+1","Steam+1","Recycle+1","Turbo+1","Meteor Strike","Compile Driver","Defragment+1","Lockon","All For One","Turbo"],"special_seed":0,"relics":["Cracked Core","Tiny Chest","Frozen Egg 2","Question Card","Sundial","Calling Bell","Potion Belt","Ornamental Fan","Pocketwatch","Bottled Tornado","Incense Burner","Bottled Lightning","Omamori","Turnip","Juzu Bracelet","Empty Cage","Gremlin Horn","Ice Cream","Shuriken","Gambling Chip","Nunchaku"],"potions_floor_usage":[47,50,55,55],"damage_taken":[{"damage":0.0,"enemies":"Cultist","floor":1.0,"turns":3.0},{"damage":7.0,"enemies":"Jaw Worm","floor":2.0,"turns":3.0},{"damage":1.0,"enemies":"Small Slimes","floor":3.0,"turns":3.0},{"damage":26.0,"enemies":"Exordium Thugs","floor":4.0,"turns":5.0},{"damage":11.0,"enemies":"Looter","floor":5.0,"turns":2.0},{"damage":5.0,"enemies":"Lagavulin","floor":7.0,"turns":5.0},{"damage":15.0,"enemies":"3 Sentries","floor":11.0,"turns":4.0},{"damage":5.0,"enemies":"Lots of Slimes","floor":12.0,"turns":3.0},{"damage":8.0,"enemies":"2 Fungi Beasts","floor":14.0,"turns":3.0},{"damage":0.0,"enemies":"Slime Boss","floor":16.0,"turns":4.0},{"damage":4.0,"enemies":"Shell Parasite","floor":18.0,"turns":3.0},{"damage":6.0,"enemies":"Chosen","floor":22.0,"turns":8.0},{"damage":12.0,"enemies":"Book of Stabbing","floor":23.0,"turns":6.0},{"damage":15.0,"enemies":"Slavers","floor":27.0,"turns":9.0},{"damage":9.0,"enemies":"Snake Plant","floor":28.0,"turns":8.0},{"damage":22.0,"enemies":"Book of Stabbing","floor":30.0,"turns":8.0},{"damage":2,"enemies":"Cultist and Chosen","floor":31,"turns":7},{"damage":12,"enemies":"Collector","floor":33,"turns":9},{"damage":0,"enemies":"Orb Walker","floor":35,"turns":5},{"damage":3,"enemies":"3 Shapes","floor":36,"turns":5},{"damage":3,"enemies":"Sphere and 2 Shapes","floor":37,"turns":6},{"damage":1,"enemies":"Spire Growth","floor":41,"turns":8},{"damage":5,"enemies":"Giant Head","floor":42,"turns":10},{"damage":2,"enemies":"Reptomancer","floor":45,"turns":7},{"damage":6,"enemies":"3 Darklings","floor":47,"turns":8},{"damage":0,"enemies":"Nemesis","floor":48,"turns":9},{"damage":10,"enemies":"Awakened One","floor":50,"turns":12},{"damage":8,"enemies":"Shield and Spear","floor":54,"turns":5},{"damage":32,"enemies":"The Heart","floor":55,"turns":12}],"seed_played":"6409677570318636714","potions_obtained":[{"floor":3.0,"key":"FearPotion"},{"floor":5.0,"key":"LiquidBronze"},{"floor":7.0,"key":"Dexterity Potion"},{"floor":12.0,"key":"FocusPotion"},{"floor":22.0,"key":"Regen Potion"},{"floor":27.0,"key":"Explosive Potion"},{"floor":33,"key":"Poison Potion"},{"floor":42,"key":"EssenceOfSteel"},{"floor":47,"key":"Poison Potion"},{"floor":48,"key":"Block Potion"}],"is_trial":false,"path_per_floor":["M","M","M","M","M","R","E","R","T","R","E","M","T","M","R","B",null,"M","?","T","$","M","E","R","?","T","E","M","R","E","M","R","B",null,"M","M","M","?","?","R","M","E","T","$","E","$","M","E","R","B",null,"R","$","E","B",null],"character_chosen":"DEFECT","items_purchased":["Incense Burner","Self Repair+1","Ice Cream","Defragment+1"],"campfire_rested":2,"item_purchase_floors":[21,21,44,46],"current_hp_per_floor":[68,61,60,34,23,23,18,18,18,40,25,20,20,12,34,34,65,61,37,37,37,37,35,35,35,35,30,37,37,25,33,33,37,37,37,37,37,37,34,34,33,37,37,37,37,37,37,37,37,37,37,37,37,37,15],"gold":75,"neow_bonus":"TRANSFORM_TWO_CARDS","is_prod":false,"is_daily":false,"chose_seed":false,"campfire_upgraded":7,"win_rate":0,"timestamp":1565150109,"path_taken":["M","?","M","?","M","R","E","R","T","R","E","M","?","M","R","BOSS","M","?","?","$","M","E","R","?","T","E","M","R","E","M","R","BOSS","M","M","M","?","?","R","M","E","T","$","E","$","M","E","R","BOSS","R","$","E","BOSS"],"build_version":"2019-07-17","purchased_purges":1,"victory":true,"max_hp_per_floor":[75,75,75,75,75,75,75,75,75,75,75,75,75,75,75,75,75,75,37,37,37,37,37,37,37,37,37,37,37,37,37,37,37,37,37,37,37,37,37,37,37,37,37,37,37,37,37,37,37,37,37,37,37,37,37],"card_choices":[{"not_picked":["Compile Driver","Stack"],"picked":"Leap","floor":1.0},{"not_picked":["Hologram","Streamline"],"picked":"Beam Cell","floor":2.0},{"not_picked":["Redo","White Noise"],"picked":"Gash","floor":3.0},{"not_picked":["Fusion","Recycle"],"picked":"Steam Power","floor":4.0},{"not_picked":["Force Field","Amplify"],"picked":"Go for the Eyes","floor":5.0},{"not_picked":["Go for the Eyes","Barrage"],"picked":"Cold Snap","floor":7.0},{"not_picked":["Steam","Beam Cell"],"picked":"Capacitor+1","floor":11.0},{"not_picked":["Stack","Redo","Leap"],"picked":"Machine Learning+1","floor":12.0},{"not_picked":["Rebound","Streamline","Redo"],"picked":"Sunder","floor":14.0},{"not_picked":["Machine Learning+1","Rainbow","Thunder Strike"],"picked":"Echo Form+1","floor":16.0},{"not_picked":["Leap","Beam Cell","Compile Driver"],"picked":"Echo Form+1","floor":18.0},{"not_picked":["Loop+1","Stack","Reprogram"],"picked":"Defragment+1","floor":22.0},{"not_picked":["Steam Power","Rebound","Glacier"],"picked":"Force Field","floor":23.0},{"not_picked":["Leap","Redo","Compile Driver"],"picked":"Gash","floor":27.0},{"not_picked":["Darkness","Beam Cell+1","Rebound"],"picked":"Conserve Battery+1","floor":28.0},{"not_picked":["Reprogram","Melter","Redo"],"picked":"Glacier","floor":30.0},{"not_picked":["Skim","Sweeping Beam","Chaos"],"picked":"Static Discharge+1","floor":31},{"not_picked":["Biased Cognition+1","Echo Form+1","Meteor Strike"],"picked":"Buffer+1","floor":33},{"not_picked":["Go for the Eyes","Stack","Melter+1","Beam Cell+1"],"picked":"SKIP","floor":35},{"not_picked":["Rebound","Go for the Eyes","Coolheaded"],"picked":"Steam+1","floor":36},{"not_picked":["Beam Cell+1","Genetic Algorithm","Lockon"],"picked":"Recycle","floor":37},{"not_picked":["Leap","Tempest","Conserve Battery"],"picked":"Turbo","floor":41},{"not_picked":["Compile Driver","Skim","Turbo"],"picked":"Meteor Strike","floor":42},{"not_picked":["Coolheaded","Chill+1","Steam+1"],"picked":"Compile Driver","floor":45},{"not_picked":["Leap","Cold Snap","Redo"],"picked":"Lockon","floor":47},{"not_picked":["Chill+1","Rebound","Streamline+1"],"picked":"All For One","floor":48},{"not_picked":["Leap","Coolheaded","Sunder+1"],"picked":"Turbo","floor":54}],"player_experience":607947,"relics_obtained":[{"floor":7.0,"key":"Tiny Chest"},{"floor":9.0,"key":"Frozen Egg 2"},{"floor":11.0,"key":"Question Card"},{"floor":13.0,"key":"Sundial"},{"floor":17.0,"key":"Potion Belt"},{"floor":17.0,"key":"Ornamental Fan"},{"floor":17.0,"key":"Pocketwatch"},{"floor":20.0,"key":"Bottled Tornado"},{"floor":23.0,"key":"Bottled Lightning"},{"floor":26.0,"key":"Omamori"},{"floor":27.0,"key":"Turnip"},{"floor":30.0,"key":"Juzu Bracelet"},{"floor":42,"key":"Gremlin Horn"},{"floor":45,"key":"Shuriken"},{"floor":48,"key":"Gambling Chip"},{"floor":54,"key":"Nunchaku"}],"event_choices":[{"damage_healed":0.0,"max_hp_gain":0.0,"max_hp_loss":38.0,"gold_gain":0.0,"event_name":"Ghosts","player_choice":"Became a Ghost","floor":19.0,"gold_loss":0.0,"damage_taken":0.0,"cards_obtained":["Ghostly","Ghostly","Ghostly","Ghostly","Ghostly"]},{"damage_healed":0.0,"max_hp_gain":0.0,"max_hp_loss":0.0,"gold_gain":0.0,"cards_transformed":["Strike_B"],"event_name":"Transmorgrifier","player_choice":"Transformed","floor":25.0,"gold_loss":0.0,"damage_taken":0.0,"cards_obtained":["Core Surge"]},{"damage_healed":0,"gold_gain":0,"player_choice":"Ignored","damage_taken":0,"max_hp_gain":0,"max_hp_loss":0,"event_name":"Tomb of Lord Red Mask","floor":38,"gold_loss":0},{"damage_healed":0,"gold_gain":75,"player_choice":"Touch","damage_taken":3,"max_hp_gain":0,"max_hp_loss":0,"event_name":"FaceTrader","floor":39,"gold_loss":0}],"is_beta":false,"boss_relics":[{"not_picked":["White Beast Statue","Snecko Eye"],"picked":"Calling Bell"},{"not_picked":["Fusion Hammer","Pandora\u0027s Box"],"picked":"Empty Cage"}],"items_purged_floors":[44],"is_endless":false,"potions_floor_spawned":[3,5,7,12,14,22,27,33,42,47,48],"ascension_level":13}