{"path_per_floor":["M","M","M","M","?","R","$","?","T","R","M","M","R","M","R","B",null,"M","M"],"character_chosen":"DEFECT","items_purchased":["Capacitor"],"gold_per_floor":[115,129,140,159,232,232,107,136,161,161,171,186,186,205,205,310,310,321,337,337],"floor_reached":20,"campfire_rested":2,"playtime":1221,"current_hp_per_floor":[74,73,69,55,55,55,55,24,24,24,14,12,34,14,36,10,75,35,10,0],"items_purged":["Strike_B"],"gold":337,"score":168,"play_id":"7e903369-6433-444f-8d43-4045e9402051","local_time":"20180508172638","is_prod":false,"is_daily":false,"chose_seed":false,"is_ascension_mode":false,"campfire_upgraded":2,"timestamp":1525814798,"path_taken":["M","?","M","M","?","R","?","?","T","R","M","M","R","?","R","BOSS","M","M","M"],"build_version":"2018-05-07","seed_source_timestamp":590099363257562,"purchased_purges":1,"victory":false,"master_deck":["Strike_B","Strike_B","Strike_B","Defend_B","Defend_B","Defend_B","Defend_B","Zap+1","Dualcast","Axe Kick","Streamline","Storm+1","Storm","Capacitor","Leap","Stack","Ball Lightning","Hologram","Thunder Strike","Consume+1","Capacitor"],"max_hp_per_floor":[75,75,75,75,75,75,75,75,75,75,75,75,75,75,75,75,75,75,75,75],"relics":["Cracked Core","Odd Mushroom","Pen Nib","Philosopher\u0027s Stone"],"card_choices":[{"not_picked":["Coolheaded","Double Energy"],"picked":"Axe Kick","floor":1},{"not_picked":["Reprogram","Static Discharge"],"picked":"Streamline","floor":2},{"not_picked":["Cold Snap","Axe Kick"],"picked":"Storm","floor":3},{"not_picked":["Skim","Streamline"],"picked":"Storm","floor":4},{"not_picked":["Heatsinks","Sunder"],"picked":"Leap","floor":8},{"not_picked":["Turbo","Beam Cell"],"picked":"Stack","floor":11},{"not_picked":["Go for the Eyes","Gash"],"picked":"Ball Lightning","floor":12},{"not_picked":["Hyperbeam","Go for the Eyes"],"picked":"Hologram","floor":14},{"not_picked":["Biased Cognition","All For One"],"picked":"Thunder Strike","floor":16},{"not_picked":["Lockon","Capacitor"],"picked":"Consume","floor":18},{"not_picked":["Beam Cell","Barrage"],"picked":"Capacitor","floor":19}],"player_experience":428192,"potions_floor_usage":[8,16,16,19,19],"damage_taken":[{"damage":1,"enemies":"Cultist","floor":1,"turns":3},{"damage":1,"enemies":"Jaw Worm","floor":2,"turns":3},{"damage":4,"enemies":"2 Louse","floor":3,"turns":3},{"damage":14,"enemies":"Exordium Thugs","floor":4,"turns":5},{"damage":31,"enemies":"The Mushroom Lair","floor":8,"turns":3},{"damage":10,"enemies":"Looter","floor":11,"turns":3},{"damage":2,"enemies":"Blue Slaver","floor":12,"turns":3},{"damage":20,"enemies":"Gremlin Gang","floor":14,"turns":4},{"damage":26,"enemies":"Hexaghost","floor":16,"turns":8},{"damage":40,"enemies":"2 Thieves","floor":18,"turns":4},{"damage":25,"enemies":"3 Byrds","floor":19,"turns":4},{"damage":12,"enemies":"Slaver and Parasite","floor":20,"turns":1}],"event_choices":[{"event_name":"Golden Wing","player_choice":"Gained Gold","floor":5,"damage_taken":0},{"event_name":"Mushrooms","player_choice":"Fought Mushrooms","floor":8,"damage_taken":0}],"boss_relics":[{"not_picked":["Black Star","White Beast Statue"],"picked":"Philosopher\u0027s Stone"}],"potions_floor_spawned":[4,8,11,12,16,19],"seed_played":"2672804989568711066","killed_by":"Slaver and Parasite","ascension_level":0,"is_trial":false}