{"gold_per_floor":[115,40,40,51,51,77,77,8,8,25,25,25,25,55,55,154,154,171,37,57,74,173,173,191,191,242,254,254,266,277,28,28,133,133,148,167,179,195,215,250,250,100,100,28,28,28,87,87,87,87],"floor_reached":51,"playtime":3112,"items_purged":["Normality","Strike_B","Strike_B","Dualcast"],"score":725,"play_id":"1f54f231-1dc7-4fed-ac8d-1fe9c2e076f4","local_time":"20181127170048","is_ascension_mode":true,"campfire_choices":[{"data":"Defragment","floor":7,"key":"SMITH"},{"data":"Zap","floor":12,"key":"SMITH"},{"floor":15,"key":"REST"},{"data":"Amplify","floor":23,"key":"SMITH"},{"floor":25,"key":"REST"},{"floor":32,"key":"REST"},{"floor":41,"key":"REST"},{"floor":45,"key":"REST"},{"floor":49,"key":"REST"}],"neow_cost":"CURSE","seed_source_timestamp":459088306573523,"circlet_count":0,"master_deck":["Defend_B","Defend_B","Defend_B","Defend_B","Zap+1","Amplify+1","Defragment+1","Capacitor","Hologram","Capacitor","White Noise+1","Hologram+1","Thunder Strike","Go for the Eyes","FTL","Force Field+1","Defragment+1","Auto Shields+1","Conserve Battery+1","Rebound","Steam+1","Ball Lightning","Reboot+1","Steam+1","Recycle+1","Capacitor+1","Redo+1","Hologram+1","Fusion+1","White Noise+1"],"relics":["Cracked Core","Kunai","Juzu Bracelet","Pocketwatch","Toxic Egg 2","Oddly Smooth Stone","Runic Pyramid","Bag of Marbles","Empty Cage","Blood Vial","Sundial","Tiny Chest"],"potions_floor_usage":[11,18,21,21,27,33,33,33,38,38,47],"damage_taken":[{"damage":1,"enemies":"Cultist","floor":1,"turns":3},{"damage":0,"enemies":"Small Slimes","floor":4,"turns":3},{"damage":33,"enemies":"3 Sentries","floor":6,"turns":9},{"damage":6,"enemies":"Jaw Worm","floor":10,"turns":4},{"damage":0,"enemies":"3 Louse","floor":11,"turns":1},{"damage":18,"enemies":"Lagavulin","floor":14,"turns":5},{"damage":26,"enemies":"The Guardian","floor":16,"turns":6},{"damage":24,"enemies":"2 Thieves","floor":18,"turns":5},{"damage":11,"enemies":"Shell Parasite","floor":20,"turns":5},{"damage":0,"enemies":"Chosen and Byrds","floor":21,"turns":4},{"damage":29,"enemies":"Sentry and Sphere","floor":24,"turns":7},{"damage":6,"enemies":"Centurion and Healer","floor":27,"turns":7},{"damage":4,"enemies":"Chosen and Byrds","floor":29,"turns":4},{"damage":7,"enemies":"Shelled Parasite and Fungi","floor":30,"turns":5},{"damage":28,"enemies":"Collector","floor":33,"turns":10},{"damage":9,"enemies":"3 Darklings","floor":35,"turns":6},{"damage":18,"enemies":"3 Shapes","floor":36,"turns":4},{"damage":9,"enemies":"Writhing Mass","floor":37,"turns":6},{"damage":0,"enemies":"Transient","floor":38,"turns":5},{"damage":15,"enemies":"Spire Growth","floor":39,"turns":5},{"damage":10,"enemies":"Nemesis","floor":40,"turns":7},{"damage":29,"enemies":"Reptomancer","floor":47,"turns":9},{"damage":53,"enemies":"Donu and Deca","floor":50,"turns":13}],"seed_played":"-7679986972445804106","potions_obtained":[{"floor":4,"key":"SmokeBomb"},{"floor":6,"key":"EssenceOfSteel"},{"floor":14,"key":"Energy Potion"},{"floor":16,"key":"Dexterity Potion"},{"floor":18,"key":"Swift Potion"},{"floor":21,"key":"SkillPotion"},{"floor":29,"key":"SkillPotion"},{"floor":30,"key":"LiquidBronze"},{"floor":36,"key":"SkillPotion"},{"floor":37,"key":"GamblersBrew"},{"floor":40,"key":"Fire Potion"}],"is_trial":false,"path_per_floor":["M","$","T","M","?","E","R","$","T","M","M","R","$","E","R","B",null,"M","$","M","M","?","R","M","R","T","M","?","M","M","$","R","B",null,"M","M","M","M","M","E","R","$","T","$","R","?","E","?","R","B",null],"character_chosen":"DEFECT","items_purchased":["Capacitor","FTL","Regen Potion","Ball Lightning","Fusion+1"],"campfire_rested":6,"item_purchase_floors":[8,19,31,31,44],"current_hp_per_floor":[74,74,74,74,71,38,38,38,38,32,32,32,32,14,36,10,75,51,51,40,40,40,40,11,33,33,27,27,23,16,16,38,25,75,66,48,39,39,24,14,36,36,36,36,58,58,31,31,52,1],"gold":87,"neow_bonus":"THREE_RARE_CARDS","is_prod":false,"is_daily":false,"chose_seed":false,"campfire_upgraded":3,"win_rate":0,"timestamp":1543334448,"path_taken":["M","$","?","M","?","E","R","?","T","M","M","R","$","E","R","BOSS","M","$","M","M","?","R","M","R","T","M","?","M","M","$","R","BOSS","M","M","M","M","M","E","R","$","T","$","R","?","E","?","R","BOSS"],"build_version":"2018-11-15","purchased_purges":4,"victory":true,"max_hp_per_floor":[75,75,75,75,75,75,75,75,75,75,75,75,75,75,75,75,75,75,75,75,75,75,75,75,75,75,75,75,75,75,75,75,75,75,75,75,75,75,75,75,75,75,75,75,75,75,75,71,71,71],"card_choices":[{"not_picked":["Buffer","Core Surge"],"picked":"Amplify","floor":0},{"not_picked":["Compile Driver","Rebound"],"picked":"Defragment","floor":1},{"not_picked":["Storm","Beam Cell"],"picked":"Capacitor","floor":4},{"not_picked":["Steam Power","Compile Driver"],"picked":"Hologram","floor":6},{"not_picked":["Coolheaded+1","Compile Driver"],"picked":"White Noise+1","floor":10},{"not_picked":["Rainbow+1","Compile Driver"],"picked":"Hologram+1","floor":14},{"not_picked":["Machine Learning","Biased Cognition"],"picked":"Thunder Strike","floor":16},{"not_picked":["Heatsinks","Rebound"],"picked":"Go for the Eyes","floor":18},{"not_picked":["Heatsinks","Doom and Gloom"],"picked":"Force Field+1","floor":20},{"not_picked":["Loop","White Noise+1"],"picked":"Defragment+1","floor":21},{"not_picked":["Barrage","Beam Cell"],"picked":"Auto Shields+1","floor":24},{"not_picked":["Rip and Tear","Turbo+1"],"picked":"Conserve Battery+1","floor":27},{"not_picked":["Cold Snap+1","Defragment"],"picked":"Rebound","floor":29},{"not_picked":["Coolheaded+1","Machine Learning"],"picked":"Steam+1","floor":30},{"not_picked":["Core Surge","Buffer"],"picked":"Reboot+1","floor":33},{"not_picked":["Coolheaded+1","Beam Cell"],"picked":"Steam+1","floor":35},{"not_picked":["Redo+1","Static Discharge"],"picked":"Recycle+1","floor":36},{"not_picked":["Barrage","Thunder Strike"],"picked":"Capacitor+1","floor":37},{"not_picked":["Recycle+1","Coolheaded+1"],"picked":"Redo+1","floor":38},{"not_picked":["Lockon+1","Darkness+1"],"picked":"Hologram+1","floor":39},{"not_picked":["Blizzard","Barrage","Cold Snap+1"],"picked":"SKIP","floor":40},{"not_picked":["Streamline","FTL+1"],"picked":"White Noise+1","floor":47}],"player_experience":253259,"relics_obtained":[{"floor":3,"key":"Kunai"},{"floor":6,"key":"Pocketwatch"},{"floor":9,"key":"Toxic Egg 2"},{"floor":14,"key":"Oddly Smooth Stone"},{"floor":26,"key":"Bag of Marbles"},{"floor":40,"key":"Blood Vial"},{"floor":43,"key":"Sundial"},{"floor":47,"key":"Tiny Chest"}],"event_choices":[{"damage_healed":0,"gold_gain":0,"player_choice":"Success","damage_taken":3,"relics_obtained":["Juzu Bracelet"],"max_hp_gain":0,"max_hp_loss":0,"event_name":"Scrap Ooze","floor":5,"gold_loss":0},{"damage_healed":0,"gold_gain":99,"player_choice":"Stole From Cult","damage_taken":0,"max_hp_gain":0,"max_hp_loss":0,"event_name":"Nest","floor":22,"gold_loss":0},{"damage_healed":0,"gold_gain":0,"player_choice":"Ignored","damage_taken":0,"max_hp_gain":0,"max_hp_loss":0,"event_name":"The Mausoleum","floor":28,"gold_loss":0},{"damage_healed":0,"gold_gain":0,"player_choice":"Ignored","damage_taken":0,"max_hp_gain":0,"max_hp_loss":0,"event_name":"Mysterious Sphere","floor":46,"gold_loss":0},{"damage_healed":0,"gold_gain":0,"player_choice":"Max HP","damage_taken":0,"max_hp_gain":0,"max_hp_loss":4,"event_name":"Winding Halls","floor":48,"gold_loss":0}],"is_beta":false,"boss_relics":[{"not_picked":["Snecko Eye","Philosopher\u0027s Stone"],"picked":"Runic Pyramid"},{"not_picked":["Runic Dome","Velvet Choker"],"picked":"Empty Cage"}],"items_purged_floors":[2,19,31,42],"is_endless":false,"potions_floor_spawned":[4,6,14,16,18,21,29,30,36,37,40],"ascension_level":1}