{"gold_per_floor":[116,132,307,102,102,130,155,201,239,251,282,311,82,82,82,82],"floor_reached":16,"playtime":1089,"items_purged":[],"score":127,"play_id":"1f71bac9-402c-43d6-bb02-3625f4d682dc","local_time":"20190911162735","is_ascension_mode":true,"campfire_choices":[{"floor":10,"key":"REST"},{"floor":15,"key":"REST"}],"neow_cost":"NONE","seed_source_timestamp":2203317038594700,"circlet_count":0,"master_deck":["Strike_R","Strike_R","Strike_R","Strike_R","Strike_R","Defend_R+1","Defend_R","Defend_R","Defend_R","Bash","Ghostly Armor","Feel No Pain","Doubt","Intimidate","Heavy Blade","Shame","Flex+1","Shockwave"],"relics":["Cursed Key","MealTicket","Oddly Smooth Stone","MawBank","Vajra","Juzu Bracelet","Pantograph","War Paint"],"potions_floor_usage":[8,16],"damage_taken":[{"damage":7,"enemies":"Small Slimes","floor":1,"turns":4},{"damage":0,"enemies":"Jaw Worm","floor":2,"turns":3},{"damage":17,"enemies":"3 Sentries","floor":6,"turns":15},{"damage":6,"enemies":"Cultist","floor":7,"turns":5},{"damage":46,"enemies":"Gremlin Nob","floor":8,"turns":5},{"damage":8,"enemies":"Red Slaver","floor":11,"turns":3},{"damage":11,"enemies":"Looter","floor":12,"turns":3},{"damage":71,"enemies":"Slime Boss","floor":16,"turns":10}],"seed_played":"-5681224593069633268","potions_obtained":[{"floor":2,"key":"Fire Potion"},{"floor":7,"key":"Strength Potion"},{"floor":8,"key":"LiquidBronze"}],"is_trial":false,"path_per_floor":["M","M","?","$","?","E","M","E","T","R","M","M","$","?","R","B"],"character_chosen":"IRONCLAD","items_purchased":["MealTicket","Pantograph"],"campfire_rested":2,"item_purchase_floors":[4,13],"current_hp_per_floor":[73,73,73,73,73,56,50,4,4,28,20,9,24,17,41,0],"gold":82,"neow_bonus":"BOSS_RELIC","is_prod":false,"is_daily":false,"chose_seed":false,"campfire_upgraded":0,"win_rate":0,"timestamp":1568233655,"path_taken":["M","M","?","$","?","E","?","E","T","R","M","M","?","?","R","BOSS"],"build_version":"2019-07-17","purchased_purges":0,"victory":false,"max_hp_per_floor":[80,80,80,80,80,80,80,80,80,80,80,80,80,80,80,80],"card_choices":[{"not_picked":["Warcry","Fire Breathing"],"picked":"Ghostly Armor","floor":1},{"not_picked":["Sword Boomerang","Flex"],"picked":"Feel No Pain","floor":2},{"not_picked":["Armaments","Barricade"],"picked":"Intimidate","floor":6},{"not_picked":["True Grit","Hemokinesis","Burning Pact"],"picked":"SKIP","floor":7},{"not_picked":["Feel No Pain","Iron Wave"],"picked":"Heavy Blade","floor":8},{"not_picked":["Warcry","Corruption"],"picked":"Flex","floor":11},{"not_picked":["Whirlwind","Thunderclap"],"picked":"Shockwave","floor":12}],"player_experience":358721,"relics_obtained":[{"floor":6,"key":"MawBank"},{"floor":8,"key":"Vajra"},{"floor":9,"key":"Juzu Bracelet"}],"event_choices":[{"damage_healed":0,"gold_gain":175,"player_choice":"AGREE","damage_taken":0,"max_hp_gain":0,"max_hp_loss":0,"event_name":"Liars Game","floor":3,"gold_loss":0,"cards_obtained":["Doubt"]},{"damage_healed":0,"gold_gain":0,"player_choice":"Gave Potion","damage_taken":0,"relics_obtained":["Oddly Smooth Stone"],"max_hp_gain":0,"max_hp_loss":0,"event_name":"WeMeetAgain","floor":5,"gold_loss":0},{"damage_healed":0,"gold_gain":0,"player_choice":"Success","damage_taken":7,"relics_obtained":["War Paint"],"max_hp_gain":0,"max_hp_loss":0,"event_name":"Scrap Ooze","floor":14,"gold_loss":0}],"is_beta":false,"boss_relics":[],"items_purged_floors":[],"is_endless":false,"potions_floor_spawned":[2,7,8],"killed_by":"Slime Boss","ascension_level":3}