{"gold_per_floor":[113,131,131,131,56,56,71,71,98,119,119,119,190,190,190,313,313,327,350,394,49,49],"floor_reached":22,"playtime":464,"items_purged":["Strike_B","Strike_B"],"score":189,"play_id":"2ed59d36-4719-4632-9b9f-7449ef658953","local_time":"20180811213317","is_ascension_mode":true,"campfire_choices":[{"data":"Zap","floor":6,"key":"SMITH"},{"data":"Ball Lightning","floor":8,"key":"SMITH"},{"data":"Ball Lightning","floor":15,"key":"SMITH"}],"neow_cost":"NONE","seed_source_timestamp":540588791685846,"circlet_count":0,"master_deck":["Strike_B","Strike_B","Defend_B","Defend_B","Defend_B","Defend_B","Zap+1","Dualcast+1","Ball Lightning+1","Glacier","Ball Lightning+1","Ball Lightning+1","Machine Learning","Lockon"],"relics":["Cracked Core","Juzu Bracelet","Singing Bowl","Golden Idol","Bag of Marbles","Bag of Preparation","Eternal Feather","Red Mask","Pantograph"],"potions_floor_usage":[20,20],"damage_taken":[{"damage":2,"enemies":"Jaw Worm","floor":1,"turns":3},{"damage":0,"enemies":"Cultist","floor":2,"turns":2},{"damage":0,"enemies":"Small Slimes","floor":7,"turns":3},{"damage":0,"enemies":"2 Fungi Beasts","floor":10,"turns":2},{"damage":22,"enemies":"The Guardian","floor":16,"turns":9},{"damage":24,"enemies":"2 Thieves","floor":18,"turns":4},{"damage":22,"enemies":"3 Byrds","floor":19,"turns":3},{"damage":23,"floor":20,"turns":4},{"damage":18,"enemies":"Snecko","floor":22,"turns":2}],"seed_played":"2987426156639603762","potions_obtained":[{"floor":2,"key":"Ancient Potion"},{"floor":10,"key":"SmokeBomb"},{"floor":18,"key":"FearPotion"},{"floor":19,"key":"SkillPotion"}],"is_trial":false,"path_per_floor":["M","M","?","?","$","R","M","R","T","M","?","?","?","?","R","B",null,"M","M","?","$"],"character_chosen":"DEFECT","items_purchased":["Pantograph"],"campfire_rested":0,"item_purchase_floors":[21],"current_hp_per_floor":[73,73,73,55,55,55,55,55,55,55,52,37,37,37,37,15,75,53,31,10,10,0],"gold":49,"neow_bonus":"RANDOM_COMMON_RELIC","is_prod":false,"is_daily":false,"chose_seed":false,"campfire_upgraded":3,"win_rate":0,"timestamp":1534037597,"path_taken":["M","M","?","?","$","R","M","R","T","M","?","?","?","?","R","BOSS","M","M","?","$","M"],"build_version":"2018-08-08","purchased_purges":2,"victory":false,"max_hp_per_floor":[75,75,75,75,75,75,75,75,75,75,75,75,75,75,75,75,75,77,77,79,79,79],"card_choices":[{"not_picked":["Redo","Sweeping Beam"],"picked":"Ball Lightning","floor":1},{"not_picked":["Chill","Reprogram"],"picked":"Glacier","floor":2},{"not_picked":["Darkness","Blizzard"],"picked":"Ball Lightning","floor":7},{"not_picked":["Streamline","Compile Driver"],"picked":"Ball Lightning","floor":10},{"not_picked":["Creative AI","Biased Cognition"],"picked":"Machine Learning","floor":16},{"not_picked":["Fusion","Beam Cell","White Noise"],"picked":"Singing Bowl","floor":18},{"not_picked":["Cold Snap","Ball Lightning"],"picked":"Lockon","floor":19},{"not_picked":["Sweeping Beam","Recycle+1","Barrage"],"picked":"Singing Bowl","floor":20}],"player_experience":860002,"relics_obtained":[{"floor":9,"key":"Bag of Marbles"},{"floor":20,"key":"Red Mask"}],"event_choices":[{"event_name":"WeMeetAgain","player_choice":"Potion","floor":3,"damage_taken":0},{"event_name":"Golden Idol","player_choice":"Take Damage","floor":4,"damage_taken":0},{"event_name":"Scrap Ooze","player_choice":"success","floor":11,"damage_taken":3},{"event_name":"Shining Light","player_choice":"Entered Light","floor":12,"damage_taken":0},{"event_name":"Golden Wing","player_choice":"Gained Gold","floor":13,"damage_taken":0},{"event_name":"NoteForYourself","player_choice":"Ignored","floor":14,"damage_taken":0},{"event_name":"Masked Bandits","player_choice":"Fought Bandits","floor":20,"damage_taken":0}],"is_beta":true,"boss_relics":[{"not_picked":["Nuclear Battery","Busted Crown"],"picked":"Eternal Feather"}],"items_purged_floors":[5,21],"is_endless":false,"potions_floor_spawned":[2,10,18,19],"killed_by":"Snecko","ascension_level":2}