{"gold_per_floor":[110,110,34,51,51,51,63,63,63,97,97,125,125,139,139,210,210,228,246,169,184,184,184,196,196,219,219,219,219,249,268,268,344,344,361,380,380,311,311,337,337,81,108,123,123,156,156,166,166,166],"floor_reached":51,"playtime":1889,"items_purged":[],"score":1174,"play_id":"f96e0508-6154-4ec2-8618-db8f98848b09","local_time":"20190917185455","is_ascension_mode":true,"campfire_choices":[{"data":"Zap","floor":6.0,"key":"SMITH"},{"data":"Dualcast","floor":8.0,"key":"SMITH"},{"data":"Reinforced Body","floor":11.0,"key":"SMITH"},{"data":"Go for the Eyes","floor":15.0,"key":"SMITH"},{"data":"Creative AI","floor":23.0,"key":"SMITH"},{"floor":25.0,"key":"REST"},{"data":"Defragment","floor":27.0,"key":"SMITH"},{"data":"Coolheaded","floor":29.0,"key":"SMITH"},{"data":"Electrodynamics","floor":32.0,"key":"SMITH"},{"data":"Storm","floor":41,"key":"SMITH"},{"floor":45,"key":"REST"},{"floor":47,"key":"REST"},{"floor":49,"key":"RECALL"}],"neow_cost":"NONE","seed_source_timestamp":276722585459600,"circlet_count":0,"master_deck":["AscendersBane","Strike_B+1","Strike_B+1","Strike_B+1","Defend_B+1","Defend_B+1","Defend_B+1","Defend_B+1","Zap+1","Dualcast+1","Sweeping Beam","Glacier","Storm+1","Ball Lightning+1","Reinforced Body+1","Go for the Eyes+1","Creative AI+1","Doom and Gloom","Reboot","Defragment+1","Hologram","Coolheaded+1","Electrodynamics+1","Stack","Fission","Chaos+1","Conserve Battery","Amplify","Glacier","Barrage+1","BootSequence"],"special_seed":0,"relics":["FrozenCore","Dream Catcher","Pantograph","Mercury Hourglass","Potion Belt","CloakClasp","Oddly Smooth Stone","Nuclear Battery","Unceasing Top","Molten Egg 2","Anchor","Art of War"],"potions_floor_usage":[50,50,50],"damage_taken":[{"damage":1.0,"enemies":"Cultist","floor":1.0,"turns":3.0},{"damage":11.0,"enemies":"Small Slimes","floor":4.0,"turns":3.0},{"damage":1.0,"enemies":"2 Louse","floor":7.0,"turns":2.0},{"damage":4.0,"enemies":"3 Sentries","floor":10.0,"turns":6.0},{"damage":9.0,"enemies":"Lagavulin","floor":12.0,"turns":5.0},{"damage":5.0,"enemies":"Large Slime","floor":14.0,"turns":5.0},{"damage":6.0,"enemies":"Hexaghost","floor":16.0,"turns":11.0},{"damage":3.0,"enemies":"Shell Parasite","floor":18.0,"turns":7.0},{"damage":6.0,"enemies":"3 Byrds","floor":19.0,"turns":4.0},{"damage":12.0,"enemies":"3 Cultists","floor":21.0,"turns":5.0},{"damage":8.0,"enemies":"Cultist and Chosen","floor":24.0,"turns":8.0},{"damage":34.0,"enemies":"Gremlin Leader","floor":30.0,"turns":7.0},{"damage":2.0,"enemies":"Centurion and Healer","floor":31.0,"turns":5.0},{"damage":25.0,"enemies":"Collector","floor":33.0,"turns":8.0},{"damage":0.0,"enemies":"3 Shapes","floor":35.0,"turns":4.0},{"damage":0.0,"enemies":"Orb Walker","floor":36.0,"turns":4.0},{"damage":14,"enemies":"Nemesis","floor":40,"turns":10},{"damage":8,"enemies":"Sphere and 2 Shapes","floor":44,"turns":5},{"damage":37,"enemies":"Reptomancer","floor":46,"turns":8},{"damage":13,"enemies":"4 Shapes","floor":48,"turns":6},{"damage":50,"enemies":"Time Eater","floor":50,"turns":15}],"seed_played":"-4576993511736234056","potions_obtained":[{"floor":7.0,"key":"PowerPotion"},{"floor":12.0,"key":"SkillPotion"},{"floor":14.0,"key":"PowerPotion"},{"floor":16.0,"key":"SteroidPotion"},{"floor":18.0,"key":"Dexterity Potion"},{"floor":19.0,"key":"LiquidBronze"},{"floor":24.0,"key":"PowerPotion"},{"floor":35.0,"key":"Swift Potion"},{"floor":36.0,"key":"Regen Potion"},{"floor":44,"key":"LiquidBronze"}],"is_trial":false,"path_per_floor":["M","T","$","M","?","R","M","R","T","E","R","E","?","M","R","B",null,"M","M","$","M","?","R","M","R","T","R","?","R","E","M","R","B",null,"M","M","?","$","?","E","R","$","T","M","R","E","R","M","R","B",null],"character_chosen":"DEFECT","items_purchased":["Glacier","Reboot","Amplify","Molten Egg 2"],"campfire_rested":3,"item_purchase_floors":[3,20,38,42],"current_hp_per_floor":[67,67,67,56,56,56,55,55,55,51,51,42,27,22,22,41,67,64,58,58,46,46,46,38,60,60,60,60,60,26,24,24,24,62,62,62,62,62,62,48,48,48,48,40,61,24,45,32,32,22],"gold":166,"neow_bonus":"RANDOM_COMMON_RELIC","is_prod":false,"is_daily":false,"chose_seed":false,"campfire_upgraded":9,"win_rate":0,"timestamp":1568764495,"path_taken":["M","?","$","?","?","R","M","R","T","E","R","E","?","M","R","BOSS","M","M","$","M","?","R","M","R","T","R","?","R","E","M","R","BOSS","M","M","?","$","?","E","R","$","T","M","R","E","R","M","R","BOSS"],"build_version":"2019-09-17","purchased_purges":0,"victory":true,"max_hp_per_floor":[75,75,75,75,75,75,75,75,75,75,75,75,75,75,75,75,75,75,75,75,75,75,75,75,75,75,75,75,75,75,75,75,75,75,75,75,75,75,71,71,71,71,71,71,71,71,71,71,71,71],"card_choices":[{"not_picked":["Redo","Steam"],"picked":"Sweeping Beam","floor":1.0},{"not_picked":["Glacier","Loop"],"picked":"Storm","floor":4.0},{"not_picked":["Lockon","Sweeping Beam","Hello World"],"picked":"SKIP","floor":7.0},{"not_picked":["Beam Cell","FTL"],"picked":"Reinforced Body","floor":10.0},{"not_picked":["Hologram","BootSequence"],"picked":"Go for the Eyes","floor":12.0},{"not_picked":["Rip and Tear","Cold Snap","Scrape"],"picked":"SKIP","floor":14.0},{"not_picked":["All For One","Buffer"],"picked":"Creative AI","floor":16.0},{"not_picked":["Barrage","Compile Driver+1"],"picked":"Doom and Gloom","floor":18.0},{"not_picked":["Darkness","Conserve Battery","Lockon"],"picked":"SKIP","floor":19.0},{"not_picked":["Redo","Doom and Gloom+1"],"picked":"Defragment","floor":21.0},{"not_picked":["Skim","Fusion+1"],"picked":"Hologram","floor":24.0},{"not_picked":["Leap+1","Compile Driver"],"picked":"Coolheaded","floor":25.0},{"not_picked":["Reinforced Body","Cold Snap"],"picked":"Electrodynamics","floor":30.0},{"not_picked":["Doom and Gloom+1","Turbo+1"],"picked":"Stack","floor":31.0},{"not_picked":["Hyperbeam","All For One"],"picked":"Fission","floor":33.0},{"not_picked":["Hologram+1","Streamline+1"],"picked":"Chaos+1","floor":35.0},{"not_picked":["Darkness","Beam Cell"],"picked":"Conserve Battery","floor":36.0},{"not_picked":["Barrage","All For One"],"picked":"Glacier","floor":40},{"not_picked":["Hologram","Ball Lightning+1"],"picked":"Barrage+1","floor":44},{"not_picked":["Glacier","Turbo+1"],"picked":"BootSequence","floor":46},{"not_picked":["Barrage+1","Sweeping Beam+1","FTL+1"],"picked":"SKIP","floor":48}],"player_experience":1368466,"relics_obtained":[{"floor":2.0,"key":"Pantograph"},{"floor":9.0,"key":"Mercury Hourglass"},{"floor":10.0,"key":"Potion Belt"},{"floor":12.0,"key":"CloakClasp"},{"floor":30.0,"key":"Oddly Smooth Stone"},{"floor":40,"key":"Unceasing Top"},{"floor":43,"key":"Anchor"},{"floor":46,"key":"Art of War"}],"event_choices":[{"damage_healed":0.0,"max_hp_gain":0.0,"max_hp_loss":0.0,"gold_gain":0.0,"cards_transformed":["Strike_B"],"event_name":"Living Wall","player_choice":"Change","floor":5.0,"gold_loss":0.0,"damage_taken":0.0,"cards_obtained":["Ball Lightning"]},{"damage_healed":0.0,"max_hp_gain":0.0,"max_hp_loss":0.0,"gold_gain":0.0,"event_name":"Shining Light","player_choice":"Entered Light","floor":13.0,"gold_loss":0.0,"damage_taken":15.0,"cards_upgraded":["Defend_B","Ball Lightning"]},{"damage_healed":0.0,"max_hp_gain":0.0,"max_hp_loss":0.0,"gold_gain":0.0,"event_name":"Cursed Tome","player_choice":"Ignored","floor":22.0,"gold_loss":0.0,"damage_taken":0.0},{"damage_healed":0.0,"max_hp_gain":0.0,"max_hp_loss":0.0,"gold_gain":0.0,"event_name":"Back to Basics","player_choice":"Simplicity","floor":28.0,"gold_loss":0.0,"damage_taken":0.0,"cards_upgraded":["Strike_B","Strike_B","Strike_B","Defend_B","Defend_B","Defend_B"]},{"damage_healed":0.0,"max_hp_gain":0.0,"max_hp_loss":0.0,"gold_gain":0.0,"event_name":"Tomb of Lord Red Mask","player_choice":"Ignored","floor":37.0,"gold_loss":0.0,"damage_taken":0.0},{"damage_healed":0.0,"max_hp_gain":0.0,"max_hp_loss":4.0,"gold_gain":0.0,"event_name":"Winding Halls","player_choice":"Max HP","floor":39.0,"gold_loss":0.0,"damage_taken":0.0}],"is_beta":true,"boss_relics":[{"not_picked":["Ectoplasm","Sozu"],"picked":"FrozenCore"},{"not_picked":["Velvet Choker","SacredBark"],"picked":"Nuclear Battery"}],"items_purged_floors":[],"is_endless":false,"potions_floor_spawned":[7,12,14,16,18,19,24,35,36,44],"ascension_level":13}