{"gold_per_floor":[118,130,6,6,22,22,22,49,98,98,17,35,61,61,61,61],"floor_reached":16,"playtime":952,"items_purged":[],"score":186,"play_id":"6c354f1e-7b0f-41b5-a48a-5de6a5c6899e","local_time":"20190407103236","is_ascension_mode":true,"campfire_choices":[{"data":"Battle Trance","floor":6,"key":"SMITH"},{"floor":10,"key":"REST"},{"data":"Corruption","floor":15,"key":"SMITH"}],"neow_cost":"NONE","seed_source_timestamp":16240373647855,"circlet_count":0,"master_deck":["AscendersBane","Strike_R","Strike_R","Strike_R","Strike_R","Strike_R","Defend_R","Defend_R","Defend_R","Defend_R","Bash+1","Forethought","Disarm","Havoc","Metallicize","Battle Trance+1","Disarm","Corruption+1","Exhume","Carnage"],"relics":["Burning Blood","Boot","Red Skull","Bag of Preparation"],"potions_floor_usage":[2,16],"damage_taken":[{"damage":12,"enemies":"Jaw Worm","floor":1,"turns":4},{"damage":0,"enemies":"Cultist","floor":2,"turns":3},{"damage":0,"enemies":"2 Louse","floor":5,"turns":4},{"damage":55,"enemies":"3 Sentries","floor":8,"turns":14},{"damage":18,"enemies":"Exordium Thugs","floor":12,"turns":6},{"damage":73,"enemies":"Slime Boss","floor":16,"turns":11}],"seed_played":"929618854666616731","potions_obtained":[{"floor":1,"key":"Explosive Potion"},{"floor":12,"key":"Swift Potion"}],"is_trial":false,"path_per_floor":["M","M","$","?","M","R","$","E","T","R","$","M","T","?","R","B"],"character_chosen":"IRONCLAD","items_purchased":["Metallicize","Battle Trance","Exhume"],"campfire_rested":1,"item_purchase_floors":[3,3,11],"current_hp_per_floor":[62,68,68,68,74,74,74,25,25,47,47,35,35,60,60,0],"gold":61,"neow_bonus":"RANDOM_COLORLESS","is_prod":false,"is_daily":false,"chose_seed":false,"campfire_upgraded":2,"win_rate":0,"timestamp":1554625956,"path_taken":["M","M","$","?","M","R","$","E","T","R","?","M","?","?","R","BOSS"],"build_version":"2019-01-23","purchased_purges":0,"victory":false,"max_hp_per_floor":[75,75,75,75,75,75,75,75,75,75,75,75,75,75,75,75],"card_choices":[{"not_picked":["Perfected Strike","Twin Strike"],"picked":"Disarm","floor":1},{"not_picked":["Iron Wave","Heavy Blade"],"picked":"Havoc","floor":2},{"not_picked":["Havoc","Intimidate"],"picked":"Disarm","floor":5},{"not_picked":["Thunderclap","Metallicize"],"picked":"Corruption","floor":8},{"not_picked":["Heavy Blade","Hemokinesis"],"picked":"Carnage","floor":12}],"player_experience":564934,"relics_obtained":[{"floor":8,"key":"Boot"},{"floor":9,"key":"Red Skull"},{"floor":13,"key":"Bag of Preparation"}],"event_choices":[{"damage_healed":0,"gold_gain":0,"player_choice":"Forge","damage_taken":0,"max_hp_gain":0,"max_hp_loss":0,"event_name":"Accursed Blacksmith","floor":4,"gold_loss":0,"cards_upgraded":["Bash"]},{"damage_healed":25,"gold_gain":0,"player_choice":"Banana","damage_taken":0,"max_hp_gain":0,"max_hp_loss":0,"event_name":"Big Fish","floor":14,"gold_loss":0}],"is_beta":false,"boss_relics":[],"items_purged_floors":[],"is_endless":false,"potions_floor_spawned":[1,12],"killed_by":"Slime Boss","ascension_level":18}