{"gold_per_floor":[111,126,144,163,177,210,227,227,227,262,287,287,287,342,342,342],"floor_reached":16,"playtime":4309,"items_purged":[],"score":194,"play_id":"a3dd357c-e5b4-4a53-8a59-54407e5a65a6","local_time":"20190911232118","is_ascension_mode":true,"campfire_choices":[{"floor":8,"key":"REST"},{"floor":13,"key":"REST"},{"data":"Wraith Form v2","floor":15,"key":"SMITH"}],"neow_cost":"NONE","seed_source_timestamp":32065257508600,"circlet_count":0,"master_deck":["Strike_G","Strike_G","Strike_G","Strike_G","Defend_G","Defend_G","Defend_G","Defend_G","Defend_G","Survivor","Neutralize","Bullet Time","Cloak And Dagger","Well Laid Plans","Calculated Gamble","Poisoned Stab","Backflip","Wraith Form v2+1","Cloak And Dagger","Bouncing Flask","PiercingWail","Terror"],"special_seed":0,"relics":["Ring of the Snake","The Courier","Dream Catcher","Juzu Bracelet","Odd Mushroom","Strawberry","Question Card"],"potions_floor_usage":[6,6,10,10],"damage_taken":[{"damage":1,"enemies":"Cultist","floor":1,"turns":5},{"damage":4,"enemies":"Small Slimes","floor":2,"turns":4},{"damage":1,"enemies":"Jaw Worm","floor":3,"turns":5},{"damage":0,"enemies":"Exordium Wildlife","floor":4,"turns":3},{"damage":0,"enemies":"Large Slime","floor":5,"turns":6},{"damage":17,"enemies":"Lagavulin","floor":6,"turns":12},{"damage":0,"enemies":"2 Fungi Beasts","floor":7,"turns":3},{"damage":19,"enemies":"Gremlin Nob","floor":10,"turns":5},{"damage":8,"enemies":"The Mushroom Lair","floor":11,"turns":6},{"damage":27,"enemies":"Lagavulin Event","floor":14,"turns":7},{"damage":53,"enemies":"Slime Boss","floor":16,"turns":12}],"seed_played":"-2265861105314683041","potions_obtained":[{"floor":2,"key":"Swift Potion"},{"floor":3,"key":"SkillPotion"},{"floor":4,"key":"FearPotion"},{"floor":7,"key":"Swift Potion"},{"floor":11,"key":"Weak Potion"}],"is_trial":false,"path_per_floor":["M","M","M","M","M","E","M","R","T","E","?","?","R","?","R","B"],"character_chosen":"THE_SILENT","items_purchased":[],"campfire_rested":2,"item_purchase_floors":[],"current_hp_per_floor":[69,65,64,64,64,47,47,68,68,49,41,48,71,44,44,0],"gold":342,"neow_bonus":"TRANSFORM_CARD","is_prod":false,"is_daily":false,"chose_seed":false,"campfire_upgraded":1,"win_rate":1,"timestamp":1568233278,"path_taken":["M","M","M","M","M","E","M","R","T","E","?","?","R","?","R","BOSS"],"build_version":"2019-07-17","purchased_purges":0,"victory":false,"max_hp_per_floor":[70,70,70,70,70,70,70,70,70,70,70,77,77,77,77,77],"card_choices":[{"not_picked":["Poisoned Stab","Terror"],"picked":"Cloak And Dagger","floor":1},{"not_picked":["Underhanded Strike","Outmaneuver"],"picked":"Well Laid Plans","floor":2},{"not_picked":["Quick Slash","Prepared"],"picked":"Calculated Gamble","floor":3},{"not_picked":["Dagger Throw","Backflip"],"picked":"Poisoned Stab","floor":4},{"not_picked":["Cloak And Dagger","Poisoned Stab"],"picked":"Backflip","floor":5},{"not_picked":["Acrobatics","Eviscerate"],"picked":"Wraith Form v2","floor":6},{"not_picked":["Bane","Prepared"],"picked":"Cloak And Dagger","floor":7},{"not_picked":["Blade Dance","Poisoned Stab"],"picked":"Bouncing Flask","floor":10},{"not_picked":["Tactician","Skewer"],"picked":"PiercingWail","floor":11},{"not_picked":["Underhanded Strike","Prepared"],"picked":"Terror","floor":13}],"player_experience":244711,"relics_obtained":[{"floor":6,"key":"The Courier"},{"floor":9,"key":"Dream Catcher"},{"floor":10,"key":"Juzu Bracelet"},{"floor":11,"key":"Odd Mushroom"},{"floor":14,"key":"Question Card"}],"event_choices":[{"damage_healed":0,"gold_gain":0,"player_choice":"Fought Mushrooms","damage_taken":0,"max_hp_gain":0,"max_hp_loss":0,"event_name":"Mushrooms","floor":11,"gold_loss":0},{"damage_healed":0,"gold_gain":0,"player_choice":"Gave Potion","damage_taken":0,"relics_obtained":["Strawberry"],"max_hp_gain":0,"max_hp_loss":0,"event_name":"WeMeetAgain","floor":12,"gold_loss":0},{"damage_healed":0,"gold_gain":0,"player_choice":"Searched \u00271\u0027 times","damage_taken":0,"max_hp_gain":0,"max_hp_loss":0,"event_name":"Dead Adventurer","floor":14,"gold_loss":0}],"is_beta":false,"boss_relics":[],"items_purged_floors":[],"is_endless":false,"potions_floor_spawned":[2,3,4,7,11],"killed_by":"Slime Boss","ascension_level":4}