{"gold_per_floor":[111,127,127,52,52,52,65,80,80,80,101,116,116,133,133,235,235,249,260,260,260,276,276,288,288,288,288,300,300,315,315,315,315],"floor_reached":33,"playtime":793,"items_purged":["Strike_R"],"score":264,"play_id":"2d6cd76f-1a4b-485b-9d44-9438e2fda512","local_time":"20190912223738","is_ascension_mode":false,"campfire_choices":[{"data":"Strike_R","floor":6,"key":"SMITH"},{"data":"Flex","floor":10,"key":"SMITH"},{"data":"Flex","floor":15,"key":"SMITH"},{"data":"Flex","floor":23,"key":"SMITH"},{"data":"Heavy Blade","floor":25,"key":"SMITH"},{"data":"Immolate","floor":27,"key":"SMITH"},{"data":"Flex","floor":29,"key":"SMITH"},{"floor":32,"key":"REST"}],"neow_cost":"NONE","seed_source_timestamp":2312216273360300,"circlet_count":0,"master_deck":["Strike_R","Strike_R","Strike_R","Strike_R+1","Defend_R","Defend_R","Bash+1","Flex+1","Flex+1","Flex+1","Immolate+1","Flex+1","Heavy Blade+1","Flex+1","Flex"],"relics":["Black Blood","Mercury Hourglass","Odd Mushroom","Pantograph"],"potions_floor_usage":[2,11,12,16,18,28,30,33],"damage_taken":[{"damage":3,"enemies":"Small Slimes","floor":1,"turns":3},{"damage":6,"enemies":"2 Louse","floor":2,"turns":3},{"damage":6,"enemies":"Cultist","floor":7,"turns":3},{"damage":14,"enemies":"Blue Slaver","floor":8,"turns":3},{"damage":21,"enemies":"The Mushroom Lair","floor":11,"turns":3},{"damage":2,"enemies":"Looter","floor":12,"turns":2},{"damage":3,"enemies":"Lots of Slimes","floor":14,"turns":3},{"damage":60,"enemies":"The Guardian","floor":16,"turns":8},{"damage":12,"enemies":"Shell Parasite","floor":18,"turns":2},{"damage":20,"enemies":"2 Thieves","floor":19,"turns":2},{"damage":0,"enemies":"Snake Plant","floor":22,"turns":2},{"damage":13,"enemies":"Snecko","floor":24,"turns":4},{"damage":14,"enemies":"Chosen and Byrds","floor":28,"turns":3},{"damage":35,"enemies":"Shelled Parasite and Fungi","floor":30,"turns":4},{"damage":97,"enemies":"Automaton","floor":33,"turns":6}],"seed_played":"4430841847227466810","potions_obtained":[{"floor":1,"key":"PowerPotion"},{"floor":7,"key":"GamblersBrew"},{"floor":8,"key":"Swift Potion"},{"floor":11,"key":"SkillPotion"},{"floor":16,"key":"Explosive Potion"},{"floor":24,"key":"PowerPotion"},{"floor":28,"key":"Dexterity Potion"},{"floor":30,"key":"Fire Potion"}],"is_trial":false,"path_per_floor":["M","M","?","$","?","R","M","M","T","R","?","M","?","M","R","B",null,"M","M","?","?","M","R","M","R","T","R","M","R","M","?","R","B"],"character_chosen":"IRONCLAD","items_purchased":[],"campfire_rested":1,"item_purchase_floors":[],"current_hp_per_floor":[80,80,80,80,80,80,80,72,72,72,57,61,61,64,64,10,80,78,68,53,53,63,63,60,60,60,60,56,56,31,31,56,0],"gold":315,"neow_bonus":"REMOVE_CARD","is_prod":false,"is_daily":false,"chose_seed":false,"campfire_upgraded":7,"win_rate":0,"timestamp":1568342258,"path_taken":["M","M","?","$","?","R","?","M","T","R","?","M","?","M","R","BOSS","M","?","?","?","M","R","M","R","T","R","M","R","?","?","R","BOSS"],"build_version":"2019-07-17","purchased_purges":1,"victory":false,"max_hp_per_floor":[80,80,80,80,80,80,80,80,80,80,80,80,80,80,80,80,80,80,80,85,85,85,85,85,85,85,85,85,85,85,85,85,85],"card_choices":[{"not_picked":["Reckless Charge","Havoc","Shrug It Off"],"picked":"SKIP","floor":1},{"not_picked":["Infernal Blade","Iron Wave","Twin Strike"],"picked":"SKIP","floor":2},{"not_picked":["True Grit","Intimidate","Corruption"],"picked":"SKIP","floor":7},{"not_picked":["Sentinel","Inflame"],"picked":"Flex","floor":8},{"not_picked":["Warcry","Seeing Red"],"picked":"Flex","floor":11},{"not_picked":["Spot Weakness","Intimidate"],"picked":"Flex","floor":12},{"not_picked":["Corruption","Havoc","Clash"],"picked":"SKIP","floor":14},{"not_picked":["Feed","Impervious"],"picked":"Immolate","floor":16},{"not_picked":["Reckless Charge","Uppercut","Warcry"],"picked":"SKIP","floor":18},{"not_picked":["Armaments","Twin Strike","Power Through"],"picked":"SKIP","floor":19},{"not_picked":["Cleave","Feel No Pain"],"picked":"Flex","floor":22},{"not_picked":["Anger","Spot Weakness"],"picked":"Heavy Blade","floor":24},{"not_picked":["Shrug It Off","Flame Barrier"],"picked":"Flex","floor":28},{"not_picked":["Warcry","Fire Breathing+1"],"picked":"Flex","floor":30}],"player_experience":397846,"relics_obtained":[{"floor":9,"key":"Mercury Hourglass"},{"floor":11,"key":"Odd Mushroom"},{"floor":26,"key":"Pantograph"}],"event_choices":[{"cards_removed":["Defend_R"],"damage_healed":0,"gold_gain":0,"player_choice":"Forget","damage_taken":0,"max_hp_gain":0,"max_hp_loss":0,"event_name":"Living Wall","floor":3,"gold_loss":0},{"damage_healed":0,"gold_gain":0,"player_choice":"Upgraded","damage_taken":0,"max_hp_gain":0,"max_hp_loss":0,"event_name":"Upgrade Shrine","floor":5,"gold_loss":0,"cards_upgraded":["Bash"]},{"damage_healed":0,"gold_gain":0,"player_choice":"Fought Mushrooms","damage_taken":0,"max_hp_gain":0,"max_hp_loss":0,"event_name":"Mushrooms","floor":11,"gold_loss":0},{"damage_healed":0,"gold_gain":0,"player_choice":"0 cards matched","damage_taken":0,"max_hp_gain":0,"max_hp_loss":0,"event_name":"Match and Keep!","floor":13,"gold_loss":0,"cards_obtained":[]},{"damage_healed":0,"gold_gain":0,"player_choice":"Shed Blood","damage_taken":20,"max_hp_gain":5,"max_hp_loss":0,"event_name":"Forgotten Altar","floor":20,"gold_loss":0},{"damage_healed":0,"gold_gain":0,"player_choice":"Upgraded","damage_taken":0,"max_hp_gain":0,"max_hp_loss":0,"event_name":"Upgrade Shrine","floor":21,"gold_loss":0,"cards_upgraded":["Flex"]},{"damage_healed":0,"gold_gain":0,"player_choice":"Ignored","damage_taken":0,"max_hp_gain":0,"max_hp_loss":0,"event_name":"NoteForYourself","floor":31,"gold_loss":0}],"is_beta":false,"boss_relics":[{"not_picked":["Sozu","Black Star"],"picked":"Black Blood"}],"items_purged_floors":[4],"is_endless":false,"potions_floor_spawned":[1,7,8,11,16,24,28,30],"killed_by":"Automaton","ascension_level":0}