{"gold_per_floor":[109,18,30,40,315,341,74,74,74,104,104,129,129,162,162,162],"floor_reached":16,"playtime":1513,"items_purged":["Regret"],"score":132,"play_id":"0f3f5d8c-aed1-44cf-bcc9-3c363b38180e","local_time":"20190723173645","is_ascension_mode":true,"campfire_choices":[{"floor":8,"key":"REST"},{"floor":11,"key":"REST"},{"data":"Bouncing Flask","floor":13,"key":"SMITH"},{"data":"Envenom","floor":15,"key":"SMITH"}],"neow_cost":"NONE","seed_source_timestamp":51615223849231,"circlet_count":0,"master_deck":["Strike_G","Strike_G","Strike_G","Strike_G","Strike_G","Defend_G","Defend_G","Defend_G","Defend_G","Defend_G","Survivor","Neutralize","Deadly Poison","Sucker Punch","Terror","Bouncing Flask+1","Blade Dance","Accuracy","Cloak And Dagger","Underhanded Strike","Envenom+1"],"relics":["Busted Crown","Dodecahedron","HandDrill","Pear","Matryoshka","Bag of Preparation","PreservedInsect"],"potions_floor_usage":[12,14,16],"damage_taken":[{"damage":0,"enemies":"Cultist","floor":1,"turns":4},{"damage":3,"enemies":"Jaw Worm","floor":3,"turns":3},{"damage":0,"enemies":"2 Louse","floor":4,"turns":2},{"damage":29,"enemies":"3 Sentries","floor":6,"turns":9},{"damage":18,"enemies":"Gremlin Nob","floor":10,"turns":4},{"damage":10,"enemies":"Lagavulin","floor":12,"turns":5},{"damage":7,"enemies":"3 Sentries","floor":14,"turns":6},{"damage":60,"enemies":"Slime Boss","floor":16,"turns":9}],"seed_played":"-9093395651612669376","potions_obtained":[{"floor":3,"key":"SpeedPotion"},{"floor":10,"key":"Strength Potion"},{"floor":12,"key":"LiquidBronze"}],"is_trial":false,"path_per_floor":["M","$","M","M","?","E","$","R","T","E","R","E","R","E","R","B"],"character_chosen":"THE_SILENT","items_purchased":["Sucker Punch","Terror","HandDrill"],"campfire_rested":2,"item_purchase_floors":[2,2,7],"current_hp_per_floor":[70,70,67,67,67,38,38,59,69,51,75,65,65,58,58,0],"gold":162,"neow_bonus":"BOSS_RELIC","is_prod":false,"is_daily":false,"chose_seed":false,"campfire_upgraded":2,"win_rate":0,"timestamp":1563917805,"path_taken":["M","?","M","M","?","E","$","R","T","E","R","E","R","E","R","BOSS"],"build_version":"2019-07-17","purchased_purges":1,"victory":false,"max_hp_per_floor":[70,70,70,70,70,70,70,70,80,80,80,80,80,80,80,80],"card_choices":[{"not_picked":[],"picked":"Deadly Poison","floor":1},{"not_picked":[],"picked":"Bouncing Flask","floor":3},{"not_picked":[],"picked":"Blade Dance","floor":4},{"not_picked":[],"picked":"Accuracy","floor":6},{"not_picked":[],"picked":"Cloak And Dagger","floor":10},{"not_picked":[],"picked":"Underhanded Strike","floor":12},{"not_picked":[],"picked":"Envenom","floor":14}],"player_experience":173546,"relics_obtained":[{"floor":6,"key":"Dodecahedron"},{"floor":9,"key":"Pear"},{"floor":10,"key":"Matryoshka"},{"floor":12,"key":"Bag of Preparation"},{"floor":14,"key":"PreservedInsect"}],"event_choices":[{"damage_healed":0,"gold_gain":275,"player_choice":"Desecrate","damage_taken":0,"max_hp_gain":0,"max_hp_loss":0,"event_name":"Golden Shrine","floor":5,"gold_loss":0,"cards_obtained":["Regret"]}],"is_beta":false,"boss_relics":[],"items_purged_floors":[7],"is_endless":false,"potions_floor_spawned":[3,10,12],"killed_by":"Slime Boss","ascension_level":1}