{"path_per_floor":["M","M","$","M","?","R","M","R","T","E","M","?","M","M","R","B",null,"M","M","?","?","M","R","?","M","T","E","R","?","M","E","R","B",null,"M","?","M","M"],"character_chosen":"IRONCLAD","items_purchased":["Spot Weakness"],"gold_per_floor":[112,127,48,61,61,61,72,72,72,99,118,140,153,171,171,267,297,308,318,243,243,255,255,255,267,292,325,325,325,342,375,375,478,478,493,493,512,524],"floor_reached":39,"campfire_rested":4,"playtime":2711,"current_hp_per_floor":[69,69,69,65,65,65,70,70,70,62,58,49,52,56,80,37,85,81,78,78,62,54,79,79,59,59,53,78,78,66,42,67,63,85,73,73,57,63],"items_purged":[],"gold":524,"score":426,"play_id":"a72512bd-9fff-405d-854f-b83c9820af7b","is_prod":false,"is_daily":false,"is_ascension_mode":false,"campfire_upgraded":2,"path_taken":["M","M","$","M","?","R","M","R","T","E","M","?","?","M","R","BOSS","M","M","?","?","M","R","?","M","T","E","R","?","M","E","R","BOSS","M","?","M","M","M"],"build_version":"2018-02-15-PROD1","purchased_purges":0,"victory":false,"master_deck":["Defend_R+1","Defend_R+1","Defend_R+1","Defend_R+1","Bash","Headbutt","Heavy Blade+1","Spot Weakness+1","Clash","Offering","Armaments","Warcry","Twin Strike","Shrug It Off","Sword Boomerang","Impervious","Flex","Spot Weakness","Clothesline","Sword Boomerang","Clash+1","Cleave","Bite","Bite","Bite","Bite","Shockwave","Flex+1","Reaper","Armaments+1","Inflame+1","Twin Strike+1"],"max_hp_per_floor":[80,80,80,80,80,80,80,80,80,80,80,80,80,80,80,80,85,85,85,85,85,85,85,85,85,85,85,85,85,85,85,85,85,85,85,85,85,85],"relics":["Burning Blood","Self Forming Clay","Odd Mushroom","Tiny House","Nilry\u0027s Codex","Pen Nib","Gremlin Horn","Bag of Preparation","Runic Pyramid"],"card_choices":[{"not_picked":["Disarm","True Grit"],"picked":"Headbutt"},{"not_picked":["Clash","Pummel"],"picked":"Heavy Blade"},{"not_picked":["Intimidate","Anger"],"picked":"Clash"},{"not_picked":["True Grit","Perfected Strike"],"picked":"Offering"},{"not_picked":["Rampage","True Grit"],"picked":"Armaments"},{"not_picked":["True Grit","Iron Wave"],"picked":"Warcry"},{"not_picked":["Armaments","Shrug It Off"],"picked":"Twin Strike"},{"not_picked":["Thunderclap","Disarm"],"picked":"Shrug It Off"},{"not_picked":["Uppercut","Sever Soul"],"picked":"Sword Boomerang"},{"not_picked":["Bludgeon","Offering"],"picked":"Impervious"},{"not_picked":["Clash","Thunderclap"],"picked":"Flex"},{"not_picked":["Shrug It Off","Warcry"],"picked":"Spot Weakness"},{"not_picked":["Reckless Charge","Disarm"],"picked":"Clothesline"},{"not_picked":["Cleave","Perfected Strike"],"picked":"Sword Boomerang"},{"not_picked":["Juggernaut","Warcry"],"picked":"Clash"},{"not_picked":["Fire Breathing","Thunderclap"],"picked":"Cleave"},{"not_picked":["Thunderclap","Metallicize"],"picked":"Shockwave"},{"not_picked":["Hemokinesis","Seeing Red"],"picked":"Flex"},{"not_picked":["Impervious","Barricade"],"picked":"Reaper"},{"not_picked":["Headbutt","Cleave"],"picked":"Armaments"},{"not_picked":["Rupture","Seeing Red"],"picked":"Inflame"},{"not_picked":["Clothesline","Clash"],"picked":"Twin Strike"}],"player_experience":23935,"potions_floor_usage":[27],"damage_taken":[{"damage":17,"enemies":"Small Slimes","floor":1,"turns":5},{"damage":6,"enemies":"Cultist","floor":2,"turns":3},{"damage":10,"enemies":"Jaw Worm","floor":4,"turns":4},{"damage":1,"enemies":"2 Fungi Beasts","floor":7,"turns":3},{"damage":16,"enemies":"Gremlin Nob","floor":10,"turns":3},{"damage":12,"enemies":"Exordium Thugs","floor":11,"turns":3},{"damage":17,"enemies":"The Mushroom Lair","floor":12,"turns":4},{"damage":5,"enemies":"Looter","floor":13,"turns":3},{"damage":4,"enemies":"Red Slaver","floor":14,"turns":2},{"damage":49,"enemies":"Slime Boss","floor":16,"turns":10},{"damage":10,"enemies":"Spheric Guardian","floor":18,"turns":4},{"damage":11,"enemies":"2 Thieves","floor":19,"turns":4},{"damage":16,"enemies":"Snecko","floor":22,"turns":5},{"damage":28,"enemies":"Snake Plant","floor":25,"turns":3},{"damage":20,"enemies":"Book of Stabbing","floor":27,"turns":3},{"damage":23,"enemies":"Cultist and Chosen","floor":30,"turns":5},{"damage":33,"enemies":"Slavers","floor":31,"turns":3},{"damage":14,"enemies":"Champ","floor":33,"turns":9},{"damage":20,"enemies":"3 Shapes","floor":35,"turns":3},{"damage":22,"enemies":"Orb Walker","floor":37,"turns":3},{"damage":20,"enemies":"4 Shapes","floor":38,"turns":5},{"damage":78,"enemies":"Maw","floor":39,"turns":8}],"event_choices":[{"event_name":"The Lab","player_choice":"Got Potions","floor":5,"damage_taken":0},{"event_name":"Mushrooms","player_choice":"Fought Mushrooms","floor":12,"damage_taken":0},{"event_name":"Beggar","player_choice":"Gave Gold","floor":20,"damage_taken":0},{"event_name":"Cursed Tome","player_choice":"Obtained Book","floor":21,"damage_taken":0},{"event_name":"Back to Basics","player_choice":"Simplicity","floor":24,"damage_taken":0},{"event_name":"Vampires","player_choice":"Became a vampire (Vial)","floor":29,"damage_taken":0}],"boss_relics":[{"not_picked":["Philosopher\u0027s Stone","Question Card"],"picked":"Tiny House"},{"not_picked":["Orrery","Sozu"],"picked":"Runic Pyramid"}],"potions_floor_spawned":[1,7,10,14,16,18,25,30,31],"seed_played":"3458289532919340193","killed_by":"Maw","ascension_level":0,"is_trial":false}