{"path_per_floor":["M","M","M","?","M","E","$","E","T","?","T","E","?","M","R","B",null,"M","?","$","T","M","E","R","M","T","$","M"],"character_chosen":"THE_SILENT","items_purchased":["Panache","Noxious Fumes","Masterful Stab"],"gold_per_floor":[17,32,46,46,64,94,19,46,46,71,98,126,126,139,139,237,237,253,253,7,32,45,76,76,90,90,21,32,32],"floor_reached":29,"campfire_rested":0,"playtime":4057,"current_hp_per_floor":[70,70,70,75,75,71,71,44,44,44,44,29,29,29,29,4,75,75,75,75,75,64,55,55,40,40,40,30,0],"items_purged":["Strike_G"],"gold":32,"score":276,"play_id":"03c2ea73-fb27-4257-a006-09e0fe29363a","local_time":"20180408190824","is_prod":false,"is_daily":false,"is_ascension_mode":true,"campfire_upgraded":2,"timestamp":1523239704,"path_taken":["M","M","M","?","M","E","$","E","T","?","?","E","?","M","R","BOSS","M","?","?","?","M","E","R","M","T","?","M","E"],"build_version":"2018-04-05v2","purchased_purges":1,"victory":false,"master_deck":["Defend_G","Defend_G","Defend_G","Defend_G","Strike_G","Strike_G","Strike_G","Survivor","Neutralize+1","Venomology","Backstab","Flechettes","Cloak And Dagger","Slice","Dagger Spray","Quick Slash","Infinite Blades+1","Prepared+1","Wraith Form+1","Well Laid Plans+1","Panache+1","Noxious Fumes+1","PiercingWail+1","Outmaneuver+1","Deadly Poison","Masterful Stab","Burst"],"max_hp_per_floor":[70,70,70,75,75,75,75,75,75,75,75,75,75,75,75,75,75,75,75,75,75,75,75,75,75,75,75,75,75],"relics":["Ring of the Snake","Dream Catcher","Gremlin Horn","Snake Skull","Odd Mushroom","Lantern","Frozen Egg 2","Philosopher\u0027s Stone","Pen Nib","Du-Vu Doll","Ginger"],"card_choices":[{"not_picked":["Setup","PiercingWail"],"picked":"Venomology","floor":1.0},{"not_picked":["Outmaneuver","Poisoned Stab"],"picked":"Backstab","floor":2.0},{"not_picked":["Crippling Poison","Dash"],"picked":"Flechettes","floor":3.0},{"not_picked":["Deadly Poison","Poisoned Stab"],"picked":"Cloak And Dagger","floor":5.0},{"not_picked":["Caltrops","Poisoned Stab"],"picked":"Slice","floor":6.0},{"not_picked":["Sucker Punch","Underhanded Strike"],"picked":"Dagger Spray","floor":8.0},{"not_picked":["Underhanded Strike","Bane"],"picked":"Quick Slash","floor":10.0},{"not_picked":["Eviscerate","Slice"],"picked":"Infinite Blades","floor":12.0},{"not_picked":["Slice","Blade Dance"],"picked":"Prepared","floor":14.0},{"not_picked":["Grand Finale","Unload"],"picked":"Wraith Form","floor":16.0},{"not_picked":["Riddle With Holes","Noxious Fumes"],"picked":"PiercingWail","floor":22},{"not_picked":["Poisoned Stab","Backstab"],"picked":"Outmaneuver","floor":23},{"not_picked":["Reflex","Blur"],"picked":"Deadly Poison","floor":25},{"not_picked":["Quick Slash","Setup"],"picked":"Burst","floor":28}],"player_experience":150226,"potions_floor_usage":[22,22,22,23,23,25,28],"damage_taken":[{"damage":0.0,"enemies":"2 Louse","floor":1.0,"turns":2.0},{"damage":0.0,"enemies":"Jaw Worm","floor":2.0,"turns":5.0},{"damage":0.0,"enemies":"Small Slimes","floor":3.0,"turns":3.0},{"damage":0.0,"enemies":"2 Fungi Beasts","floor":5.0,"turns":3.0},{"damage":4.0,"enemies":"3 Sentries","floor":6.0,"turns":5.0},{"damage":40.0,"enemies":"Gremlin Nob","floor":8.0,"turns":6.0},{"damage":0.0,"enemies":"The Mushroom Lair","floor":10.0,"turns":3.0},{"damage":15.0,"enemies":"Lagavulin","floor":12.0,"turns":7.0},{"damage":0.0,"enemies":"Blue Slaver","floor":14.0,"turns":3.0},{"damage":25.0,"enemies":"The Guardian","floor":16.0,"turns":13.0},{"damage":0,"enemies":"Spheric Guardian","floor":18,"turns":3},{"damage":11,"enemies":"3 Byrds","floor":22,"turns":3},{"damage":9,"enemies":"Gremlin Leader","floor":23,"turns":4},{"damage":15,"enemies":"3 Cultists","floor":25,"turns":4},{"damage":10,"enemies":"Snecko","floor":28,"turns":4},{"damage":33,"enemies":"Book of Stabbing","floor":29,"turns":4}],"event_choices":[{"event_name":"Big Fish","player_choice":"Donut","floor":4.0,"damage_taken":0.0},{"event_name":"Mushrooms","player_choice":"Fought Mushrooms","floor":10.0,"damage_taken":0.0},{"event_name":"Upgrade Shrine","player_choice":"Upgraded","floor":13.0,"damage_taken":0.0},{"event_name":"The Library","player_choice":"Read","floor":19,"damage_taken":0}],"boss_relics":[{"not_picked":["Calling Bell","Velvet Choker"],"picked":"Philosopher\u0027s Stone"}],"potions_floor_spawned":[1,3,8,14,16,18,22],"seed_played":"1438867287698976822","killed_by":"Book of Stabbing","ascension_level":1,"is_trial":false}