{"gold_per_floor":[119,119,9,21,32,61,61,61,86,86,121,136,164,177,177,248,248,265,265,265,23,23,50,50,14,92,103,103,103,123,123],"floor_reached":31,"playtime":2463,"items_purged":["Defend_B","Strike_B"],"score":522,"play_id":"5dd6709c-97ed-4f44-b91c-2c1592873e3a","local_time":"20190810173852","is_ascension_mode":true,"campfire_choices":[{"data":"Static Discharge","floor":7.0,"key":"SMITH"},{"data":"Sunder","floor":10.0,"key":"SMITH"},{"floor":15.0,"key":"REST"},{"data":"Defragment","floor":24,"key":"SMITH"},{"data":"Turbo","floor":29,"key":"SMITH"}],"neow_cost":"NONE","seed_source_timestamp":284070200446243,"circlet_count":0,"master_deck":["AscendersBane","Strike_B","Strike_B","Defend_B","Defend_B","Zap","Dualcast","Static Discharge+1","Undo","Leap","Sunder+1","Turbo+1","Barrage","Defragment+1","Hologram","Darkness","Cold Snap+1","Hyperbeam+1","Gash+1","J.A.X.","Cold Snap+1","Gash+1","Barrage+1","Conserve Battery"],"special_seed":0,"relics":["Cracked Core","Bronze Scales","Potion Belt","Vajra","The Courier","Molten Egg 2","Eternal Feather","Runic Capacitor","Enchiridion","Art of War","Ornamental Fan","Gremlin Horn"],"potions_floor_usage":[19,31,31],"damage_taken":[{"damage":7.0,"enemies":"Jaw Worm","floor":1.0,"turns":3.0},{"damage":2.0,"enemies":"2 Louse","floor":4.0,"turns":3.0},{"damage":0.0,"enemies":"Cultist","floor":5.0,"turns":4.0},{"damage":0.0,"enemies":"3 Sentries","floor":6.0,"turns":5.0},{"damage":11.0,"enemies":"Lagavulin","floor":11.0,"turns":4.0},{"damage":12.0,"enemies":"Exordium Thugs","floor":12.0,"turns":4.0},{"damage":13.0,"enemies":"3 Sentries","floor":13.0,"turns":5.0},{"damage":0.0,"enemies":"Blue Slaver","floor":14.0,"turns":4.0},{"damage":23.0,"enemies":"Hexaghost","floor":16.0,"turns":6.0},{"damage":0,"enemies":"Spheric Guardian","floor":18,"turns":3},{"damage":0,"enemies":"Chosen","floor":19,"turns":4},{"damage":26,"enemies":"Gremlin Leader","floor":23,"turns":3},{"damage":3,"enemies":"Sentry and Sphere","floor":27,"turns":4},{"damage":1,"enemies":"Centurion and Healer","floor":30,"turns":5},{"damage":29,"enemies":"Slavers","floor":31,"turns":1}],"seed_played":"5819401025891264212","potions_obtained":[{"floor":4.0,"key":"AttackPotion"},{"floor":5.0,"key":"SteroidPotion"},{"floor":12.0,"key":"SmokeBomb"},{"floor":13.0,"key":"LiquidBronze"},{"floor":23,"key":"GamblersBrew"},{"floor":27,"key":"PowerPotion"}],"is_trial":false,"path_per_floor":["M","?","$","M","M","E","R","?","T","R","E","M","E","M","R","B",null,"M","M","?","$","?","E","R","$","T","M","T","R","M","E"],"character_chosen":"DEFECT","items_purchased":["Undo","Runic Capacitor","Gash+1"],"campfire_rested":1,"item_purchase_floors":[3,21,25],"current_hp_per_floor":[57,50,50,48,48,48,48,48,48,48,37,25,12,12,33,10,56,56,56,56,56,35,9,21,21,21,18,18,30,29,0],"gold":123,"neow_bonus":"RANDOM_COMMON_RELIC","is_prod":false,"is_daily":false,"chose_seed":false,"campfire_upgraded":4,"win_rate":0,"timestamp":1565483932,"path_taken":["M","?","$","M","M","E","R","?","T","R","E","?","E","M","R","BOSS","M","M","?","$","?","E","R","?","T","M","?","R","M","E"],"build_version":"2019-07-17","purchased_purges":2,"victory":false,"max_hp_per_floor":[71,71,71,71,71,71,71,71,71,71,71,71,71,71,71,71,71,71,71,71,71,71,71,71,71,71,71,71,71,71,71],"card_choices":[{"not_picked":["Stack","Beam Cell"],"picked":"Static Discharge","floor":1.0},{"not_picked":["Gash","Redo"],"picked":"Leap","floor":4.0},{"not_picked":["Stack","Aggregate"],"picked":"Sunder","floor":5.0},{"not_picked":["Go for the Eyes","Hologram"],"picked":"Turbo","floor":6.0},{"not_picked":["Rebound","Lockon"],"picked":"Defragment","floor":11.0},{"not_picked":["Rebound","Force Field"],"picked":"Hologram","floor":12.0},{"not_picked":["Rebound","Storm"],"picked":"Darkness","floor":13.0},{"not_picked":["Force Field","Defragment"],"picked":"Cold Snap+1","floor":14.0},{"not_picked":["Rainbow","Electrodynamics"],"picked":"Hyperbeam+1","floor":16.0},{"not_picked":["Leap","Hologram"],"picked":"Gash+1","floor":18},{"not_picked":["Scrape+1","Stack"],"picked":"Cold Snap+1","floor":23},{"not_picked":["Conserve Battery","Defragment"],"picked":"Barrage+1","floor":27},{"not_picked":["Leap","Stack"],"picked":"Conserve Battery","floor":30}],"player_experience":632205,"relics_obtained":[{"floor":6.0,"key":"Potion Belt"},{"floor":9.0,"key":"Vajra"},{"floor":11.0,"key":"The Courier"},{"floor":13.0,"key":"Molten Egg 2"},{"floor":22,"key":"Enchiridion"},{"floor":23,"key":"Art of War"},{"floor":26,"key":"Ornamental Fan"},{"floor":28,"key":"Gremlin Horn"}],"event_choices":[{"cards_removed":["Strike_B"],"damage_healed":0.0,"max_hp_gain":0.0,"max_hp_loss":0.0,"gold_gain":0.0,"event_name":"Golden Wing","player_choice":"Card Removal","floor":2.0,"gold_loss":0.0,"damage_taken":7.0},{"damage_healed":0.0,"max_hp_gain":0.0,"max_hp_loss":0.0,"gold_gain":0.0,"cards_transformed":["Defend_B"],"event_name":"Transmorgrifier","player_choice":"Transformed","floor":8.0,"gold_loss":0.0,"damage_taken":0.0,"cards_obtained":["Barrage"]},{"damage_healed":0,"gold_gain":0,"player_choice":"Obtain J.A.X.","damage_taken":0,"max_hp_gain":0,"max_hp_loss":0,"event_name":"Drug Dealer","floor":20,"gold_loss":0,"cards_obtained":["J.A.X."]},{"damage_healed":0,"gold_gain":0,"player_choice":"Obtained Book","damage_taken":21,"max_hp_gain":0,"max_hp_loss":0,"event_name":"Cursed Tome","floor":22,"gold_loss":0}],"is_beta":false,"boss_relics":[{"not_picked":["Sozu","Orrery"],"picked":"Eternal Feather"}],"items_purged_floors":[3,21],"is_endless":false,"potions_floor_spawned":[4,5,12,13,23,27],"killed_by":"Slavers","ascension_level":15}