{"gold_per_floor":[109,125,175,13,24,56,56,84,84,103,121,141,141,171,171,171],"floor_reached":16,"playtime":899,"items_purged":[],"score":257,"play_id":"bbf70777-b495-446a-a51b-df952bed6b46","local_time":"20190409115045","is_ascension_mode":true,"campfire_choices":[{"data":"Bash","floor":7,"key":"SMITH"},{"floor":13,"key":"REST"},{"data":"Combust","floor":15,"key":"SMITH"}],"neow_cost":"NONE","seed_source_timestamp":12808513446506,"circlet_count":0,"master_deck":["AscendersBane","Strike_R","Strike_R","Strike_R","Strike_R","Strike_R","Defend_R","Defend_R","Defend_R","Defend_R","Bash+1","Cleave","Reaper","Combust+1","True Grit","Spot Weakness","Armaments","Dark Embrace","Feed"],"relics":["Burning Blood","NeowsBlessing","Happy Flower","Kunai","Question Card","Pear","Mango"],"potions_floor_usage":[6,10,16],"damage_taken":[{"damage":0,"enemies":"Cultist","floor":1,"turns":1},{"damage":0,"enemies":"Small Slimes","floor":2,"turns":1},{"damage":0,"enemies":"2 Louse","floor":5,"turns":1},{"damage":30,"enemies":"Lagavulin","floor":6,"turns":6},{"damage":56,"enemies":"Gremlin Nob","floor":8,"turns":5},{"damage":6,"enemies":"Large Slime","floor":10,"turns":6},{"damage":13,"enemies":"Exordium Thugs","floor":11,"turns":4},{"damage":14,"enemies":"Blue Slaver","floor":12,"turns":3},{"damage":42,"enemies":"3 Sentries","floor":14,"turns":7},{"damage":64,"enemies":"The Guardian","floor":16,"turns":11}],"seed_played":"-410569954512196647","potions_obtained":[{"floor":5,"key":"AttackPotion"},{"floor":8,"key":"AttackPotion"},{"floor":10,"key":"SteroidPotion"}],"is_trial":false,"path_per_floor":["M","M","?","$","M","E","R","E","T","M","M","M","R","E","R","B"],"character_chosen":"IRONCLAD","items_purchased":["Happy Flower"],"campfire_rested":1,"item_purchase_floors":[4],"current_hp_per_floor":[74,75,75,75,75,51,51,7,17,22,28,30,55,54,54,0],"gold":171,"neow_bonus":"THREE_ENEMY_KILL","is_prod":false,"is_daily":false,"chose_seed":false,"campfire_upgraded":2,"win_rate":0,"timestamp":1554803445,"path_taken":["M","?","?","$","M","E","R","E","T","M","?","M","R","E","R","BOSS"],"build_version":"2019-01-23","purchased_purges":0,"victory":false,"max_hp_per_floor":[75,75,75,75,75,75,75,75,85,85,85,85,85,99,99,99],"card_choices":[{"not_picked":["Body Slam","Warcry"],"picked":"Cleave","floor":1},{"not_picked":["Clothesline","True Grit"],"picked":"Reaper","floor":2},{"not_picked":["Intimidate","Sword Boomerang"],"picked":"Combust","floor":5},{"not_picked":["Perfected Strike","Infernal Blade"],"picked":"True Grit","floor":6},{"not_picked":["Rampage","Twin Strike"],"picked":"Spot Weakness","floor":8},{"not_picked":["Rampage","Spot Weakness","Warcry"],"picked":"Armaments","floor":10},{"not_picked":["True Grit","Body Slam","Clash","Armaments"],"picked":"SKIP","floor":11},{"not_picked":["Hemokinesis","Sword Boomerang","Power Through"],"picked":"Dark Embrace","floor":12},{"not_picked":["Reckless Charge","Blood for Blood","Flex"],"picked":"Feed","floor":14}],"player_experience":580594,"relics_obtained":[{"floor":6,"key":"Kunai"},{"floor":8,"key":"Question Card"},{"floor":9,"key":"Pear"},{"floor":14,"key":"Mango"}],"event_choices":[{"damage_healed":0,"gold_gain":50,"player_choice":"Pray","damage_taken":0,"max_hp_gain":0,"max_hp_loss":0,"event_name":"Golden Shrine","floor":3,"gold_loss":0}],"is_beta":false,"boss_relics":[],"items_purged_floors":[],"is_endless":false,"potions_floor_spawned":[5,8,10],"killed_by":"The Guardian","ascension_level":18}