{"gold_per_floor":[117,292,292,308,308,342,355,387,387,13,13,29,29,29,29,128,128,138,164,164,179,179,179,194,194,221,253,36,46,46,372,372,467,467,477,699,712,726,555,580,580,580,630,665,665,685,71,85,85,85],"floor_reached":51,"playtime":8318,"items_purged":["Defend_B","Strike_B","Zap"],"score":931,"play_id":"42de28ac-0215-48a5-ac77-ff2fc0706c07","local_time":"20190916053656","is_ascension_mode":true,"campfire_choices":[{"floor":11,"key":"REST"},{"floor":15,"key":"REST"},{"floor":23,"key":"REST"},{"data":"Loop","floor":25,"key":"SMITH"},{"data":"Loop","floor":30,"key":"SMITH"},{"data":"Self Repair","floor":32,"key":"SMITH"},{"data":"Defragment","floor":41,"key":"SMITH"},{"data":"Sunder","floor":49,"key":"SMITH"}],"neow_cost":"NONE","seed_source_timestamp":222788460581300,"circlet_count":0,"master_deck":["Defend_B+1","Dualcast","Sunder+1","Self Repair+1","Hologram","BootSequence","Hologram","Loop+1","Bandage Up+1","Glacier+1","Reboot+1","Hologram+1","Defragment+1","Steam+1","Double Energy+1","Consume+1","Chill+1","Coolheaded+1","Glacier+1","Loop+1","Chill+1","Seek+1","Self Repair+1","Beam Cell+1","Normality","Coolheaded+1","Cold Snap","Defragment+1","Sunder+1","Beam Cell+1","Madness+1","Coolheaded+1","Madness+1","Madness+1","Blizzard","Go for the Eyes","Thinking Ahead+1","White Noise+1"],"relics":["Orrery","Bronze Scales","Sundial","Regal Pillow","Toxic Egg 2","Empty Cage","Red Mask","Bag of Marbles","Art of War","The Courier","Old Coin","Astrolabe","Oddly Smooth Stone","PreservedInsect","Ancient Tea Set","Boot"],"potions_floor_usage":[8,16,33,33,44,44,50],"damage_taken":[{"damage":1,"enemies":"Jaw Worm","floor":1,"turns":4},{"damage":0,"enemies":"Small Slimes","floor":4,"turns":3},{"damage":40,"enemies":"Lagavulin","floor":6,"turns":9},{"damage":0,"enemies":"Cultist","floor":7,"turns":4},{"damage":40,"enemies":"3 Sentries","floor":8,"turns":7},{"damage":0,"enemies":"2 Fungi Beasts","floor":12,"turns":2},{"damage":22,"enemies":"Hexaghost","floor":16,"turns":13},{"damage":1,"enemies":"Chosen","floor":18,"turns":9},{"damage":73,"enemies":"Masked Bandits","floor":19,"turns":8},{"damage":0,"enemies":"3 Byrds","floor":21,"turns":3},{"damage":0,"enemies":"Shelled Parasite and Fungi","floor":24,"turns":9},{"damage":43,"enemies":"Gremlin Leader","floor":27,"turns":11},{"damage":2,"enemies":"Centurion and Healer","floor":29,"turns":13},{"damage":0,"enemies":"Slavers","floor":31,"turns":8},{"damage":0,"enemies":"Collector","floor":33,"turns":27},{"damage":0,"enemies":"Orb Walker","floor":35,"turns":6},{"damage":32,"enemies":"3 Darklings","floor":37,"turns":9},{"damage":16,"enemies":"Sphere and 2 Shapes","floor":38,"turns":7},{"damage":0,"enemies":"Nemesis","floor":40,"turns":9},{"damage":65,"enemies":"Reptomancer","floor":44,"turns":10},{"damage":10,"enemies":"Spire Growth","floor":46,"turns":8},{"damage":0,"enemies":"Writhing Mass","floor":48,"turns":8},{"damage":17,"enemies":"Time Eater","floor":50,"turns":18}],"seed_played":"3416032409706993291","potions_obtained":[{"floor":1,"key":"FocusPotion"},{"floor":6,"key":"SpeedPotion"},{"floor":7,"key":"PowerPotion"},{"floor":12,"key":"Energy Potion"},{"floor":24,"key":"Fire Potion"},{"floor":27,"key":"EssenceOfSteel"},{"floor":33,"key":"GamblersBrew"},{"floor":35,"key":"Ancient Potion"},{"floor":40,"key":"FocusPotion"},{"floor":46,"key":"FocusPotion"}],"is_trial":false,"path_per_floor":["M","?","?","M","?","E","M","E","T","$","R","M","?","?","R","B",null,"M","?","?","M","?","R","M","R","T","E","$","M","R","E","R","B",null,"M","?","M","M","$","E","R","?","T","E","?","M","$","M","R","B",null],"character_chosen":"DEFECT","items_purchased":["Toxic Egg 2","Loop","Bandage Up+1","Chill+1","Coolheaded+1","Glacier+1","Defragment","Sunder","Blizzard","Ancient Tea Set","Go for the Eyes","Boot","SkillPotion","Thinking Ahead+1"],"campfire_rested":3,"item_purchase_floors":[10,10,10,28,28,28,39,39,47,47,47,47,47,47],"current_hp_per_floor":[75,75,75,75,80,47,54,21,21,21,60,60,44,37,76,67,80,80,20,20,27,27,66,79,79,79,49,49,60,60,73,73,80,80,80,80,74,80,80,80,80,80,80,41,31,47,47,73,73,80],"gold":85,"neow_bonus":"BOSS_RELIC","is_prod":false,"is_daily":false,"chose_seed":false,"campfire_upgraded":5,"win_rate":0,"timestamp":1568605016,"path_taken":["M","?","?","?","?","E","M","E","T","$","R","M","?","?","R","BOSS","M","?","?","M","?","R","M","R","T","E","$","?","R","E","R","BOSS","M","?","M","M","$","E","R","?","T","E","?","M","$","M","R","BOSS"],"build_version":"2019-07-17","purchased_purges":3,"victory":true,"max_hp_per_floor":[75,75,75,75,80,80,80,80,80,80,80,80,80,80,80,80,80,80,80,80,80,80,80,80,80,80,80,80,80,80,80,80,80,80,80,80,80,80,80,80,80,80,80,80,80,80,80,80,80,80],"card_choices":[{"not_picked":["Coolheaded","Melter"],"picked":"Sunder","floor":0},{"not_picked":["Turbo","Capacitor"],"picked":"Self Repair","floor":0},{"not_picked":["Skim","Fusion"],"picked":"Hologram","floor":0},{"not_picked":["Hologram","Skim"],"picked":"BootSequence","floor":0},{"not_picked":["Compile Driver","Redo","Leap"],"picked":"SKIP","floor":1},{"not_picked":["Leap","Beam Cell"],"picked":"Hologram","floor":4},{"not_picked":["Gash","Storm","Buffer"],"picked":"SKIP","floor":6},{"not_picked":["White Noise","Leap","Rebound"],"picked":"SKIP","floor":7},{"not_picked":["Force Field","Compile Driver","Biased Cognition"],"picked":"SKIP","floor":8},{"not_picked":["Gash","Reprogram+1"],"picked":"Glacier+1","floor":12},{"not_picked":["Thunder Strike","Core Surge"],"picked":"Reboot+1","floor":16},{"not_picked":["Melter","Rip and Tear"],"picked":"Hologram+1","floor":18},{"not_picked":["Go for the Eyes","Conserve Battery+1"],"picked":"Defragment+1","floor":19},{"not_picked":["Redo+1","Force Field+1"],"picked":"Steam+1","floor":21},{"not_picked":["Steam+1","Conserve Battery+1"],"picked":"Double Energy+1","floor":24},{"not_picked":["Ball Lightning","Skim+1"],"picked":"Consume+1","floor":27},{"not_picked":["Heatsinks","Streamline"],"picked":"Loop","floor":29},{"not_picked":["Hologram+1","Gash+1"],"picked":"Chill+1","floor":31},{"not_picked":["Electrodynamics","Meteor Strike"],"picked":"Seek+1","floor":33},{"not_picked":["Conserve Battery+1","Glacier+1"],"picked":"Coolheaded+1","floor":35},{"not_picked":["Hello World+1","Sweeping Beam"],"picked":"Cold Snap","floor":37},{"not_picked":["Steam+1","Lockon+1","Rip and Tear+1"],"picked":"SKIP","floor":38},{"not_picked":["Glacier+1","Rebound+1"],"picked":"Beam Cell+1","floor":40},{"not_picked":["Mind Blast","Discovery+1"],"picked":"Madness+1","floor":42},{"not_picked":["Machine Learning","Steam+1"],"picked":"Coolheaded+1","floor":44},{"not_picked":["Leap+1","Genetic Algorithm+1","Chaos+1"],"picked":"SKIP","floor":46},{"not_picked":["Rip and Tear","Turbo+1"],"picked":"White Noise+1","floor":48}],"player_experience":143980,"relics_obtained":[{"floor":6,"key":"Bronze Scales"},{"floor":8,"key":"Sundial"},{"floor":9,"key":"Regal Pillow"},{"floor":19,"key":"Red Mask"},{"floor":26,"key":"Art of War"},{"floor":27,"key":"The Courier"},{"floor":31,"key":"Old Coin"},{"floor":43,"key":"Oddly Smooth Stone"},{"floor":44,"key":"PreservedInsect"}],"event_choices":[{"damage_healed":0,"gold_gain":175,"player_choice":"AGREE","damage_taken":0,"max_hp_gain":0,"max_hp_loss":0,"event_name":"Liars Game","floor":2,"gold_loss":0,"cards_obtained":["Doubt"]},{"cards_removed":["Strike_B"],"damage_healed":0,"gold_gain":0,"player_choice":"Purged","damage_taken":0,"max_hp_gain":0,"max_hp_loss":0,"event_name":"Purifier","floor":3,"gold_loss":0},{"damage_healed":0,"gold_gain":0,"player_choice":"Donut","damage_taken":0,"max_hp_gain":5,"max_hp_loss":0,"event_name":"Big Fish","floor":5,"gold_loss":0},{"damage_healed":0,"gold_gain":0,"player_choice":"Entered Light","damage_taken":16,"max_hp_gain":0,"max_hp_loss":0,"event_name":"Shining Light","floor":13,"gold_loss":0,"cards_upgraded":["Defend_B","Sunder"]},{"cards_removed":["Doubt"],"damage_healed":0,"gold_gain":0,"player_choice":"Card Removal","damage_taken":7,"max_hp_gain":0,"max_hp_loss":0,"event_name":"Golden Wing","floor":14,"gold_loss":0},{"damage_healed":0,"gold_gain":0,"player_choice":"Fought Bandits","damage_taken":0,"max_hp_gain":0,"max_hp_loss":0,"event_name":"Masked Bandits","floor":19,"gold_loss":0},{"damage_healed":0,"gold_gain":0,"player_choice":"Smashed Altar","damage_taken":0,"max_hp_gain":0,"max_hp_loss":0,"event_name":"Forgotten Altar","floor":20,"gold_loss":0,"cards_obtained":["Decay"]},{"damage_healed":0,"gold_gain":0,"player_choice":"Gave Potion","damage_taken":0,"relics_obtained":["Bag of Marbles"],"max_hp_gain":0,"max_hp_loss":0,"event_name":"WeMeetAgain","floor":22,"gold_loss":0},{"damage_healed":0,"gold_gain":222,"player_choice":"Wore Mask","damage_taken":0,"max_hp_gain":0,"max_hp_loss":0,"event_name":"Tomb of Lord Red Mask","floor":36,"gold_loss":0},{"damage_healed":0,"gold_gain":0,"player_choice":"Memory 1","damage_taken":0,"max_hp_gain":0,"max_hp_loss":0,"event_name":"SensoryStone","floor":42,"gold_loss":0},{"damage_healed":0,"gold_gain":0,"player_choice":"Embrace Madness","damage_taken":10,"max_hp_gain":0,"max_hp_loss":0,"event_name":"Winding Halls","floor":45,"gold_loss":0,"cards_obtained":["Madness","Madness"]}],"is_beta":false,"boss_relics":[{"not_picked":["Runic Dome","White Beast Statue"],"picked":"Empty Cage"},{"not_picked":["Philosopher\u0027s Stone","Lizard Tail"],"picked":"Astrolabe"}],"items_purged_floors":[28,39,47],"is_endless":false,"potions_floor_spawned":[1,6,7,12,24,27,33,35,40,46],"ascension_level":2}