{"gold_per_floor":[115,133,150,160,160,160,192,31,55,55,55,230,241,5,5,106,106,126,126,88,105,119,119,129,129,129,129,129,139,139,139,139,240,240,260,271,281,35,48,48,62,62,62,62,62,76,76,16,16,16],"floor_reached":51,"playtime":2470,"items_purged":["Doubt","Defend_P"],"score":728,"play_id":"00568f08-b707-4774-8c2d-fe40be780600","local_time":"20190910135842","is_ascension_mode":true,"campfire_choices":[{"data":"Ragnarok","floor":6,"key":"SMITH"},{"data":"Devotion","floor":15,"key":"SMITH"},{"data":"Devotion","floor":23,"key":"SMITH"},{"data":"RitualDagger","floor":25,"key":"SMITH"},{"data":"Protect","floor":28,"key":"SMITH"},{"floor":30,"key":"REST"},{"data":"Nirvana","floor":32,"key":"SMITH"},{"data":"Establishment","floor":40,"key":"SMITH"},{"floor":42,"key":"REST"},{"data":"Dramatic Entrance","floor":47,"key":"SMITH"},{"data":"Vault","floor":49,"key":"SMITH"}],"neow_cost":"NONE","seed_source_timestamp":1275512203040100,"circlet_count":0,"master_deck":["Strike_P","Defend_P","Eruption","Vigilance","Protect+1","EmptyFist+1","Ragnarok+1","ThirdEye","Devotion+1","Dramatic Entrance+1","Consecrate","FlowState","Nirvana+1","Crescendo+1","RitualDagger+1","Devotion+1","Protect","Establishment+1","ReachHeaven","Vault+1","CrushJoints","SandsOfTime+1"],"relics":["PureWater","Orichalcum","MealTicket","Empty Cage","Singing Bowl","MutagenicStrength","Runic Pyramid","Strawberry","Darkstone Periapt"],"potions_floor_usage":[13,16,29,29,33,33,36,50,50,50],"damage_taken":[{"damage":1,"enemies":"Cultist","floor":1,"turns":4},{"damage":0,"enemies":"Jaw Worm","floor":2,"turns":6},{"damage":0,"enemies":"Small Slimes","floor":3,"turns":2},{"damage":2,"enemies":"Blue Slaver","floor":4,"turns":3},{"damage":22,"enemies":"3 Sentries","floor":7,"turns":8},{"damage":0,"enemies":"Looter","floor":13,"turns":1},{"damage":27,"enemies":"The Guardian","floor":16,"turns":8},{"damage":19,"enemies":"Spheric Guardian","floor":18,"turns":5},{"damage":7,"enemies":"Chosen","floor":21,"turns":4},{"damage":29,"enemies":"Shelled Parasite and Fungi","floor":22,"turns":7},{"damage":8,"enemies":"Centurion and Healer","floor":24,"turns":5},{"damage":0,"enemies":"Sentry and Sphere","floor":29,"turns":3},{"damage":39,"enemies":"Automaton","floor":33,"turns":9},{"damage":33,"enemies":"3 Darklings","floor":35,"turns":5},{"damage":12,"enemies":"3 Shapes","floor":36,"turns":3},{"damage":1,"enemies":"Transient","floor":37,"turns":5},{"damage":27,"enemies":"Spire Growth","floor":39,"turns":3},{"damage":2,"enemies":"3 Darklings","floor":41,"turns":5},{"damage":0,"enemies":"Transient","floor":46,"turns":5},{"damage":62,"enemies":"Time Eater","floor":50,"turns":5}],"seed_played":"-1270610812466528249","potions_obtained":[{"floor":7,"key":"SteroidPotion"},{"floor":13,"key":"GamblersBrew"},{"floor":18,"key":"StancePotion"},{"floor":21,"key":"LiquidBronze"},{"floor":22,"key":"SteroidPotion"},{"floor":29,"key":"Block Potion"},{"floor":35,"key":"SkillPotion"},{"floor":36,"key":"Ancient Potion"},{"floor":37,"key":"Explosive Potion"},{"floor":46,"key":"FearPotion"}],"is_trial":false,"path_per_floor":["M","M","M","M","?","R","E","$","T","$","?","?","M","$","R","B",null,"M","?","$","M","M","R","M","R","T","?","R","M","R","?","R","B",null,"M","M","M","$","M","R","M","R","T","$","?","M","R","?","R","B",null],"character_chosen":"WATCHER","items_purchased":["Devotion","Dramatic Entrance","FlowState","Devotion","Strawberry"],"campfire_rested":2,"item_purchase_floors":[8,8,14,20,38],"current_hp_per_floor":[70,70,70,68,54,54,32,32,32,47,52,52,52,67,67,40,76,57,51,66,59,30,30,22,22,22,22,22,22,44,44,44,5,76,43,31,32,54,29,29,29,55,55,70,70,72,72,72,72,10],"gold":16,"neow_bonus":"TEN_PERCENT_HP_BONUS","is_prod":false,"is_daily":false,"chose_seed":false,"campfire_upgraded":9,"win_rate":0,"timestamp":1568138322,"path_taken":["M","M","M","M","?","R","E","$","T","$","?","?","M","$","R","BOSS","M","?","$","M","M","R","M","R","T","?","R","?","R","?","R","BOSS","M","M","M","$","M","R","M","R","T","$","?","M","R","?","R","BOSS"],"build_version":"2019-09-09v2","purchased_purges":2,"victory":true,"max_hp_per_floor":[71,71,71,71,71,71,71,71,71,71,76,76,76,76,76,76,76,76,76,76,76,76,76,76,76,76,76,76,76,76,76,76,76,76,76,76,78,85,87,87,89,89,89,89,89,91,91,91,91,91],"card_choices":[{"not_picked":["JustLucky","Crescendo"],"picked":"Protect","floor":1},{"not_picked":["Protect","EmptyBody"],"picked":"EmptyFist","floor":2},{"not_picked":["Halt","EmptyFist","EmptyMind"],"picked":"SKIP","floor":3},{"not_picked":["EmptyBody","Crescendo"],"picked":"Ragnarok","floor":4},{"not_picked":["Sanctity","JustLucky"],"picked":"ThirdEye","floor":7},{"not_picked":["Weave","CarveReality"],"picked":"Consecrate","floor":13},{"not_picked":["DeusExMachina","Brilliance"],"picked":"Nirvana","floor":16},{"not_picked":["Consecrate+1","Weave"],"picked":"Crescendo+1","floor":18},{"not_picked":["FollowUp","Consecrate"],"picked":"Protect","floor":21},{"not_picked":["EmptyMind+1","Prostrate","FollowUp+1"],"picked":"SKIP","floor":22},{"not_picked":["Sanctity","Collect"],"picked":"Establishment","floor":24},{"not_picked":["Halt","JustLucky"],"picked":"ReachHeaven","floor":29},{"not_picked":["Judgement","SignatureMove"],"picked":"Vault","floor":33},{"not_picked":["Halt","FlyingSleeves"],"picked":"CrushJoints","floor":35},{"not_picked":["ThirdEye+1","EmptyMind"],"picked":"SandsOfTime+1","floor":36},{"not_picked":["Consecrate","EmptyBody","ClearTheMind"],"picked":"Singing Bowl","floor":37},{"not_picked":["ThirdEye","EmptyBody","Devotion"],"picked":"Singing Bowl","floor":39},{"not_picked":["BowlingBash","FlyingSleeves","EmptyMind+1"],"picked":"Singing Bowl","floor":41},{"not_picked":["Crescendo+1","EmptyFist+1","FearNoEvil"],"picked":"Singing Bowl","floor":46}],"player_experience":1003506,"relics_obtained":[{"floor":7,"key":"Orichalcum"},{"floor":9,"key":"MealTicket"},{"floor":26,"key":"Singing Bowl"},{"floor":43,"key":"Darkstone Periapt"}],"event_choices":[{"damage_healed":0,"gold_gain":0,"player_choice":"Entered Light","damage_taken":14,"max_hp_gain":0,"max_hp_loss":0,"event_name":"Shining Light","floor":5,"gold_loss":0,"cards_upgraded":["EmptyFist","Defend_P"]},{"damage_healed":0,"gold_gain":0,"player_choice":"Donut","damage_taken":0,"max_hp_gain":5,"max_hp_loss":0,"event_name":"Big Fish","floor":11,"gold_loss":0},{"damage_healed":0,"gold_gain":175,"player_choice":"AGREE","damage_taken":0,"max_hp_gain":0,"max_hp_loss":0,"event_name":"Liars Game","floor":12,"gold_loss":0,"cards_obtained":["Doubt"]},{"damage_healed":0,"gold_gain":0,"player_choice":"Joined the Cult","damage_taken":6,"max_hp_gain":0,"max_hp_loss":0,"event_name":"Nest","floor":19,"gold_loss":0,"cards_obtained":["RitualDagger"]},{"damage_healed":0,"gold_gain":0,"player_choice":"Inject Mutagens","damage_taken":0,"relics_obtained":["MutagenicStrength"],"max_hp_gain":0,"max_hp_loss":0,"event_name":"Drug Dealer","floor":27,"gold_loss":0},{"cards_removed":["Strike_P"],"damage_healed":0,"gold_gain":0,"player_choice":"Elegance","damage_taken":0,"max_hp_gain":0,"max_hp_loss":0,"event_name":"Back to Basics","floor":31,"gold_loss":0},{"cards_removed":["Defend_P"],"damage_healed":0,"gold_gain":0,"player_choice":"Removed Skill","damage_taken":0,"max_hp_gain":0,"max_hp_loss":0,"event_name":"Falling","floor":45,"gold_loss":0},{"cards_removed":["Strike_P"],"damage_healed":0,"gold_gain":0,"player_choice":"Single Remove","damage_taken":0,"max_hp_gain":0,"max_hp_loss":0,"event_name":"Designer","floor":48,"gold_loss":60}],"is_beta":true,"boss_relics":[{"not_picked":["Cursed Key","Velvet Choker"],"picked":"Empty Cage"},{"not_picked":["Busted Crown","Runic Dome"],"picked":"Runic Pyramid"}],"items_purged_floors":[14,38],"is_endless":false,"potions_floor_spawned":[7,13,18,21,22,29,35,36,37,46],"ascension_level":1}