{"gold_per_floor":[117,132,61,71,146,178,178,212,236,236,236,253,83,98,98,98],"floor_reached":16,"playtime":1344,"items_purged":["Strike_R"],"score":121,"play_id":"abb70ab9-32b0-4b09-92cc-30ca67ab1d3f","local_time":"20190215092039","is_ascension_mode":true,"campfire_choices":[{"data":"Flame Barrier","floor":7,"key":"SMITH"},{"floor":11,"key":"REST"},{"data":"Armaments","floor":15,"key":"SMITH"}],"neow_cost":"NONE","seed_source_timestamp":33714975517544,"circlet_count":0,"master_deck":["Strike_R","Strike_R","Strike_R","Defend_R","Defend_R","Defend_R","Defend_R","Bash","Feed","Spot Weakness","Disarm","Flame Barrier+1","Heavy Blade","True Grit","Shockwave","Flame Barrier","Armaments+1"],"relics":["Burning Blood","PreservedInsect","Art of War","Blood Vial"],"potions_floor_usage":[8,16,16],"damage_taken":[{"damage":7,"enemies":"Jaw Worm","floor":1,"turns":3},{"damage":1,"enemies":"Cultist","floor":2,"turns":3},{"damage":7,"enemies":"Small Slimes","floor":4,"turns":5},{"damage":44,"enemies":"3 Sentries","floor":6,"turns":10},{"damage":16,"enemies":"Gremlin Nob","floor":8,"turns":4},{"damage":28,"enemies":"Gremlin Gang","floor":12,"turns":5},{"damage":11,"enemies":"Exordium Thugs","floor":14,"turns":8},{"damage":48,"enemies":"Slime Boss","floor":16,"turns":9}],"seed_played":"-3318131990538605115","potions_obtained":[{"floor":1,"key":"Ancient Potion"},{"floor":2,"key":"FearPotion"},{"floor":12,"key":"Explosive Potion"}],"is_trial":false,"path_per_floor":["M","M","$","M","?","E","R","E","T","?","R","M","$","M","R","B"],"character_chosen":"IRONCLAD","items_purchased":["Flame Barrier","Armaments","Swift Potion"],"campfire_rested":1,"item_purchase_floors":[3,13,13],"current_hp_per_floor":[82,83,83,85,74,36,36,26,26,26,51,34,34,34,34,0],"gold":98,"neow_bonus":"ONE_RANDOM_RARE_CARD","is_prod":false,"is_daily":false,"chose_seed":false,"campfire_upgraded":2,"win_rate":0,"timestamp":1550218839,"path_taken":["M","M","$","M","?","E","R","E","T","?","R","M","$","?","R","BOSS"],"build_version":"2019-01-23","purchased_purges":1,"victory":false,"max_hp_per_floor":[83,83,83,86,86,86,86,86,86,86,86,89,89,92,92,92],"card_choices":[{"not_picked":["Sever Soul","Dropkick"],"picked":"Spot Weakness","floor":1},{"not_picked":["Iron Wave","Clash"],"picked":"Disarm","floor":2},{"not_picked":["Perfected Strike","Anger"],"picked":"Heavy Blade","floor":4},{"not_picked":["Iron Wave","Second Wind"],"picked":"True Grit","floor":6},{"not_picked":["True Grit","Ghostly Armor"],"picked":"Shockwave","floor":8},{"not_picked":["Heavy Blade","Infernal Blade"],"picked":"Flame Barrier","floor":12},{"not_picked":["Rampage","Blood for Blood","Searing Blow"],"picked":"SKIP","floor":14}],"player_experience":190184,"relics_obtained":[{"floor":6,"key":"PreservedInsect"},{"floor":8,"key":"Art of War"},{"floor":9,"key":"Blood Vial"}],"event_choices":[{"damage_healed":0,"gold_gain":75,"player_choice":"Gather Gold","damage_taken":11,"max_hp_gain":0,"max_hp_loss":0,"event_name":"World of Goop","floor":5,"gold_loss":0},{"cards_removed":["Strike_R"],"damage_healed":0,"gold_gain":0,"player_choice":"Offered Basic","damage_taken":0,"max_hp_gain":0,"max_hp_loss":0,"event_name":"Bonfire Elementals","floor":10,"gold_loss":0}],"is_beta":false,"boss_relics":[],"items_purged_floors":[13],"is_endless":false,"potions_floor_spawned":[1,2,12],"killed_by":"Slime Boss","ascension_level":2}