{"path_per_floor":["M","?","?","?","?","E","R","E","T","R","?","M","E","M","R","B",null,"M","M","$","?"],"character_chosen":"IRONCLAD","items_purchased":["Reaper","Double Tap","Trip"],"gold_per_floor":[115,190,140,140,140,172,172,204,230,230,230,247,279,291,291,395,395,395,395,9,9,9],"floor_reached":22,"campfire_rested":0,"playtime":1525,"current_hp_per_floor":[78,67,67,67,67,76,76,82,82,82,82,87,87,91,91,89,94,49,31,31,15,0],"items_purged":["Strike_R"],"gold":9,"score":396,"play_id":"139114b4-167a-4b8d-97ce-8cfea57aea1d","local_time":"20180416120217","is_prod":false,"is_daily":false,"chose_seed":false,"is_ascension_mode":true,"campfire_upgraded":3,"timestamp":1523905337,"path_taken":["M","?","?","?","?","E","R","E","T","R","?","M","E","M","R","BOSS","M","M","$","?","?"],"build_version":"2018-04-12","seed_source_timestamp":137807676911236,"purchased_purges":1,"victory":false,"master_deck":["Strike_R","Strike_R","Strike_R","Defend_R","Defend_R","Bash","Spot Weakness","Clash","Feed+1","Armaments+1","Iron Wave","Evolve","Corruption+1","Spot Weakness","Berserk","Sentinel","Intimidate","Reaper","Double Tap","Trip"],"max_hp_per_floor":[80,80,80,80,80,83,83,83,83,83,83,87,87,91,91,95,95,95,99,99,99,99],"relics":["Burning Blood","NeowsBlessing","Regal Pillow","Smiling Mask","Lantern","Blood Vial","Ectoplasm","Enchiridion"],"card_choices":[{"not_picked":["Sentinel","Flex"],"picked":"Spot Weakness","floor":1},{"not_picked":["Rampage","Power Through"],"picked":"Armaments","floor":6},{"not_picked":["Reckless Charge","Carnage"],"picked":"Iron Wave","floor":8},{"not_picked":["Shrug It Off","Pommel Strike"],"picked":"Evolve","floor":12},{"not_picked":["Power Through","Flame Barrier"],"picked":"Corruption","floor":13},{"not_picked":["Twin Strike","Metallicize"],"picked":"Spot Weakness","floor":14},{"not_picked":["Barricade","Demon Form"],"picked":"Berserk","floor":16},{"not_picked":["Dropkick","Clothesline"],"picked":"Sentinel","floor":18},{"not_picked":["Clothesline","Body Slam"],"picked":"Intimidate","floor":19}],"player_experience":324654,"potions_floor_usage":[13,16,16,16,22],"damage_taken":[{"damage":0,"enemies":"Small Slimes","floor":1,"turns":1},{"damage":0,"enemies":"3 Sentries","floor":6,"turns":2},{"damage":0,"enemies":"Lagavulin","floor":8,"turns":1},{"damage":1,"enemies":"Cultist","floor":12,"turns":3},{"damage":0,"enemies":"Gremlin Nob","floor":13,"turns":2},{"damage":0,"enemies":"2 Louse","floor":14,"turns":2},{"damage":12,"enemies":"Slime Boss","floor":16,"turns":8},{"damage":52,"enemies":"3 Byrds","floor":18,"turns":6},{"damage":30,"enemies":"Spheric Guardian","floor":19,"turns":5},{"damage":41,"enemies":"Cultist and Chosen","floor":22,"turns":4}],"event_choices":[{"event_name":"World of Goop","player_choice":"Gather Gold","floor":2,"damage_taken":0},{"event_name":"The Cleric","player_choice":"Card Removal","floor":3,"damage_taken":0},{"event_name":"Living Wall","player_choice":"Change","floor":4,"damage_taken":0},{"event_name":"Match and Keep!","player_choice":"1 cards matched","floor":5,"damage_taken":0},{"event_name":"Match and Keep!","player_choice":"1 cards matched","floor":5,"damage_taken":0},{"event_name":"Purifier","player_choice":"One Purge","floor":11,"damage_taken":0},{"event_name":"Cursed Tome","player_choice":"Obtained Book","floor":21,"damage_taken":0}],"boss_relics":[{"not_picked":["Lizard Tail","Runic Pyramid"],"picked":"Ectoplasm"}],"potions_floor_spawned":[1,8,12,13,18,19],"seed_played":"6782213691840120910","killed_by":"Cultist and Chosen","ascension_level":7,"is_trial":false}