{"gold_per_floor":[115,130,147,36,36,36,67,67,67,100,117,129,164,183,183,283,283,298,309,139,139,150,150,181,181,181,206,225,241,259,276,276,371,371,384,1,101,116,133,133,152,152],"floor_reached":42,"playtime":2109,"items_purged":["Defend_R","Defend_R","Defend_R"],"score":782,"play_id":"23c62617-86bc-473a-bdce-9ba31a7dead4","local_time":"20190306065535","is_ascension_mode":true,"campfire_choices":[{"data":"Bash","floor":6,"key":"SMITH"},{"data":"Perfected Strike","floor":8,"key":"SMITH"},{"data":"Perfected Strike","floor":15,"key":"SMITH"},{"data":"Inflame","floor":23,"key":"SMITH"},{"floor":25,"key":"REST"},{"data":"Offering","floor":32,"key":"SMITH"},{"floor":40,"key":"REST"}],"neow_cost":"NONE","seed_source_timestamp":2136260459528,"circlet_count":0,"master_deck":["Strike_R","Strike_R","Strike_R","Strike_R","Strike_R","Bash+1","Anger","Perfected Strike+1","Perfected Strike+1","Flame Barrier","Wild Strike","Clash","Whirlwind","Pommel Strike","Intimidate","Offering+1","Spot Weakness+1","Perfected Strike+1","Inflame+1","Necronomicurse","Shockwave+1","Warcry","Pommel Strike+1","Double Tap","Thinking Ahead","Dramatic Entrance","Fire Breathing+1"],"relics":["Burning Blood","Pen Nib","Matryoshka","Potion Belt","Blue Candle","Bottled Flame","Boot","Runic Dome","Necronomicon","Calipers","Bag of Preparation","Mummified Hand","Mercury Hourglass","Mark of Pain","Ginger"],"potions_floor_usage":[24,37,39,41,41,42],"damage_taken":[{"damage":3,"enemies":"Jaw Worm","floor":1,"turns":5},{"damage":0,"enemies":"Small Slimes","floor":2,"turns":2},{"damage":1,"enemies":"Cultist","floor":3,"turns":3},{"damage":16,"enemies":"Gremlin Nob","floor":7,"turns":3},{"damage":20,"enemies":"3 Sentries","floor":10,"turns":4},{"damage":6,"enemies":"Exordium Thugs","floor":11,"turns":3},{"damage":9,"enemies":"Red Slaver","floor":12,"turns":2},{"damage":23,"enemies":"Lagavulin","floor":13,"turns":4},{"damage":0,"enemies":"Large Slime","floor":14,"turns":3},{"damage":30,"enemies":"Slime Boss","floor":16,"turns":7},{"damage":0,"enemies":"Chosen","floor":18,"turns":2},{"damage":6,"enemies":"Spheric Guardian","floor":19,"turns":2},{"damage":18,"enemies":"Cultist and Chosen","floor":22,"turns":2},{"damage":25,"enemies":"Slavers","floor":24,"turns":4},{"damage":10,"enemies":"Book of Stabbing","floor":27,"turns":2},{"damage":7,"enemies":"3 Cultists","floor":28,"turns":3},{"damage":0,"enemies":"Sentry and Sphere","floor":29,"turns":2},{"damage":9,"enemies":"Shelled Parasite and Fungi","floor":30,"turns":2},{"damage":0,"enemies":"Snecko","floor":31,"turns":2},{"damage":0,"enemies":"Collector","floor":33,"turns":2},{"damage":27,"enemies":"3 Darklings","floor":35,"turns":4},{"damage":36,"enemies":"Mind Bloom Boss Battle","floor":37,"turns":4},{"damage":16,"enemies":"Orb Walker","floor":38,"turns":2},{"damage":12,"enemies":"Jaw Worm Horde","floor":39,"turns":2},{"damage":43,"enemies":"4 Shapes","floor":41,"turns":3},{"damage":19,"enemies":"Maw","floor":42,"turns":2}],"seed_played":"8305741718892857364","potions_obtained":[{"floor":3,"key":"FairyPotion"},{"floor":10,"key":"GamblersBrew"},{"floor":11,"key":"SpeedPotion"},{"floor":14,"key":"EssenceOfSteel"},{"floor":16,"key":"Block Potion"},{"floor":24,"key":"SkillPotion"},{"floor":28,"key":"PowerPotion"},{"floor":29,"key":"LiquidBronze"},{"floor":38,"key":"SpeedPotion"},{"floor":39,"key":"Explosive Potion"},{"floor":41,"key":"Poison Potion"}],"is_trial":false,"path_per_floor":["M","M","M","$","?","R","E","R","T","E","M","M","E","M","R","B",null,"M","M","$","?","M","R","E","R","T","E","M","M","M","M","R","B",null,"M","$","?","M","M","R","M","M"],"character_chosen":"IRONCLAD","items_purchased":["Flame Barrier","Inflame","Thinking Ahead","Dramatic Entrance"],"campfire_rested":2,"item_purchase_floors":[4,20,36,36],"current_hp_per_floor":[75,80,80,80,80,80,70,70,70,56,56,53,36,42,42,18,65,71,71,71,55,43,43,24,48,48,44,43,49,46,52,52,58,75,54,54,24,14,8,32,8,0],"gold":152,"neow_bonus":"RANDOM_COMMON_RELIC","is_prod":false,"is_daily":false,"chose_seed":false,"campfire_upgraded":5,"win_rate":0,"timestamp":1551851735,"path_taken":["M","M","M","$","?","R","E","R","T","E","M","M","E","M","R","BOSS","M","M","$","?","M","R","E","R","T","E","M","M","M","M","R","BOSS","M","$","?","M","M","R","M","M"],"build_version":"2019-01-23","purchased_purges":3,"victory":false,"max_hp_per_floor":[80,80,80,80,80,80,80,80,80,80,80,80,80,80,80,80,80,80,80,80,80,80,80,80,80,80,80,80,80,80,80,80,80,80,80,80,80,80,80,80,80,80],"card_choices":[{"not_picked":["Cleave","Reckless Charge"],"picked":"Anger","floor":1},{"not_picked":["Iron Wave","Flex"],"picked":"Perfected Strike","floor":2},{"not_picked":["Iron Wave","Rage"],"picked":"Perfected Strike","floor":3},{"not_picked":["Heavy Blade","Body Slam"],"picked":"Wild Strike","floor":7},{"not_picked":["Flame Barrier","Corruption"],"picked":"Clash","floor":10},{"not_picked":["Rampage","Sentinel"],"picked":"Whirlwind","floor":11},{"not_picked":["Twin Strike","Warcry"],"picked":"Pommel Strike","floor":12},{"not_picked":["Bludgeon","Sever Soul"],"picked":"Intimidate","floor":13},{"not_picked":["Anger","Dropkick","Armaments"],"picked":"SKIP","floor":14},{"not_picked":["Barricade","Dark Embrace"],"picked":"Offering","floor":16},{"not_picked":["Thunderclap","Shockwave"],"picked":"Spot Weakness+1","floor":18},{"not_picked":["Thunderclap","Sword Boomerang+1"],"picked":"Perfected Strike+1","floor":19},{"not_picked":["Anger","Heavy Blade+1"],"picked":"Shockwave+1","floor":22},{"not_picked":["Perfected Strike","Power Through+1"],"picked":"Warcry","floor":24},{"not_picked":["Berserk","Flex"],"picked":"Pommel Strike+1","floor":27},{"not_picked":["Warcry","Shrug It Off","Havoc"],"picked":"SKIP","floor":28},{"not_picked":["Havoc","Disarm","Hemokinesis"],"picked":"SKIP","floor":29},{"not_picked":["Flame Barrier","Warcry","Body Slam+1"],"picked":"SKIP","floor":30},{"not_picked":["Burning Pact","Impervious","Heavy Blade"],"picked":"SKIP","floor":31},{"not_picked":["Limit Break","Impervious"],"picked":"Double Tap","floor":33},{"not_picked":["Headbutt","Heavy Blade+1","True Grit+1"],"picked":"SKIP","floor":35},{"not_picked":["Searing Blow","Anger"],"picked":"Fire Breathing+1","floor":38},{"not_picked":["Searing Blow+1","Shrug It Off+1","Carnage+1"],"picked":"SKIP","floor":39},{"not_picked":["Rampage+1","Flex","Clothesline+1"],"picked":"SKIP","floor":41}],"player_experience":322299,"relics_obtained":[{"floor":7,"key":"Matryoshka"},{"floor":9,"key":"Potion Belt"},{"floor":9,"key":"Blue Candle"},{"floor":10,"key":"Bottled Flame"},{"floor":13,"key":"Boot"},{"floor":21,"key":"Necronomicon"},{"floor":24,"key":"Calipers"},{"floor":26,"key":"Bag of Preparation"},{"floor":26,"key":"Mummified Hand"},{"floor":27,"key":"Mercury Hourglass"},{"floor":37,"key":"Ginger"}],"event_choices":[{"cards_removed":["Defend_R"],"damage_healed":0,"gold_gain":0,"player_choice":"Forget","damage_taken":0,"max_hp_gain":0,"max_hp_loss":0,"event_name":"Living Wall","floor":5,"gold_loss":0},{"damage_healed":0,"gold_gain":0,"player_choice":"Obtained Book","damage_taken":16,"max_hp_gain":0,"max_hp_loss":0,"event_name":"Cursed Tome","floor":21,"gold_loss":0},{"damage_healed":0,"gold_gain":0,"player_choice":"Fight","damage_taken":0,"max_hp_gain":0,"max_hp_loss":0,"event_name":"MindBloom","floor":37,"gold_loss":0}],"is_beta":false,"boss_relics":[{"not_picked":["Tiny House","Velvet Choker"],"picked":"Runic Dome"},{"not_picked":["Empty Cage","White Beast Statue"],"picked":"Mark of Pain"}],"items_purged_floors":[4,20,36],"is_endless":false,"potions_floor_spawned":[3,10,11,14,16,18,19,24,28,29,30,38,39,41],"killed_by":"Maw","ascension_level":9}