{"gold_per_floor":[116,116,41,41,41,41,69,69,142,142,169,169,118,130,130,130],"floor_reached":16,"playtime":382,"items_purged":["Strike_R"],"score":104,"play_id":"e3a62e67-5842-4b31-8d72-c6eba20ee58d","local_time":"20180928172429","daily_mods":["Flight"],"is_ascension_mode":false,"campfire_choices":[{"data":"Shrug It Off","floor":6,"key":"SMITH"},{"data":"Bash","floor":8,"key":"SMITH"},{"data":"Defend_R","floor":10,"key":"SMITH"},{"data":"Defend_R","floor":12,"key":"SMITH"},{"floor":15,"key":"REST"}],"neow_cost":"","seed_source_timestamp":0,"circlet_count":0,"master_deck":["Strike_R","Strike_R","Strike_R","Defend_R+1","Defend_R+1","Defend_R","Defend_R","Bash+1","Shrug It Off+1","Body Slam+1","Thunderclap+1"],"relics":["Burning Blood","Prayer Wheel","Molten Egg 2","Magic Flower"],"potions_floor_usage":[],"damage_taken":[{"damage":6,"enemies":"Cultist","floor":1,"turns":3},{"damage":40,"enemies":"3 Sentries","floor":7,"turns":14},{"damage":28,"enemies":"Gremlin Nob","floor":11,"turns":4},{"damage":3,"enemies":"Jaw Worm","floor":14,"turns":3},{"damage":58,"enemies":"Hexaghost","floor":16,"turns":12}],"seed_played":"8954358444523668464","potions_obtained":[{"floor":7,"key":"Energy Potion"},{"floor":11,"key":"Dexterity Potion"}],"is_trial":true,"path_per_floor":["M","?","$","?","$","R","E","R","T","R","E","R","$","M","R"],"character_chosen":"IRONCLAD","items_purchased":["Body Slam+1"],"campfire_rested":1,"item_purchase_floors":[13],"current_hp_per_floor":[80,80,80,80,80,80,46,46,46,46,24,24,24,30,54,0],"gold":130,"neow_bonus":"","is_prod":false,"is_daily":false,"chose_seed":false,"campfire_upgraded":4,"win_rate":0,"timestamp":1538169869,"path_taken":["M","?","?","?","?","R","E","R","T","R","E","R","$","?","R","BOSS"],"build_version":"2018-09-27","purchased_purges":1,"victory":false,"max_hp_per_floor":[80,80,80,80,80,80,80,80,80,80,80,80,80,80,80,80],"card_choices":[{"not_picked":["Thunderclap","Havoc"],"picked":"Shrug It Off","floor":1},{"not_picked":["Metallicize","Reckless Charge","Clash"],"picked":"SKIP","floor":7},{"not_picked":["Dark Embrace","Perfected Strike+1","Heavy Blade+1"],"picked":"SKIP","floor":11},{"not_picked":["Warcry","Flex"],"picked":"Thunderclap+1","floor":14},{"not_picked":["Intimidate","Rupture","Thunderclap+1"],"picked":"SKIP","floor":14}],"player_experience":906256,"relics_obtained":[{"floor":7,"key":"Prayer Wheel"},{"floor":9,"key":"Molten Egg 2"},{"floor":11,"key":"Magic Flower"}],"event_choices":[{"event_name":"The Woman in Blue","player_choice":"Bought 0 Potions","floor":2,"damage_taken":0},{"event_name":"Purifier","player_choice":"One Purge","floor":4,"damage_taken":0}],"is_beta":true,"boss_relics":[],"items_purged_floors":[3],"is_endless":false,"potions_floor_spawned":[7,11],"killed_by":"Hexaghost","ascension_level":0}