{"gold_per_floor":[114,114,114,39,52,52,63,81,81,107,118,131,165,175,175,274,274,292,292,309,227,227,227,253,253,279,314,214,214,248,263,263,358,358,373,385,385,398,398,398,418,463,517,517,531,541,556,567,567,567],"floor_reached":51,"playtime":1637,"items_purged":["Injury","Strike_B"],"score":741,"play_id":"fccb9d45-f430-4907-a2eb-9f90e93edddb","local_time":"20190327234117","is_ascension_mode":false,"campfire_choices":[{"data":"Chill","floor":6,"key":"SMITH"},{"data":"ReplayRNGCard","floor":15,"key":"SMITH"},{"data":"Barrage","floor":23,"key":"SMITH"},{"data":"ReplayTheSpireMod:Fabricate Wheel","floor":29,"key":"SMITH"},{"floor":32,"key":"REST"},{"data":"Mirror Shield","floor":40,"key":"SMITH"},{"data":"strawberrySpire:BiBeamBolt","floor":44,"key":"SMITH"},{"floor":49,"key":"REST"}],"neow_cost":"NONE","seed_source_timestamp":3138547615871595,"circlet_count":0,"master_deck":["Strike_B","Strike_B","Strike_B","Defend_B","Defend_B+1","Defend_B","Defend_B","Zap+1","Dualcast","Chill+1","Loop+1","ReplayRNGCard+1","DiskWipe+1","Compile Driver","Ball Lightning","Static Discharge+1","FIFO Queue+1","Barrage+1","hubris:PowerSurge+1","strawberrySpire:AnotherWinter+1","Crystallizer+1","Go for the Eyes","strawberrySpire:BiBeamBolt+1","Steam+1","Beam Cell","Mirror Shield+1","Storm+1","hubris:Ukulele","strawberrySpire:NeonFlight","strawberrySpire:NeonFlight","Steam+1","Chaos+1","hubris:PowerSurge+1","Beam Cell"],"relics":["Cracked Core","Baseball","Frozen Egg 2","aspiration:HummingbirdHeart","Odd Mushroom","Unceasing Top","Eternal Feather","aspiration:RitualStick","MutagenicStrength","Ancient Bracer","Happy Flower","hubris:AstralHammer","Prayer Wheel","hubris:TinFlute","hubris:Stopwatch","infinitespire:CursedDice","Geode"],"potions_floor_usage":[41,50,50,50],"damage_taken":[{"damage":2,"enemies":"2 Louse","floor":1,"turns":3},{"damage":0,"enemies":"Jaw Worm","floor":5,"turns":3},{"damage":1,"enemies":"Small Slimes","floor":7,"turns":3},{"damage":0,"enemies":"Blue Slaver","floor":8,"turns":3},{"damage":0,"enemies":"The Mushroom Lair","floor":10,"turns":4},{"damage":0,"enemies":"2 Fungi Beasts","floor":11,"turns":4},{"damage":0,"enemies":"Looter","floor":12,"turns":4},{"damage":14,"enemies":"Lagavulin","floor":13,"turns":7},{"damage":0,"enemies":"Red Slaver","floor":14,"turns":2},{"damage":17,"enemies":"The Guardian","floor":16,"turns":8},{"damage":29,"enemies":"3 Byrds","floor":18,"turns":6},{"damage":12,"enemies":"Chosen","floor":20,"turns":5},{"damage":15,"enemies":"Gremlin Leader","floor":27,"turns":7},{"damage":31,"enemies":"Slavers","floor":30,"turns":5},{"damage":0,"enemies":"Centurion and Healer","floor":31,"turns":5},{"damage":12,"enemies":"hubris:MusketHawk","floor":33,"turns":6},{"damage":0,"enemies":"3 Shapes","floor":35,"turns":5},{"damage":0,"enemies":"Orb Walker","floor":36,"turns":2},{"damage":0,"enemies":"3 Darklings","floor":38,"turns":7},{"damage":0,"enemies":"4 Shapes","floor":41,"turns":6},{"damage":1,"enemies":"2 Orb Walkers","floor":42,"turns":3},{"damage":13,"enemies":"Maw","floor":45,"turns":5},{"damage":35,"enemies":"Jaw Worm Horde","floor":46,"turns":5},{"damage":0,"enemies":"4 Shapes","floor":47,"turns":2},{"damage":0,"enemies":"Spire Growth","floor":48,"turns":3},{"damage":33,"enemies":"Time Eater","floor":50,"turns":5}],"seed_played":"4405210225463072903","potions_obtained":[{"floor":1,"key":"Weak Potion"},{"floor":5,"key":"Milkshake"},{"floor":7,"key":"LifebloodPotion"},{"floor":38,"key":"Fire Potion"},{"floor":42,"key":"FocusPotion"},{"floor":47,"key":"Regen Potion"}],"is_trial":false,"path_per_floor":["M","?","?","$","M","R","M","M","T","?","M","M","E","M","R","B",null,"M","?","M","$","?","R","T","?","T","E","$","R","E","M","R","B",null,"M","M","?","M","?","R","M","?","T","R","M","M","M","M","R","B",null],"character_chosen":"DEFECT","items_purchased":["hubris:PowerSurge+1"],"campfire_rested":2,"item_purchase_floors":[21],"current_hp_per_floor":[73,58,58,58,58,58,57,57,57,57,57,57,43,43,43,26,75,46,41,29,29,29,41,41,41,41,26,26,38,7,7,41,29,75,75,75,75,75,75,75,75,74,74,75,62,27,27,27,67,43],"gold":567,"neow_bonus":"RANDOM_COMMON_RELIC","is_prod":false,"is_daily":false,"chose_seed":false,"campfire_upgraded":6,"win_rate":0,"timestamp":1553744477,"path_taken":["M","?","?","$","M","R","M","M","T","?","M","M","E","M","R","BOSS","M","?","M","$","?","R","?","?","T","E","?","R","E","M","R","BOSS","M","?","?","M","?","R","M","?","T","R","M","M","M","M","R","BOSS"],"build_version":"2019-01-23","purchased_purges":2,"victory":true,"max_hp_per_floor":[75,75,75,75,75,75,75,75,75,75,75,75,75,75,75,75,75,75,75,75,75,75,75,75,75,75,75,75,75,75,75,75,75,75,75,75,75,75,75,75,75,75,75,75,75,75,75,75,75,75],"card_choices":[{"not_picked":["ReplayTheSpireMod:Repulse","strawberrySpire:DataDump","Scrape"],"picked":"SKIP","floor":1},{"not_picked":["strawberrySpire:DataDump","strawberrySpire:Disconnect"],"picked":"Chill","floor":5},{"not_picked":["Conserve Battery","strawberrySpire:DataDump"],"picked":"Loop+1","floor":7},{"not_picked":["Barrage","strawberrySpire:Adapter"],"picked":"ReplayRNGCard","floor":8},{"not_picked":["Stack","Coolheaded"],"picked":"DiskWipe+1","floor":10},{"not_picked":["Lockon","Streamline"],"picked":"Compile Driver","floor":11},{"not_picked":["Redo","Beam Cell"],"picked":"Ball Lightning","floor":12},{"not_picked":["Loop+1","Ball Lightning"],"picked":"Static Discharge+1","floor":13},{"not_picked":["Streamline","Steam"],"picked":"FIFO Queue+1","floor":14},{"not_picked":["Reboot","strawberrySpire:BiBeamBolt"],"picked":"ReplayTheSpireMod:Fabricate Wheel","floor":16},{"not_picked":["Turbo+1","Chaos"],"picked":"Barrage","floor":18},{"not_picked":["strawberrySpire:Adapter","Coolheaded+1","Beam Cell"],"picked":"SKIP","floor":20},{"not_picked":["Redo+1","Streamline","strawberrySpire:SearchEngine+1"],"picked":"SKIP","floor":27},{"not_picked":["RefreshScreen+1","strawberrySpire:AngeryBot+1"],"picked":"Crystallizer+1","floor":30},{"not_picked":["Melter","Hello World+1"],"picked":"Go for the Eyes","floor":31},{"not_picked":["Blizzard","Ball Lightning+1","Reinforced Body"],"picked":"SKIP","floor":31},{"not_picked":["Creative AI+1","ReplayTheSpireMod:Fabricate Wheel"],"picked":"strawberrySpire:BiBeamBolt","floor":33},{"not_picked":["Hologram","Rebound+1"],"picked":"Steam+1","floor":35},{"not_picked":["Go for the Eyes","Hologram+1"],"picked":"Beam Cell","floor":35},{"not_picked":["Hologram","Streamline+1"],"picked":"Mirror Shield","floor":36},{"not_picked":["ReplayTheSpireMod:Reroute Power","Leap","Rebound"],"picked":"SKIP","floor":36},{"not_picked":["strawberrySpire:Disconnect+1","Stack+1","strawberrySpire:HateBit"],"picked":"SKIP","floor":38},{"not_picked":["Barrage","Rebound+1","Redo"],"picked":"SKIP","floor":38},{"not_picked":["Leap+1","Scrape+1"],"picked":"Storm+1","floor":41},{"not_picked":["ReplaySolidLightProjector","strawberrySpire:Ronchyble+1","Sunder+1"],"picked":"SKIP","floor":41},{"not_picked":["ReplaySolidLightProjector+1","Ball Lightning+1"],"picked":"hubris:Ukulele","floor":42},{"not_picked":["Compile Driver","ReplayGash+1"],"picked":"strawberrySpire:NeonFlight","floor":45},{"not_picked":["ReplayTheSpireMod:GoodbyeWorld+1","Go for the Eyes","Streamline"],"picked":"SKIP","floor":45},{"not_picked":["Stack","strawberrySpire:ReturnNull+1"],"picked":"strawberrySpire:NeonFlight","floor":46},{"not_picked":["BasicCrystalCard","ReplayGash+1"],"picked":"Steam+1","floor":46},{"not_picked":["Conserve Battery","Sunder"],"picked":"Chaos+1","floor":47},{"not_picked":["Force Field","ReplayTheSpireMod:Calculation Training"],"picked":"hubris:PowerSurge+1","floor":47},{"not_picked":["Fission","Gash+1"],"picked":"Beam Cell","floor":48},{"not_picked":["Consume","Rip and Tear","strawberrySpire:Disconnect+1"],"picked":"SKIP","floor":48}],"player_experience":737792,"relics_obtained":[{"floor":9,"key":"aspiration:HummingbirdHeart"},{"floor":10,"key":"Odd Mushroom"},{"floor":13,"key":"Unceasing Top"},{"floor":24,"key":"Ancient Bracer"},{"floor":26,"key":"Happy Flower"},{"floor":27,"key":"hubris:AstralHammer"},{"floor":30,"key":"hubris:TinFlute"},{"floor":42,"key":"infinitespire:CursedDice"},{"floor":43,"key":"Geode"}],"event_choices":[{"damage_healed":0,"gold_gain":0,"player_choice":"Entered Light","damage_taken":15,"max_hp_gain":0,"max_hp_loss":0,"event_name":"Shining Light","floor":2,"gold_loss":0,"cards_upgraded":["Defend_B","Zap"]},{"damage_healed":0,"gold_gain":0,"player_choice":"Fought Mushrooms","damage_taken":0,"max_hp_gain":0,"max_hp_loss":0,"event_name":"Mushrooms","floor":10,"gold_loss":0},{"damage_healed":0,"gold_gain":0,"player_choice":"Inject Mutagens","damage_taken":0,"relics_obtained":["MutagenicStrength"],"max_hp_gain":0,"max_hp_loss":0,"event_name":"Drug Dealer","floor":22,"gold_loss":0},{"damage_healed":0,"gold_gain":0,"player_choice":"Ignored","damage_taken":0,"max_hp_gain":0,"max_hp_loss":0,"event_name":"Tomb of Lord Red Mask","floor":37,"gold_loss":0},{"damage_healed":0,"gold_gain":0,"player_choice":"Fight","damage_taken":0,"max_hp_gain":0,"max_hp_loss":0,"event_name":"Mysterious Sphere","floor":42,"gold_loss":0}],"is_beta":false,"boss_relics":[{"not_picked":["Runic Dome","strawberrySpire:RottenAvocado"],"picked":"Eternal Feather"},{"not_picked":["Abe\u0027s Treasure","Velvet Choker"],"picked":"hubris:Stopwatch"}],"items_purged_floors":[4,28],"is_endless":false,"potions_floor_spawned":[1,5,7,13,14,18,38,42,45,47],"ascension_level":0}