{"gold_per_floor":[116,131,144,219,219,253,253,253,253,253,271,287,287,300,300,402,402,422,337,436,176,192,192,192,57,105,134,149,149,162,177,177,273,273,291,155,377,391,165,196,210,210,235,235,252,252,271,289,289,289],"floor_reached":50,"playtime":1706,"items_purged":["Strike_R","Strike_R","Rupture+1","Defend_R"],"score":524,"play_id":"fcf43b16-c939-4ab5-a7c0-b511a0291953","local_time":"20181226004512","is_ascension_mode":false,"campfire_choices":[{"data":"Searing Blow","floor":7,"key":"SMITH"},{"data":"Searing Blow+1","floor":10,"key":"SMITH"},{"data":"Searing Blow+3","floor":15,"key":"SMITH"},{"data":"Searing Blow+4","floor":23,"key":"SMITH"},{"data":"Searing Blow+5","floor":29,"key":"SMITH"},{"data":"Searing Blow+6","floor":32,"key":"SMITH"},{"data":"Searing Blow+7","floor":42,"key":"SMITH"},{"data":"Searing Blow+8","floor":44,"key":"SMITH"},{"data":"Searing Blow+9","floor":49,"key":"SMITH"}],"neow_cost":"NONE","seed_source_timestamp":369909610395444,"circlet_count":0,"master_deck":["Defend_R","Defend_R","Defend_R+1","Bash","Finesse+1","Searing Blow+10","Battle Trance","Metallicize","Double Tap","Disarm+1","Body Slam+1","Armaments","Warcry","Headbutt","Double Tap","Writhe"],"relics":["Burning Blood","Dodecahedron","Boot","Astrolabe","Bird Faced Urn","Membership Card","Enchiridion","Bronze Scales","Centennial Puzzle","Red Mask","Velvet Choker","Oddly Smooth Stone","Strawberry","Happy Flower","Red Skull","Bag of Marbles"],"potions_floor_usage":[12,12,16,16,16,40,45,45,50,50],"damage_taken":[{"damage":2,"enemies":"Jaw Worm","floor":1,"turns":6},{"damage":5,"enemies":"Small Slimes","floor":2,"turns":3},{"damage":0,"enemies":"2 Louse","floor":3,"turns":3},{"damage":55,"enemies":"3 Sentries","floor":6,"turns":12},{"damage":0,"enemies":"Red Slaver","floor":11,"turns":4},{"damage":3,"enemies":"Large Slime","floor":12,"turns":5},{"damage":2,"enemies":"Looter","floor":14,"turns":3},{"damage":4,"enemies":"Slime Boss","floor":16,"turns":7},{"damage":0,"enemies":"Chosen","floor":18,"turns":3},{"damage":0,"enemies":"Shell Parasite","floor":22,"turns":3},{"damage":31,"enemies":"Masked Bandits","floor":27,"turns":5},{"damage":3,"enemies":"3 Cultists","floor":28,"turns":4},{"damage":0,"enemies":"Chosen and Byrds","floor":30,"turns":4},{"damage":10,"enemies":"Snake Plant","floor":31,"turns":3},{"damage":63,"enemies":"Champ","floor":33,"turns":7},{"damage":7,"enemies":"3 Shapes","floor":35,"turns":5},{"damage":0,"enemies":"Orb Walker","floor":38,"turns":2},{"damage":73,"enemies":"Reptomancer","floor":40,"turns":6},{"damage":0,"enemies":"Spire Growth","floor":41,"turns":2},{"damage":10,"enemies":"Maw","floor":45,"turns":3},{"damage":0,"enemies":"Writhing Mass","floor":47,"turns":2},{"damage":8,"enemies":"4 Shapes","floor":48,"turns":4},{"damage":75,"enemies":"Awakened One","floor":50,"turns":6}],"seed_played":"1125533385034722381","potions_obtained":[{"floor":1,"key":"FearPotion"},{"floor":11,"key":"EntropicBrew"},{"floor":12,"key":"PowerPotion"},{"floor":14,"key":"Dexterity Potion"},{"floor":18,"key":"PowerPotion"},{"floor":27,"key":"Energy Potion"},{"floor":31,"key":"Strength Potion"},{"floor":40,"key":"Block Potion"},{"floor":48,"key":"Poison Potion"}],"is_trial":false,"path_per_floor":["M","M","M","?","?","E","R","?","T","R","M","M","?","M","R","B",null,"M","?","?","$","M","R","?","$","T","?","M","R","M","M","R","B",null,"M","$","?","M","$","E","M","R","T","R","M","?","M","M","R","B"],"character_chosen":"IRONCLAD","items_purchased":["Armaments","Membership Card","Bronze Scales","Headbutt","Oddly Smooth Stone","Strawberry","Happy Flower"],"campfire_rested":0,"item_purchase_floors":[21,21,25,25,36,39,39],"current_hp_per_floor":[80,80,80,69,74,25,25,8,8,8,14,17,17,21,21,23,85,85,85,85,85,85,85,69,69,69,50,59,59,71,73,73,22,85,84,84,84,85,92,27,35,35,35,35,35,58,66,66,66,0],"gold":289,"neow_bonus":"RANDOM_COLORLESS","is_prod":false,"is_daily":false,"chose_seed":false,"campfire_upgraded":9,"win_rate":0,"timestamp":1545803112,"path_taken":["M","M","M","?","?","E","R","?","T","R","M","M","?","M","R","BOSS","M","?","?","$","M","R","?","$","T","?","M","R","M","M","R","BOSS","M","$","?","M","$","E","M","R","T","R","M","?","M","M","R","BOSS"],"build_version":"2018-12-20","purchased_purges":4,"victory":false,"max_hp_per_floor":[80,80,80,80,85,85,85,85,85,85,85,85,85,85,85,85,85,85,85,85,85,85,85,85,85,85,85,85,85,85,85,85,85,85,85,85,85,85,92,92,92,92,92,92,92,92,92,92,92,92],"card_choices":[{"not_picked":["Body Slam","Shrug It Off"],"picked":"Searing Blow","floor":1},{"not_picked":["Bloodletting","Inflame","Havoc"],"picked":"SKIP","floor":2},{"not_picked":["Flame Barrier","Evolve","Cleave"],"picked":"SKIP","floor":3},{"not_picked":["Shrug It Off","Second Wind"],"picked":"Battle Trance","floor":6},{"not_picked":["Uppercut","Metallicize","Shrug It Off"],"picked":"SKIP","floor":11},{"not_picked":["Uppercut","Shrug It Off"],"picked":"Metallicize","floor":11},{"not_picked":["Clash","Entrench","Twin Strike"],"picked":"SKIP","floor":12},{"not_picked":["Iron Wave","Entrench","Uppercut"],"picked":"SKIP","floor":14},{"not_picked":["Barricade","Bludgeon"],"picked":"Double Tap","floor":16},{"not_picked":["Flame Barrier+1","Iron Wave","Flex"],"picked":"SKIP","floor":18},{"not_picked":["Dropkick+1","Carnage+1"],"picked":"Warcry","floor":22},{"not_picked":["Uppercut","Clothesline","Carnage"],"picked":"SKIP","floor":28},{"not_picked":["Whirlwind","Flex","Pommel Strike"],"picked":"SKIP","floor":30},{"not_picked":["Iron Wave","Perfected Strike","Ghostly Armor"],"picked":"SKIP","floor":31},{"not_picked":["Brutality","Fiend Fire"],"picked":"Double Tap","floor":33},{"not_picked":["Blood for Blood","Spot Weakness+1","Evolve"],"picked":"SKIP","floor":35},{"not_picked":["Twin Strike","Clothesline+1","Spot Weakness+1"],"picked":"SKIP","floor":38},{"not_picked":["Juggernaut","Whirlwind","Combust+1"],"picked":"SKIP","floor":40},{"not_picked":["Warcry","Dual Wield+1","Pommel Strike"],"picked":"SKIP","floor":41},{"not_picked":["Headbutt","Heavy Blade","Anger"],"picked":"SKIP","floor":45},{"not_picked":["Feel No Pain+1","Twin Strike","Reckless Charge+1"],"picked":"SKIP","floor":47},{"not_picked":["Twin Strike+1","Clothesline","Heavy Blade"],"picked":"SKIP","floor":48}],"player_experience":973636,"relics_obtained":[{"floor":6,"key":"Dodecahedron"},{"floor":9,"key":"Boot"},{"floor":24,"key":"Enchiridion"},{"floor":26,"key":"Centennial Puzzle"},{"floor":27,"key":"Red Mask"},{"floor":40,"key":"Red Skull"},{"floor":43,"key":"Bag of Marbles"}],"event_choices":[{"damage_healed":0,"gold_gain":75,"player_choice":"Gather Gold","damage_taken":11,"max_hp_gain":0,"max_hp_loss":0,"event_name":"World of Goop","floor":4,"gold_loss":0},{"damage_healed":0,"gold_gain":0,"player_choice":"Donut","damage_taken":0,"max_hp_gain":5,"max_hp_loss":0,"event_name":"Big Fish","floor":5,"gold_loss":0},{"damage_healed":0,"gold_gain":0,"player_choice":"Entered Light","damage_taken":17,"max_hp_gain":0,"max_hp_loss":0,"event_name":"Shining Light","floor":8,"gold_loss":0,"cards_upgraded":["Defend_R","Finesse"]},{"damage_healed":0,"gold_gain":0,"player_choice":"Forge","damage_taken":0,"max_hp_gain":0,"max_hp_loss":0,"event_name":"Accursed Blacksmith","floor":13,"gold_loss":0,"cards_upgraded":["Searing Blow"]},{"damage_healed":0,"gold_gain":0,"player_choice":"Obtained Relic","damage_taken":0,"relics_obtained":["Bird Faced Urn"],"max_hp_gain":0,"max_hp_loss":0,"event_name":"Addict","floor":19,"gold_loss":85},{"damage_healed":0,"gold_gain":99,"player_choice":"Stole From Cult","damage_taken":0,"max_hp_gain":0,"max_hp_loss":0,"event_name":"Nest","floor":20,"gold_loss":0},{"damage_healed":0,"gold_gain":0,"player_choice":"Obtained Book","damage_taken":16,"max_hp_gain":0,"max_hp_loss":0,"event_name":"Cursed Tome","floor":24,"gold_loss":0},{"damage_healed":0,"gold_gain":0,"player_choice":"Fought Bandits","damage_taken":0,"max_hp_gain":0,"max_hp_loss":0,"event_name":"Masked Bandits","floor":27,"gold_loss":0},{"damage_healed":0,"gold_gain":222,"player_choice":"Wore Mask","damage_taken":0,"max_hp_gain":0,"max_hp_loss":0,"event_name":"Tomb of Lord Red Mask","floor":37,"gold_loss":0},{"damage_healed":23,"gold_gain":0,"player_choice":"Writhe","damage_taken":0,"max_hp_gain":0,"max_hp_loss":0,"event_name":"Winding Halls","floor":46,"gold_loss":0,"cards_obtained":["Writhe"]}],"is_beta":true,"boss_relics":[{"not_picked":["Black Star","Pandora\u0027s Box"],"picked":"Astrolabe"},{"not_picked":["Orrery","White Beast Statue"],"picked":"Velvet Choker"}],"items_purged_floors":[21,25,36,39],"is_endless":false,"potions_floor_spawned":[1,11,12,14,18,27,31,33,40,41,48],"killed_by":"Awakened One","ascension_level":0}