{"path_per_floor":["M","M","M","?","?","E","M","R","T","?","R","M","E","M","R","B",null,"M","$","?","M","M","R","M","R","T","?","M"],"character_chosen":"DEFECT","items_purchased":["Fire Potion"],"gold_per_floor":[116,134,153,153,328,359,369,369,419,419,419,439,474,497,497,623,623,638,590,515,540,564,564,583,583,606,606,616,616],"floor_reached":29,"campfire_rested":0,"playtime":1063,"current_hp_per_floor":[69,63,57,75,75,49,46,46,46,46,46,46,27,37,37,14,69,28,28,28,37,40,40,37,37,37,37,23,0],"items_purged":[],"gold":616,"score":237,"play_id":"7bf49f12-0150-481c-9d2c-f4bf33896aa4","local_time":"20180428142515","is_prod":false,"is_daily":false,"chose_seed":false,"is_ascension_mode":false,"campfire_upgraded":5,"timestamp":1524939915,"path_taken":["M","M","M","?","?","E","M","R","T","?","R","M","E","M","R","BOSS","M","$","?","M","M","R","M","R","T","?","M","E"],"build_version":"2018-04-27v3","seed_source_timestamp":2385019006338902,"purchased_purges":0,"victory":false,"master_deck":["Strike_B","Strike_B","Defend_B","Defend_B","Defend_B","Defend_B","Zap+1","Dualcast+1","Blaster","Tempest","White Noise+1","Ball Lightning","Doubt","Leap","Leap","Capacitor+1","Chaos","Force Field","Amplify","Ball Lightning","Auto Shields","Storm+1","Fission"],"max_hp_per_floor":[75,75,75,75,75,75,75,75,75,69,69,69,69,69,69,69,69,69,69,69,69,69,69,71,71,71,71,71,71],"relics":["Cracked Core","Meat on the Bone","Singing Bowl","Bloody Idol","Blood Vial","Inserter","Bag of Preparation"],"card_choices":[{"not_picked":["Barrage","Streamline"],"picked":"Tempest","floor":1},{"not_picked":["Flux Capacitor","Stack"],"picked":"White Noise","floor":2},{"not_picked":["Go for the Eyes","Axe Kick"],"picked":"Ball Lightning","floor":3},{"not_picked":["Cold Snap","Go for the Eyes"],"picked":"Leap","floor":6},{"not_picked":["Blaster","Barrage"],"picked":"Leap","floor":7},{"not_picked":["Reboot","Beam Cell"],"picked":"Capacitor","floor":12},{"not_picked":["Sweeping Beam","Go for the Eyes"],"picked":"Chaos","floor":13},{"not_picked":["Undo","Axe Kick"],"picked":"Force Field","floor":14},{"not_picked":["All For One","Seek"],"picked":"Amplify","floor":16},{"not_picked":["Beam Cell","Cold Snap"],"picked":"Ball Lightning","floor":18},{"not_picked":["Beam Cell","Sweeping Beam"],"picked":"Auto Shields","floor":21},{"not_picked":["Go for the Eyes","Coolheaded"],"picked":"Storm","floor":22},{"not_picked":["Darkness","Stack"],"picked":"Fission","floor":28}],"player_experience":399576,"potions_floor_usage":[6,13,14,24],"damage_taken":[{"damage":6,"enemies":"Jaw Worm","floor":1,"turns":4},{"damage":6,"enemies":"Small Slimes","floor":2,"turns":2},{"damage":6,"enemies":"2 Louse","floor":3,"turns":3},{"damage":26,"enemies":"Lagavulin","floor":6,"turns":5},{"damage":15,"enemies":"Blue Slaver","floor":7,"turns":3},{"damage":0,"enemies":"Exordium Wildlife","floor":12,"turns":3},{"damage":31,"enemies":"Gremlin Nob","floor":13,"turns":5},{"damage":4,"enemies":"2 Fungi Beasts","floor":14,"turns":4},{"damage":37,"enemies":"Hexaghost","floor":16,"turns":11},{"damage":53,"enemies":"3 Byrds","floor":18,"turns":6},{"damage":5,"enemies":"Chosen","floor":21,"turns":6},{"damage":11,"enemies":"Snecko","floor":22,"turns":5},{"damage":19,"enemies":"Cultist and Chosen","floor":24,"turns":7},{"damage":33,"enemies":"Snake Plant","floor":28,"turns":5},{"damage":29,"enemies":"Slavers","floor":29,"turns":2}],"event_choices":[{"event_name":"Big Fish","player_choice":"Banana","floor":4,"damage_taken":0},{"event_name":"Liars Game","player_choice":"agreed","floor":5,"damage_taken":0},{"event_name":"Golden Idol","player_choice":"Lose Max HP","floor":10,"damage_taken":0},{"event_name":"Beggar","player_choice":"Gave Gold","floor":20,"damage_taken":0},{"event_name":"Forgotten Altar","player_choice":"Gave Idol","floor":27,"damage_taken":0}],"boss_relics":[{"not_picked":["Black Star","Eternal Feather"],"picked":"Inserter"}],"potions_floor_spawned":[2,6,7,13,22,28],"seed_played":"6127596151999254634","killed_by":"Slavers","ascension_level":0,"is_trial":false}