{"path_per_floor":["M","?","M","?","$","E","R","M","T","M","?","R","M","M","R","B",null,"M","$","M","M"],"character_chosen":"IRONCLAD","items_purchased":[],"gold_per_floor":[114,114,131,131,56,87,87,106,106,126,126,126,143,153,153,254,254,268,168,185,197,197],"floor_reached":22,"campfire_rested":0,"playtime":593,"current_hp_per_floor":[80,80,75,75,75,33,33,32,32,33,30,30,30,36,36,17,80,50,50,57,28,0],"items_purged":["Regret","Strike_R"],"gold":197,"score":188,"play_id":"979719c6-91ce-4997-8e7a-69ce05c5defd","local_time":"20180501153754","is_prod":false,"is_daily":false,"chose_seed":false,"is_ascension_mode":false,"campfire_upgraded":3,"timestamp":1525203474,"path_taken":["M","?","M","?","$","E","R","M","T","?","?","R","M","M","R","BOSS","M","$","M","M","M"],"build_version":"2018-04-30","seed_source_timestamp":72580247900036,"purchased_purges":3,"victory":false,"master_deck":["Strike_R","Strike_R","Strike_R","Strike_R","Defend_R","Defend_R","Defend_R","Defend_R","Bash+1","Sword Boomerang","Whirlwind+1","Intimidate","Sword Boomerang","Uppercut+1","Warcry","Inflame+1","Demon Form","Pummel","Rage+1"],"max_hp_per_floor":[80,80,80,80,80,80,80,80,80,80,80,80,80,80,80,80,80,80,80,80,80,80],"relics":["Black Blood","Question Card","Oddly Smooth Stone","Omamori","Du-Vu Doll"],"card_choices":[{"not_picked":["Power Through","Sentinel"],"picked":"Sword Boomerang","floor":1},{"not_picked":["Body Slam","Iron Wave"],"picked":"Whirlwind","floor":3},{"not_picked":["Heavy Blade","Fire Breathing","Havoc"],"picked":"Intimidate","floor":6},{"not_picked":["Hemokinesis","Heavy Blade","Armaments"],"picked":"Sword Boomerang","floor":8},{"not_picked":["Seeing Red","Fiend Fire","Armaments"],"picked":"Uppercut","floor":10},{"not_picked":["Armaments","Flame Barrier","Sever Soul"],"picked":"Warcry","floor":13},{"not_picked":["Clothesline","Heavy Blade","Havoc"],"picked":"Inflame","floor":14},{"not_picked":["Barricade","Fiend Fire","Bludgeon"],"picked":"Demon Form","floor":16},{"not_picked":["Warcry","Cleave","Havoc"],"picked":"Pummel","floor":20},{"not_picked":["Cleave","Flex","Warcry"],"picked":"Rage","floor":21}],"player_experience":421672,"potions_floor_usage":[16,22,22],"damage_taken":[{"damage":1,"enemies":"Cultist","floor":1,"turns":3},{"damage":11,"enemies":"Jaw Worm","floor":3,"turns":3},{"damage":48,"enemies":"3 Sentries","floor":6,"turns":6},{"damage":7,"enemies":"2 Louse","floor":8,"turns":2},{"damage":5,"enemies":"Looter","floor":10,"turns":3},{"damage":6,"enemies":"2 Fungi Beasts","floor":13,"turns":2},{"damage":0,"enemies":"Gremlin Gang","floor":14,"turns":1},{"damage":40,"enemies":"The Guardian","floor":16,"turns":8},{"damage":40,"enemies":"Spheric Guardian","floor":18,"turns":5},{"damage":3,"enemies":"3 Byrds","floor":20,"turns":4},{"damage":39,"enemies":"Slaver and Parasite","floor":21,"turns":6},{"damage":40,"enemies":"Chosen and Byrds","floor":22,"turns":4}],"event_choices":[{"event_name":"Shining Light","player_choice":"Ignored","floor":2,"damage_taken":0},{"event_name":"Big Fish","player_choice":"Box","floor":4,"damage_taken":0},{"event_name":"Scrap Ooze","player_choice":"success","floor":11,"damage_taken":3}],"boss_relics":[{"not_picked":["Runic Pyramid","Pandora\u0027s Box"],"picked":"Black Blood"}],"potions_floor_spawned":[1,6,10,14,18],"seed_played":"1422098361856087434","killed_by":"Chosen and Byrds","ascension_level":0,"is_trial":false}