{"path_per_floor":["M","?","M","?","M","R","$","E","T","?","M","?","E","M","R","B",null,"M","M","?","M"],"character_chosen":"IRONCLAD","items_purchased":["Magic Flower","Regen Potion"],"gold_per_floor":[119,369,382,332,347,347,1,35,35,7,18,18,50,70,70,173,173,185,197,197,216,216],"floor_reached":22,"campfire_rested":1,"playtime":722,"current_hp_per_floor":[76,76,68,68,74,74,74,36,36,36,41,41,27,34,58,28,67,69,54,54,23,0],"items_purged":[],"gold":216,"score":265,"play_id":"398077ab-c9b2-4c48-a427-8de849ddc247","local_time":"20180403153355","is_prod":false,"is_daily":false,"is_ascension_mode":true,"campfire_upgraded":1,"timestamp":1522784035,"path_taken":["M","?","?","?","M","R","$","E","T","?","M","?","E","M","R","BOSS","M","M","?","M","M"],"build_version":"2018-03-29v2","purchased_purges":0,"victory":false,"master_deck":["Strike_R","Strike_R","Strike_R","Strike_R","Strike_R","Defend_R","Defend_R","Defend_R","Defend_R","Bash+1","Berserk","Demon Form","Armaments","Shrug It Off","Metallicize","Metallicize","Shrug It Off+1"],"max_hp_per_floor":[80,80,80,80,80,80,80,80,80,80,80,80,80,80,80,80,80,80,80,80,80,80],"relics":["Black Blood","Magic Flower","Shovel","Calipers","Matryoshka"],"card_choices":[{"not_picked":["Wild Strike","Pommel Strike"],"picked":"Demon Form","floor":5},{"not_picked":["Burning Pact","Clash"],"picked":"Armaments","floor":8},{"not_picked":["Cleave","Second Wind"],"picked":"Shrug It Off","floor":11},{"not_picked":["Hemokinesis","Searing Blow"],"picked":"Metallicize","floor":14},{"not_picked":["Sword Boomerang","Thunderclap"],"picked":"Metallicize","floor":19},{"not_picked":["Warcry","Clash"],"picked":"Shrug It Off","floor":21}],"player_experience":295889,"potions_floor_usage":[22,22,22],"damage_taken":[{"damage":2,"enemies":"2 Louse","floor":1,"turns":3},{"damage":14,"enemies":"Cultist","floor":3,"turns":4},{"damage":0,"enemies":"Small Slimes","floor":5,"turns":3},{"damage":47,"enemies":"Lagavulin","floor":8,"turns":6},{"damage":4,"enemies":"Red Slaver","floor":11,"turns":5},{"damage":23,"enemies":"3 Sentries","floor":13,"turns":9},{"damage":2,"enemies":"Large Slime","floor":14,"turns":6},{"damage":39,"enemies":"The Guardian","floor":16,"turns":11},{"damage":13,"enemies":"Shell Parasite","floor":18,"turns":11},{"damage":30,"enemies":"Spheric Guardian","floor":19,"turns":9},{"damage":46,"enemies":"Snake Plant","floor":21,"turns":8},{"damage":57,"enemies":"Cultist and Chosen","floor":22,"turns":8}],"event_choices":[{"event_name":"Golden Shrine","player_choice":"Desecrate","floor":2,"damage_taken":0},{"event_name":"The Cleric","player_choice":"Card Removal","floor":4,"damage_taken":0},{"event_name":"World of Goop","player_choice":"Left","floor":10,"damage_taken":0},{"event_name":"Liars Game","player_choice":"disagreed","floor":12,"damage_taken":0},{"event_name":"Drug Dealer","player_choice":"Ignored","floor":20,"damage_taken":0}],"boss_relics":[{"not_picked":["Cursed Key","Runic Dome"],"picked":"Black Blood"}],"potions_floor_spawned":[8,14,16],"seed_played":"5753698411156114444","killed_by":"Cultist and Chosen","ascension_level":7,"is_trial":false}