{"gold_per_floor":[117,143,153,168,168,168,168,186,186,48,48,62,89,114,126,234,246,271,283,295,307,191,226,226,246,270,270,270,295,312,362,362,458,458,468,73,88,102,116,141,186,221,221,221,221,247,257,132,132,132,132,132,27,54,54],"floor_reached":56,"playtime":6176,"items_purged":["Strike_R","Blood for Blood","Infernal Blade"],"score":1272,"play_id":"664fc355-1437-40c0-a620-41d9b9f8fd72","local_time":"20190917050345","is_ascension_mode":true,"campfire_choices":[{"data":"Bash","floor":6.0,"key":"SMITH"},{"data":"Reaper","floor":11,"key":"SMITH"},{"data":"Flex","floor":15,"key":"SMITH"},{"data":"Limit Break","floor":24,"key":"SMITH"},{"data":"Limit Break","floor":28,"key":"SMITH"},{"data":"Flex","floor":32,"key":"SMITH"},{"floor":44,"key":"RECALL"},{"data":"Parasite","floor":49,"key":"PURGE"},{"data":"Armaments","floor":52,"key":"PURGE"}],"neow_cost":"NONE","seed_source_timestamp":0,"circlet_count":0,"master_deck":["Bash+1","Dropkick","Thunderclap","Reaper+1","Disarm","Flex+1","Limit Break+1","Spot Weakness","Flex+1","Limit Break+1","Shrug It Off","Disarm","Power Through","Sever Soul","Berserk","Ghostly Armor","Sword Boomerang+1","Pommel Strike","Good Instincts+1","Flex+1","Impervious+1"],"special_seed":0,"relics":["Burning Blood","Centennial Puzzle","Vajra","Orichalcum","Regal Pillow","MawBank","Busted Crown","Pantograph","Strawberry","Pen Nib","Bottled Flame","Pandora\u0027s Box","Peace Pipe","Kunai","Turnip","Toxic Egg 2","Paper Frog","Boot"],"potions_floor_usage":[33,33,50],"damage_taken":[{"damage":1.0,"enemies":"Cultist","floor":1.0,"turns":3.0},{"damage":1.0,"enemies":"Jaw Worm","floor":3.0,"turns":3.0},{"damage":9.0,"enemies":"2 Louse","floor":4.0,"turns":2.0},{"damage":13.0,"enemies":"Red Slaver","floor":8.0,"turns":4.0},{"damage":4,"enemies":"Exordium Wildlife","floor":12,"turns":5},{"damage":25,"enemies":"3 Sentries","floor":13,"turns":10},{"damage":5,"enemies":"2 Fungi Beasts","floor":14,"turns":4},{"damage":42,"enemies":"The Guardian","floor":16,"turns":12},{"damage":21,"enemies":"Shell Parasite","floor":18,"turns":5},{"damage":12,"enemies":"Gremlin Leader","floor":23,"turns":4},{"damage":2,"enemies":"Spheric Guardian","floor":25,"turns":3},{"damage":36,"enemies":"Slavers","floor":29,"turns":4},{"damage":15,"enemies":"Centurion and Healer","floor":30,"turns":5},{"damage":17,"enemies":"Automaton","floor":33,"turns":4},{"damage":13,"enemies":"3 Darklings","floor":35,"turns":4},{"damage":11,"enemies":"3 Shapes","floor":37,"turns":6},{"damage":9,"enemies":"Writhing Mass","floor":38,"turns":4},{"damage":24,"enemies":"Transient","floor":39,"turns":5},{"damage":37,"enemies":"Nemesis","floor":40,"turns":5},{"damage":47,"enemies":"2 Orb Walkers","floor":41,"turns":6},{"damage":14,"enemies":"Giant Head","floor":42,"turns":5},{"damage":57,"enemies":"Reptomancer","floor":46,"turns":4},{"damage":23,"enemies":"3 Darklings","floor":47,"turns":5},{"damage":68,"enemies":"Donu and Deca","floor":50,"turns":6},{"damage":80,"enemies":"Shield and Spear","floor":54,"turns":6},{"damage":206,"enemies":"The Heart","floor":55,"turns":9}],"seed_played":"-6890845802687537360","potions_obtained":[{"floor":3.0,"key":"Swift Potion"},{"floor":8,"key":"SpeedPotion"},{"floor":12,"key":"Strength Potion"},{"floor":30,"key":"SteroidPotion"},{"floor":37,"key":"SpeedPotion"},{"floor":40,"key":"AttackPotion"},{"floor":47,"key":"SteroidPotion"}],"is_trial":false,"path_per_floor":["M","T","M","M","?","R","?","M","T","$","R","M","E","M","R","B",null,"M","T","?","?","$","E","R","M","T","?","R","E","M","?","R","B",null,"M","$","M","M","M","E","?","E","T","R","?","E","M","$","R","B",null,"R","$","E","B",null],"character_chosen":"IRONCLAD","items_purchased":["Reaper","Shrug It Off","Peace Pipe","FairyPotion"],"campfire_rested":0,"item_purchase_floors":[10,22,36,53],"current_hp_per_floor":[80,80,80,77,70,70,70,63,63,63,63,71,58,71,71,44,80,76,76,76,76,76,87,87,87,87,87,87,83,87,87,87,76,87,87,87,86,83,87,56,87,87,87,87,87,54,75,75,75,70,84,84,84,46,84],"gold":54,"neow_bonus":"RANDOM_COMMON_RELIC","is_prod":false,"is_daily":false,"chose_seed":false,"campfire_upgraded":6,"win_rate":0,"timestamp":1568689425,"path_taken":["M","?","?","M","?","R","?","M","T","$","R","M","E","M","R","BOSS","M","?","?","?","$","E","R","?","T","?","R","E","M","?","R","BOSS","M","$","M","M","?","E","?","E","T","R","?","E","M","?","R","BOSS","R","$","E","BOSS"],"build_version":"2019-07-17","purchased_purges":3,"victory":true,"max_hp_per_floor":[80,80,80,80,80,80,80,80,80,80,80,80,80,80,80,80,80,80,80,80,80,80,87,87,87,87,87,87,87,87,87,87,87,87,87,87,87,87,87,87,87,87,87,87,87,87,87,87,84,84,84,84,84,84,84],"card_choices":[{"not_picked":["Wild Strike","Anger"],"picked":"Dropkick","floor":1.0},{"not_picked":["Armaments","Clothesline"],"picked":"Thunderclap","floor":3.0},{"not_picked":["Feel No Pain","Sever Soul","Battle Trance"],"picked":"SKIP","floor":4.0},{"not_picked":["Shockwave","Pommel Strike","Heavy Blade"],"picked":"SKIP","floor":8},{"not_picked":["Shrug It Off","Clash"],"picked":"Disarm","floor":12},{"not_picked":["Carnage","Body Slam"],"picked":"Flex","floor":13},{"not_picked":["Metallicize","Corruption","Uppercut"],"picked":"SKIP","floor":14},{"not_picked":["Immolate","Juggernaut"],"picked":"Limit Break","floor":16},{"not_picked":[],"picked":"Spot Weakness","floor":18},{"not_picked":[],"picked":"Disarm","floor":23},{"not_picked":["Twin Strike"],"picked":"SKIP","floor":25},{"not_picked":["Thunderclap"],"picked":"SKIP","floor":29},{"not_picked":["Dropkick"],"picked":"SKIP","floor":30},{"not_picked":["Perfected Strike+1"],"picked":"SKIP","floor":35},{"not_picked":["Power Through+1"],"picked":"SKIP","floor":37},{"not_picked":["Dropkick"],"picked":"SKIP","floor":38},{"not_picked":[],"picked":"Sword Boomerang+1","floor":39},{"not_picked":["Sever Soul"],"picked":"SKIP","floor":40},{"not_picked":[],"picked":"Pommel Strike","floor":41},{"not_picked":["Second Wind+1"],"picked":"SKIP","floor":42},{"not_picked":[],"picked":"Good Instincts+1","floor":45},{"not_picked":[],"picked":"Flex+1","floor":46},{"not_picked":[],"picked":"Impervious+1","floor":47},{"not_picked":["Iron Wave"],"picked":"SKIP","floor":54}],"player_experience":161511,"relics_obtained":[{"floor":2.0,"key":"Vajra"},{"floor":9,"key":"Regal Pillow"},{"floor":13,"key":"MawBank"},{"floor":19,"key":"Pantograph"},{"floor":23,"key":"Strawberry"},{"floor":26,"key":"Pen Nib"},{"floor":29,"key":"Bottled Flame"},{"floor":40,"key":"Kunai"},{"floor":41,"key":"Turnip"},{"floor":42,"key":"Toxic Egg 2"},{"floor":46,"key":"Paper Frog"},{"floor":54,"key":"Boot"}],"event_choices":[{"damage_healed":0.0,"max_hp_gain":0.0,"max_hp_loss":0.0,"gold_gain":0.0,"event_name":"Scrap Ooze","player_choice":"Success","floor":5.0,"gold_loss":0.0,"damage_taken":7.0,"relics_obtained":["Orichalcum"]},{"cards_removed":["Strike_R"],"damage_healed":0.0,"max_hp_gain":0.0,"max_hp_loss":0.0,"gold_gain":0.0,"event_name":"Bonfire Elementals","player_choice":"Offered Basic","floor":7.0,"gold_loss":0.0,"damage_taken":0.0},{"damage_healed":0,"gold_gain":0,"player_choice":"Read","damage_taken":0,"max_hp_gain":0,"max_hp_loss":0,"event_name":"The Library","floor":20,"gold_loss":0,"cards_obtained":["Flex"]},{"damage_healed":0,"gold_gain":0,"player_choice":"Copied","damage_taken":0,"max_hp_gain":0,"max_hp_loss":0,"event_name":"Duplicator","floor":21,"gold_loss":0,"cards_obtained":["Limit Break"]},{"damage_healed":0,"gold_gain":0,"cards_transformed":["Strike_R","Defend_R"],"player_choice":"Became Test Subject","damage_taken":0,"max_hp_gain":0,"max_hp_loss":0,"event_name":"Drug Dealer","floor":27,"gold_loss":0,"cards_obtained":["Power Through","Armaments"]},{"damage_healed":0,"gold_gain":100,"player_choice":"Bet on Murderer","damage_taken":0,"max_hp_gain":0,"max_hp_loss":0,"event_name":"The Joust","floor":31,"gold_loss":50},{"damage_healed":0,"gold_gain":0,"player_choice":"Fight","damage_taken":0,"max_hp_gain":0,"max_hp_loss":0,"event_name":"Mysterious Sphere","floor":41,"gold_loss":0},{"damage_healed":0,"gold_gain":0,"player_choice":"Memory 1","damage_taken":0,"max_hp_gain":0,"max_hp_loss":0,"event_name":"SensoryStone","floor":45,"gold_loss":0}],"is_beta":false,"boss_relics":[{"not_picked":["Fusion Hammer","Black Blood"],"picked":"Busted Crown"},{"not_picked":["White Beast Statue","Snecko Eye"],"picked":"Pandora\u0027s Box"}],"items_purged_floors":[22,36,48],"is_endless":false,"potions_floor_spawned":[3,8,12,29,30,37,40,42,47,54],"ascension_level":1}