{"gold_per_floor":[115,115,128,27,27,53,53,63,63,63,63,63,96,21,21,94,94,108,67,67,67,67,67,87,121,121,132,132,149,179,191,191,191],"floor_reached":33,"playtime":2710,"items_purged":["Strike_B"],"score":682,"play_id":"6ce5bbc1-76ca-4132-83dc-7cd6baddf0de","local_time":"20190909101351","is_ascension_mode":true,"campfire_choices":[{"data":"Beam Cell","floor":10.0,"key":"SMITH"},{"data":"Conserve Battery","floor":12.0,"key":"SMITH"},{"data":"Self Repair","floor":15.0,"key":"SMITH"},{"data":"Ghostly","floor":23.0,"key":"SMITH"},{"data":"Ghostly","floor":28.0,"key":"SMITH"},{"data":"Biased Cognition","floor":32,"key":"SMITH"}],"neow_cost":"NONE","seed_source_timestamp":88172711843069,"circlet_count":0,"master_deck":["AscendersBane","Defend_B","Zap+1","Dualcast","FTL","Auto Shields","Beam Cell+1","Conserve Battery+1","Turbo","Self Repair+1","Electrodynamics","Genetic Algorithm+1","Thunder Strike+1","Genetic Algorithm+1","Undo","Capacitor","Ghostly+1","Ghostly+1","Ghostly","Darkness","Scrape+1","Cold Snap","Coolheaded","Glacier","Sunder+1","Biased Cognition+1","BootSequence"],"special_seed":0,"relics":["Cracked Core","NeowsBlessing","Omamori","Vajra","Cables","Bronze Scales","Astrolabe","Girya","Oddly Smooth Stone","Whetstone"],"potions_floor_usage":[30],"damage_taken":[{"damage":0.0,"enemies":"Jaw Worm","floor":1.0,"turns":1.0},{"damage":0.0,"enemies":"Cultist","floor":3.0,"turns":1.0},{"damage":0.0,"enemies":"3 Sentries","floor":6.0,"turns":1.0},{"damage":3.0,"enemies":"Small Slimes","floor":8.0,"turns":2.0},{"damage":23.0,"enemies":"Lagavulin","floor":13.0,"turns":7.0},{"damage":38.0,"enemies":"The Guardian","floor":16.0,"turns":12.0},{"damage":32.0,"enemies":"Shell Parasite","floor":18.0,"turns":5.0},{"damage":0.0,"enemies":"2 Thieves","floor":24.0,"turns":4.0},{"damage":22.0,"enemies":"Slavers","floor":25.0,"turns":4.0},{"damage":13.0,"enemies":"Centurion and Healer","floor":27.0,"turns":9.0},{"damage":0.0,"enemies":"Cultist and Chosen","floor":29.0,"turns":5.0},{"damage":0,"enemies":"Book of Stabbing","floor":30,"turns":5},{"damage":4,"enemies":"Shelled Parasite and Fungi","floor":31,"turns":3},{"damage":71,"enemies":"Champ","floor":33,"turns":15}],"seed_played":"-3456935318947231196","potions_obtained":[{"floor":1.0,"key":"FearPotion"},{"floor":6.0,"key":"FocusPotion"},{"floor":13.0,"key":"LiquidBronze"},{"floor":25.0,"key":"AttackPotion"},{"floor":27.0,"key":"Dexterity Potion"}],"is_trial":false,"path_per_floor":["M","?","M","$","?","E","T","M","T","R","?","R","E","?","R","B",null,"M","$","?","?","?","R","M","E","T","M","R","M","E","M","R","B"],"character_chosen":"DEFECT","items_purchased":["Beam Cell","Capacitor"],"campfire_rested":0,"item_purchase_floors":[4,19],"current_hp_per_floor":[64,69,69,69,69,69,69,66,66,66,66,66,43,43,43,15,61,39,39,54,38,38,38,38,16,16,13,13,23,33,29,29,0],"gold":191,"neow_bonus":"THREE_ENEMY_KILL","is_prod":false,"is_daily":false,"chose_seed":false,"campfire_upgraded":6,"win_rate":0,"timestamp":1568049231,"path_taken":["M","?","M","$","?","E","?","?","T","R","?","R","E","?","R","BOSS","M","$","?","?","?","R","M","E","T","M","R","M","E","M","R","BOSS"],"build_version":"2019-07-17","purchased_purges":1,"victory":false,"max_hp_per_floor":[71,76,76,76,76,76,76,76,76,76,76,76,76,76,76,76,76,76,76,76,38,38,38,38,38,38,38,38,38,38,38,38,38],"card_choices":[{"not_picked":["Go for the Eyes","Steam"],"picked":"FTL","floor":1.0},{"not_picked":["Redo","Turbo"],"picked":"Auto Shields","floor":3.0},{"not_picked":["Redo","Streamline"],"picked":"Conserve Battery","floor":6.0},{"not_picked":["Redo","Meteor Strike"],"picked":"Turbo","floor":8.0},{"not_picked":["Stack","Streamline"],"picked":"Self Repair","floor":13.0},{"not_picked":["Meteor Strike","All For One"],"picked":"Electrodynamics","floor":16.0},{"not_picked":["Ball Lightning","Stack"],"picked":"Undo","floor":18.0},{"not_picked":["Storm","Conserve Battery"],"picked":"Cold Snap","floor":24.0},{"not_picked":["Ball Lightning","BootSequence"],"picked":"Coolheaded","floor":25.0},{"not_picked":["Rebound","Leap"],"picked":"Glacier","floor":27.0},{"not_picked":["Heatsinks","Turbo"],"picked":"Sunder","floor":29.0},{"not_picked":["Go for the Eyes","Reboot"],"picked":"Biased Cognition","floor":30},{"not_picked":["Compile Driver","Turbo"],"picked":"BootSequence","floor":31}],"player_experience":919517,"relics_obtained":[{"floor":6.0,"key":"Omamori"},{"floor":7.0,"key":"Vajra"},{"floor":9.0,"key":"Cables"},{"floor":13.0,"key":"Bronze Scales"},{"floor":25.0,"key":"Girya"},{"floor":26.0,"key":"Oddly Smooth Stone"},{"floor":30,"key":"Whetstone"}],"event_choices":[{"damage_healed":0.0,"max_hp_gain":5.0,"max_hp_loss":0.0,"gold_gain":0.0,"event_name":"Big Fish","player_choice":"Donut","floor":2.0,"gold_loss":0.0,"damage_taken":0.0},{"damage_healed":0.0,"max_hp_gain":0.0,"max_hp_loss":0.0,"gold_gain":0.0,"event_name":"Living Wall","player_choice":"Grow","floor":5.0,"gold_loss":0.0,"damage_taken":0.0,"cards_upgraded":["Zap"]},{"damage_healed":0.0,"max_hp_gain":0.0,"max_hp_loss":0.0,"gold_gain":0.0,"event_name":"Dead Adventurer","player_choice":"Searched \u00270\u0027 times","floor":11.0,"gold_loss":0.0,"damage_taken":0.0},{"cards_removed":["Defend_B"],"damage_healed":0.0,"max_hp_gain":0.0,"max_hp_loss":0.0,"gold_gain":0.0,"event_name":"The Cleric","player_choice":"Card Removal","floor":14.0,"gold_loss":75.0,"damage_taken":0.0},{"damage_healed":15.0,"max_hp_gain":0.0,"max_hp_loss":0.0,"gold_gain":0.0,"event_name":"The Library","player_choice":"Heal","floor":20.0,"gold_loss":0.0,"damage_taken":0.0},{"damage_healed":0.0,"max_hp_gain":0.0,"max_hp_loss":38.0,"gold_gain":0.0,"event_name":"Ghosts","player_choice":"Became a Ghost","floor":21.0,"gold_loss":0.0,"damage_taken":0.0,"cards_obtained":["Ghostly","Ghostly","Ghostly"]},{"damage_healed":0.0,"max_hp_gain":0.0,"max_hp_loss":0.0,"gold_gain":0.0,"cards_transformed":["Defend_B","Defend_B"],"event_name":"Drug Dealer","player_choice":"Became Test Subject","floor":22.0,"gold_loss":0.0,"damage_taken":0.0,"cards_obtained":["Darkness","Scrape"]}],"is_beta":false,"boss_relics":[{"not_picked":["Runic Dome","Nuclear Battery"],"picked":"Astrolabe"}],"items_purged_floors":[4],"is_endless":false,"potions_floor_spawned":[1,6,13,25,27],"killed_by":"Champ","ascension_level":20}