{"path_per_floor":["M","$","?","M","M","R","M","R","T","E","$","E","?","M","R","B",null,"M","M","?","M","?","R","E","M","T","R","M","M","$","?","R","B",null,"M","M","?","M","?"],"character_chosen":"IRONCLAD","items_purchased":["Offering","Flex","Dramatic Entrance"],"gold_per_floor":[112,37,37,50,60,60,79,79,148,181,54,85,50,62,62,161,161,180,191,116,132,232,232,266,277,304,304,320,336,138,138,138,243,243,259,279,279,299,299,299],"floor_reached":40,"campfire_rested":1,"playtime":1607,"current_hp_per_floor":[49,49,49,51,57,57,48,48,48,39,39,38,62,63,63,17,96,86,80,80,69,69,69,56,38,38,38,12,10,10,10,55,13,100,86,77,100,81,81,0],"items_purged":["Strike_R","Strike_R"],"gold":299,"score":468,"play_id":"bcd45b6b-bea1-48e4-af02-1befa70edd61","local_time":"20180501160454","is_prod":false,"is_daily":false,"chose_seed":false,"is_ascension_mode":false,"campfire_upgraded":5,"timestamp":1525205094,"path_taken":["M","?","?","M","M","R","M","R","T","E","$","E","?","M","R","BOSS","M","M","?","M","?","R","E","M","T","R","M","M","$","?","R","BOSS","M","M","?","M","?","E"],"build_version":"2018-04-30","seed_source_timestamp":73189590084115,"purchased_purges":2,"victory":false,"master_deck":["Strike_R","Strike_R+1","Defend_R","Defend_R","Defend_R","Defend_R","Bash","Shrug It Off","Armaments+1","Metallicize","Anger+1","Rampage+1","Offering+1","Flex","Flex","Pommel Strike+1","Offering","Combust+1","Hemokinesis+1","Combust+1","Metallicize+1","Flame Barrier","Dramatic Entrance","Limit Break","Reckless Charge+1","Ghostly Armor+1","Writhe","Secret Technique"],"max_hp_per_floor":[96,96,96,96,96,96,96,96,96,96,96,96,96,96,96,96,96,96,96,96,96,96,96,96,98,98,98,98,100,100,100,100,100,100,100,100,100,102,102,102],"relics":["Burning Blood","Dodecahedron","Juzu Bracelet","Regal Pillow","Mark of Pain","Singing Bowl","Whetstone","Velvet Choker"],"card_choices":[{"not_picked":["Headbutt","Armaments"],"picked":"Shrug It Off","floor":1},{"not_picked":["Wild Strike","Rage"],"picked":"Armaments","floor":4},{"not_picked":["Intimidate","Twin Strike"],"picked":"Metallicize","floor":5},{"not_picked":["Twin Strike","Pommel Strike"],"picked":"Anger","floor":7},{"not_picked":["Power Through","Corruption"],"picked":"Rampage","floor":10},{"not_picked":["Cleave","Havoc"],"picked":"Flex","floor":12},{"not_picked":["Body Slam","Perfected Strike"],"picked":"Pommel Strike","floor":14},{"not_picked":["Brutality","Dark Embrace"],"picked":"Offering","floor":16},{"not_picked":["Iron Wave","Anger"],"picked":"Combust","floor":18},{"not_picked":["Warcry","Shockwave"],"picked":"Hemokinesis","floor":19},{"not_picked":["Body Slam","Twin Strike"],"picked":"Combust","floor":21},{"not_picked":["Exhume","Thunderclap"],"picked":"Metallicize","floor":24},{"not_picked":["Wild Strike","Clash"],"picked":"Flame Barrier","floor":28},{"not_picked":["Berserk","Impervious"],"picked":"Limit Break","floor":33},{"not_picked":["Armaments","Pommel Strike"],"picked":"Reckless Charge","floor":35},{"not_picked":["Havoc","Sever Soul"],"picked":"Ghostly Armor","floor":36},{"not_picked":["Purity","Apotheosis"],"picked":"Secret Technique","floor":39}],"player_experience":422265,"potions_floor_usage":[29,29,33,33,40,40],"damage_taken":[{"damage":5,"enemies":"Cultist","floor":1,"turns":4},{"damage":4,"enemies":"Jaw Worm","floor":4,"turns":4},{"damage":0,"enemies":"2 Louse","floor":5,"turns":3},{"damage":15,"enemies":"Exordium Thugs","floor":7,"turns":6},{"damage":15,"enemies":"Lagavulin","floor":10,"turns":6},{"damage":7,"enemies":"3 Sentries","floor":12,"turns":9},{"damage":5,"enemies":"Gremlin Gang","floor":14,"turns":6},{"damage":52,"enemies":"Slime Boss","floor":16,"turns":12},{"damage":16,"enemies":"Spheric Guardian","floor":18,"turns":4},{"damage":12,"enemies":"3 Byrds","floor":19,"turns":3},{"damage":17,"enemies":"Centurion and Healer","floor":21,"turns":5},{"damage":19,"enemies":"Gremlin Leader","floor":24,"turns":6},{"damage":26,"enemies":"3 Cultists","floor":25,"turns":3},{"damage":32,"enemies":"Snake Plant","floor":28,"turns":4},{"damage":10,"enemies":"Snecko","floor":29,"turns":5},{"damage":63,"enemies":"Collector","floor":33,"turns":9},{"damage":20,"enemies":"3 Shapes","floor":35,"turns":6},{"damage":15,"enemies":"Flame Bruiser 1 Orb","floor":36,"turns":4},{"damage":27,"enemies":"Sphere and 2 Shapes","floor":38,"turns":5},{"damage":96,"enemies":"Nemesis","floor":40,"turns":7}],"event_choices":[{"event_name":"Liars Game","player_choice":"disagreed","floor":3,"damage_taken":0},{"event_name":"The Cleric","player_choice":"Healed","floor":13,"damage_taken":0},{"event_name":"Beggar","player_choice":"Gave Gold","floor":20,"damage_taken":0},{"event_name":"Golden Shrine","player_choice":"Pray","floor":22,"damage_taken":0},{"event_name":"Cursed Tome","player_choice":"Ignored","floor":31,"damage_taken":0},{"event_name":"Winding Halls","player_choice":"Writhe","floor":37,"damage_taken":0},{"event_name":"SensoryStone","player_choice":"Memory 1","floor":39,"damage_taken":0}],"boss_relics":[{"not_picked":["White Beast Statue","Tiny House"],"picked":"Mark of Pain"},{"not_picked":["Runic Dome","Snecko Eye"],"picked":"Velvet Choker"}],"potions_floor_spawned":[5,7,12,16,18,24,29,33,36,38],"seed_played":"-6106513546025412046","killed_by":"Nemesis","ascension_level":0,"is_trial":false}