{"path_per_floor":["M","M","?","E","M","T","E","M","M","?","E","R"],"character_chosen":"THE_SILENT","items_purchased":[],"gold_per_floor":[113,133,133,401,412,412,446,466,485,485,512,512,512],"floor_reached":13,"campfire_rested":0,"playtime":1377,"current_hp_per_floor":[65,64,64,41,51,51,35,32,32,32,36,36,0],"items_purged":[],"gold":512,"score":124,"play_id":"5099f160-8e09-44a8-97b8-e6f7c8349ea7","local_time":"20180414162019","is_prod":false,"is_daily":false,"chose_seed":false,"is_ascension_mode":true,"campfire_upgraded":2,"timestamp":1523748019,"path_taken":["M","M","?","?","?","R","E","M","T","E","?","M","?","E","R","BOSS"],"build_version":"2018-04-12","seed_source_timestamp":947132540961382,"purchased_purges":0,"victory":false,"master_deck":["Defend_G","Defend_G","Defend_G","Defend_G","Strike_G","Strike_G","Strike_G","Strike_G","Strike_G","Survivor","Neutralize","Malaise+1","All Out Attack","Regret","Expertise","Dagger Spray","Terror","Infinite Blades","Outmaneuver+1","Masterful Stab"],"max_hp_per_floor":[70,70,70,75,75,75,75,75,75,75,75,75,75],"relics":["White Beast Statue","Orichalcum","Unceasing Top","Singing Bowl","Omamori"],"card_choices":[{"not_picked":["Predator","Dagger Throw"],"picked":"Malaise","floor":1.0},{"not_picked":["Dodge and Roll","Backflip"],"picked":"All Out Attack","floor":2.0},{"not_picked":["Flying Knee","Outmaneuver"],"picked":"Expertise","floor":4},{"not_picked":["Backflip","Quick Slash"],"picked":"Dagger Spray","floor":5},{"not_picked":["Poisoned Stab","Acrobatics"],"picked":"Terror","floor":7},{"not_picked":["Slice","Dodge and Roll"],"picked":"Infinite Blades","floor":8},{"not_picked":["Skewer","Sucker Punch"],"picked":"Outmaneuver","floor":9},{"not_picked":["Quick Slash","Tools of the Trade"],"picked":"Masterful Stab","floor":11}],"player_experience":283084,"potions_floor_usage":[4,5,7,11,11,13,13],"damage_taken":[{"damage":5.0,"enemies":"Small Slimes","floor":1.0,"turns":4.0},{"damage":1.0,"enemies":"Cultist","floor":2.0,"turns":5.0},{"damage":0.0,"enemies":"2 Louse","floor":4.0,"turns":2.0},{"damage":28,"enemies":"3 Sentries","floor":4,"turns":8},{"damage":5,"enemies":"Red Slaver","floor":5,"turns":6},{"damage":31,"enemies":"Lagavulin","floor":7,"turns":10},{"damage":3,"enemies":"2 Fungi Beasts","floor":8,"turns":4},{"damage":0,"enemies":"3 Louse","floor":9,"turns":2},{"damage":8,"enemies":"Gremlin Nob","floor":11,"turns":4},{"damage":36,"enemies":"Slime Boss","floor":13,"turns":7}],"event_choices":[{"event_name":"Bonfire Elementals","player_choice":"BASIC","floor":3.0,"damage_taken":0.0},{"event_name":"Big Fish","player_choice":"Donut","floor":4,"damage_taken":0},{"event_name":"Golden Shrine","player_choice":"Desecrate","floor":4,"damage_taken":0},{"event_name":"Dead Adventurer","player_choice":"Searched \u00271\u0027 times","floor":10,"damage_taken":0}],"boss_relics":[],"potions_floor_spawned":[1,2,4,5,7,8,9,11],"seed_played":"-7124433439486386775","killed_by":"Slime Boss","ascension_level":5,"is_trial":false}