{"gold_per_floor":[119,119,119,130,130,130,165,183,230,254,254,42,42],"floor_reached":13,"playtime":12620,"items_purged":["Strike_G"],"score":85,"play_id":"47ea2c55-c4cc-4db0-8594-74070b595f84","local_time":"20190915223534","is_ascension_mode":true,"campfire_choices":[{"data":"Neutralize","floor":6,"key":"SMITH"}],"neow_cost":"NONE","seed_source_timestamp":2559443174821500,"circlet_count":0,"master_deck":["Strike_G","Strike_G","Strike_G","Strike_G","Defend_G+1","Defend_G+1","Defend_G","Defend_G+1","Defend_G+1","Survivor","Neutralize+1","Acrobatics+1","Regret","Prepared","Escape Plan","Expertise","Endless Agony","Discovery"],"relics":["Ring of the Snake","Anchor","Juzu Bracelet","Blood Vial","War Paint","Odd Mushroom","Orichalcum"],"potions_floor_usage":[7,10],"damage_taken":[{"damage":0,"enemies":"Small Slimes","floor":1,"turns":5},{"damage":2,"enemies":"2 Louse","floor":4,"turns":3},{"damage":41,"enemies":"Lagavulin","floor":7,"turns":11},{"damage":7,"enemies":"Cultist","floor":8,"turns":5},{"damage":4,"enemies":"The Mushroom Lair","floor":10,"turns":3},{"damage":5,"enemies":"3 Sentries","floor":13,"turns":3}],"seed_played":"2479190315743051654","potions_obtained":[{"floor":1,"key":"Poison Potion"},{"floor":8,"key":"SkillPotion"}],"is_trial":false,"path_per_floor":["M","?","?","M","?","R","E","M","T","?","?","$","E"],"character_chosen":"THE_SILENT","items_purchased":["Endless Agony","Discovery"],"campfire_rested":0,"item_purchase_floors":[12,12],"current_hp_per_floor":[70,70,56,54,54,54,13,8,8,6,3,3,0],"gold":42,"neow_bonus":"RANDOM_COMMON_RELIC","is_prod":false,"is_daily":false,"chose_seed":false,"campfire_upgraded":1,"win_rate":0,"timestamp":1568601334,"path_taken":["M","?","?","M","?","R","E","M","T","?","?","$","E"],"build_version":"2019-07-17","purchased_purges":1,"victory":false,"max_hp_per_floor":[70,70,70,70,70,70,70,70,70,70,70,70,70],"card_choices":[{"not_picked":["Distraction","Deflect"],"picked":"Acrobatics","floor":1},{"not_picked":["Poisoned Stab","Backflip","Slice"],"picked":"SKIP","floor":4},{"not_picked":["Dash","Slice"],"picked":"Prepared","floor":7},{"not_picked":["Choke","Slice"],"picked":"Escape Plan","floor":8},{"not_picked":["Caltrops","Poisoned Stab"],"picked":"Expertise","floor":10}],"player_experience":492826,"relics_obtained":[{"floor":7,"key":"Blood Vial"},{"floor":9,"key":"War Paint"},{"floor":10,"key":"Odd Mushroom"}],"event_choices":[{"damage_healed":0,"gold_gain":0,"player_choice":"Box","damage_taken":0,"relics_obtained":["Juzu Bracelet"],"max_hp_gain":0,"max_hp_loss":0,"event_name":"Big Fish","floor":2,"gold_loss":0,"cards_obtained":["Regret"]},{"damage_healed":0,"gold_gain":0,"player_choice":"Entered Light","damage_taken":14,"max_hp_gain":0,"max_hp_loss":0,"event_name":"Shining Light","floor":3,"gold_loss":0,"cards_upgraded":["Defend_G","Defend_G"]},{"damage_healed":0,"gold_gain":0,"player_choice":"Forge","damage_taken":0,"max_hp_gain":0,"max_hp_loss":0,"event_name":"Accursed Blacksmith","floor":5,"gold_loss":0,"cards_upgraded":["Acrobatics"]},{"damage_healed":0,"gold_gain":0,"player_choice":"Fought Mushrooms","damage_taken":0,"max_hp_gain":0,"max_hp_loss":0,"event_name":"Mushrooms","floor":10,"gold_loss":0},{"damage_healed":0,"gold_gain":0,"player_choice":"Success","damage_taken":3,"relics_obtained":["Orichalcum"],"max_hp_gain":0,"max_hp_loss":0,"event_name":"Scrap Ooze","floor":11,"gold_loss":0}],"is_beta":false,"boss_relics":[],"items_purged_floors":[12],"is_endless":false,"potions_floor_spawned":[1,8],"killed_by":"3 Sentries","ascension_level":1}