{"path_per_floor":["M","M","?","?","$","R","M","R","T","E","M","M","R","E","R","B",null,"M","M","?","$","?","R","E"],"character_chosen":"DEFECT","items_purchased":["Capacitor"],"gold_per_floor":[112,127,127,87,12,12,28,28,28,60,76,89,89,115,115,213,213,202,216,242,90,5,5,31,31],"floor_reached":25,"campfire_rested":0,"playtime":2643,"current_hp_per_floor":[68,61,43,43,43,43,43,43,53,46,43,43,43,40,40,4,65,60,47,28,28,28,28,4,0],"items_purged":["Strike_B","Dualcast"],"gold":31,"score":298,"play_id":"4aa20f2a-0177-485a-aba7-849b7651d388","local_time":"20180430193844","is_prod":false,"is_daily":false,"chose_seed":false,"is_ascension_mode":true,"campfire_upgraded":5,"timestamp":1525142324,"path_taken":["M","M","?","?","$","R","?","R","T","E","M","M","R","E","R","BOSS","M","?","?","$","?","R","E","?"],"build_version":"2018-04-27v3","seed_source_timestamp":182541590732886,"purchased_purges":2,"victory":false,"master_deck":["Zap+1","Scrape","Glacier+1","Recycle+1","Blizzard+1","Coolheaded","Doom and Gloom","Redo+1","Chill","Hologram","Coolheaded","Go for the Eyes","Ball Lightning","Impulse","Ball Lightning","Streamline","Glacier+1","Capacitor","Self Repair"],"max_hp_per_floor":[75,75,75,75,75,75,75,75,85,85,85,85,85,85,85,85,85,85,85,85,85,85,85,85,85],"relics":["Cracked Core","Kunai","Pear","Mummified Hand","Centennial Puzzle","Pandora\u0027s Box","Red Mask","Anchor","Vajra"],"card_choices":[{"not_picked":["Coolheaded","Skim"],"picked":"Scrape","floor":1.0},{"not_picked":["Rebound","Rip and Tear"],"picked":"Glacier","floor":2.0},{"not_picked":["Leap","Go for the Eyes"],"picked":"Recycle","floor":7.0},{"not_picked":["Thunder Strike","Coolheaded"],"picked":"Blizzard","floor":10.0},{"not_picked":["Auto Shields","Barrage"],"picked":"Coolheaded","floor":11.0},{"not_picked":["Chaos","Rebound"],"picked":"Doom and Gloom","floor":14.0},{"not_picked":["Creative AI","Echo Form"],"picked":"Redo","floor":16.0},{"not_picked":["Leap","Impulse"],"picked":"Streamline","floor":18.0},{"not_picked":["Cold Snap","Nova"],"picked":"Glacier","floor":19.0},{"not_picked":["Impulse","Blaster"],"picked":"Self Repair","floor":24}],"player_experience":509922,"potions_floor_usage":[24],"damage_taken":[{"damage":0.0,"enemies":"2 Louse","floor":1.0,"turns":3.0},{"damage":7.0,"enemies":"Jaw Worm","floor":2.0,"turns":3.0},{"damage":0.0,"enemies":"Cultist","floor":7.0,"turns":3.0},{"damage":7.0,"enemies":"3 Sentries","floor":10.0,"turns":9.0},{"damage":3.0,"enemies":"Blue Slaver","floor":11.0,"turns":4.0},{"damage":0.0,"enemies":"Lots of Slimes","floor":12.0,"turns":3.0},{"damage":3.0,"enemies":"Lagavulin","floor":14.0,"turns":5.0},{"damage":36.0,"enemies":"Hexaghost","floor":16.0,"turns":11.0},{"damage":5.0,"enemies":"2 Thieves","floor":18.0,"turns":4.0},{"damage":13.0,"enemies":"Spheric Guardian","floor":19.0,"turns":4.0},{"damage":19,"enemies":"Masked Bandits","floor":20,"turns":4},{"damage":24,"enemies":"Gremlin Leader","floor":24,"turns":8}],"event_choices":[{"event_name":"Scrap Ooze","player_choice":"success","floor":3.0,"damage_taken":18.0},{"event_name":"The Woman in Blue","player_choice":"Bought 3 Potions","floor":4.0,"damage_taken":0.0},{"event_name":"Masked Bandits","player_choice":"Fought over 216 gold","floor":20,"damage_taken":0},{"event_name":"Addict","player_choice":"Obtained Relic","floor":22,"damage_taken":0}],"boss_relics":[],"potions_floor_spawned":[7,10,12,20],"seed_played":"-7075174734396301155","ascension_level":6,"is_trial":false}