{"path_per_floor":["M","?","$","M","?","E","R","E","T","M","M","M","?","M","R","B",null,"M","M","M","M","M","R","M","R","T","?","M","R","M","M","R","B",null,"M","?","?","?","M","R","M","R","T","R","$","M","M","M","R"],"character_chosen":"IRONCLAD","items_purchased":[],"gold_per_floor":[112,112,37,54,54,81,81,110,110,124,142,152,152,170,170,271,271,211,211,211,211,211,211,211,211,211,211,211,211,211,211,211,211,211,211,211,211,211,211,211,211,211,211,211,111,111,111,111,111],"floor_reached":50,"campfire_rested":3,"playtime":2397,"current_hp_per_floor":[80,80,80,80,77,80,80,52,52,60,68,74,74,82,82,69,88,86,82,40,40,36,63,90,90,90,90,64,64,82,96,96,50,110,88,88,74,74,80,114,92,92,92,92,92,61,88,80,116],"items_purged":["Defend_R","Strike_R"],"gold":111,"score":487,"play_id":"6abf7214-caad-4031-9d07-ebb907454070","is_prod":false,"is_daily":false,"is_ascension_mode":false,"campfire_upgraded":7,"path_taken":["M","?","$","?","?","E","R","E","T","M","M","M","?","?","R","BOSS","M","M","M","M","M","R","M","R","T","?","M","R","M","M","R","BOSS","M","?","?","?","M","R","?","R","T","R","$","M","M","?","R","BOSS"],"build_version":"2018-02-22-PROD2","purchased_purges":2,"victory":false,"master_deck":["Strike_R","Strike_R","Strike_R","Defend_R","Defend_R","Defend_R","Bash","Armaments+1","Flame Barrier+1","Flex+1","Bash","Limit Break+1","Inflame+1","Reaper+1","Shockwave+1","Body Slam+1","Madness","Reaper"],"max_hp_per_floor":[80,80,80,80,80,80,80,82,82,84,86,86,86,88,88,88,88,88,90,92,92,92,92,94,94,94,94,96,96,98,100,100,102,110,112,112,112,112,114,114,116,116,116,116,116,116,118,120,120],"relics":["Burning Blood","NeowsBlessing","Singing Bowl","Oddly Smooth Stone","Paper Frog","Gambling Chip","Ectoplasm","Old Coin","Orrery","Prayer Wheel"],"card_choices":[{"not_picked":["Rupture","Twin Strike"],"picked":"Armaments"},{"not_picked":["Clothesline","Second Wind"],"picked":"Flame Barrier"},{"not_picked":["Bludgeon","Headbutt"],"picked":"Flex"},{"not_picked":["Feed","Juggernaut"],"picked":"Limit Break"},{"not_picked":["Sword Boomerang","Infernal Blade"],"picked":"Inflame"},{"not_picked":["Pommel Strike","Cleave"],"picked":"Reaper"},{"not_picked":["Perfected Strike","True Grit"],"picked":"Shockwave"},{"not_picked":["Shrug It Off","Rampage"],"picked":"Body Slam"},{"not_picked":["Thunderclap","Combust"],"picked":"Reaper"}],"player_experience":157254,"potions_floor_usage":[24,47],"damage_taken":[{"damage":0,"enemies":"Jaw Worm","floor":1,"turns":1},{"damage":0,"enemies":"Cultist","floor":4,"turns":1},{"damage":0,"enemies":"3 Sentries","floor":6,"turns":1},{"damage":36,"enemies":"Gremlin Nob","floor":8,"turns":6},{"damage":0,"enemies":"Small Slimes","floor":10,"turns":3},{"damage":0,"enemies":"Red Slaver","floor":11,"turns":5},{"damage":0,"enemies":"Large Slime","floor":12,"turns":7},{"damage":0,"enemies":"Blue Slaver","floor":14,"turns":5},{"damage":19,"enemies":"The Guardian","floor":16,"turns":11},{"damage":8,"enemies":"2 Thieves","floor":18,"turns":4},{"damage":12,"enemies":"Spheric Guardian","floor":19,"turns":4},{"damage":50,"enemies":"Cultist and Chosen","floor":20,"turns":7},{"damage":6,"enemies":"Snake Plant","floor":21,"turns":4},{"damage":30,"enemies":"3 Cultists","floor":22,"turns":7},{"damage":9,"enemies":"Centurion and Healer","floor":24,"turns":6},{"damage":34,"enemies":"Sentry and Sphere","floor":28,"turns":8},{"damage":12,"enemies":"Chosen and Byrds","floor":30,"turns":5},{"damage":6,"enemies":"Snecko","floor":31,"turns":4},{"damage":85,"enemies":"Automaton","floor":33,"turns":11},{"damage":30,"enemies":"3 Shapes","floor":35,"turns":4},{"damage":29,"enemies":"3 Darklings","floor":39,"turns":5},{"damage":53,"enemies":"Sphere and 2 Shapes","floor":41,"turns":7},{"damage":57,"enemies":"4 Shapes","floor":46,"turns":9},{"damage":38,"enemies":"Maw","floor":47,"turns":6},{"damage":17,"enemies":"3 Darklings","floor":48,"turns":6},{"damage":138,"enemies":"Time Eater","floor":50,"turns":13}],"event_choices":[{"event_name":"Bonfire Elementals","player_choice":"BASIC","floor":2,"damage_taken":0},{"event_name":"Scrap Ooze","player_choice":"success","floor":5,"damage_taken":3},{"event_name":"Match and Keep!","player_choice":"1 cards matched","floor":13,"damage_taken":0},{"event_name":"Drug Dealer","player_choice":"Ignored","floor":27,"damage_taken":0},{"event_name":"Mysterious Sphere","player_choice":"Ignore","floor":36,"damage_taken":0},{"event_name":"Winding Halls","player_choice":"Embrace Madness","floor":37,"damage_taken":0}],"boss_relics":[{"not_picked":["Pandora\u0027s Box","White Beast Statue"],"picked":"Ectoplasm"},{"not_picked":["Calling Bell","Tiny House"],"picked":"Orrery"}],"potions_floor_spawned":[1,10,11,16,19,21,22,31,33,35,41,47],"seed_played":"-6506472096552095020","killed_by":"Time Eater","ascension_level":0,"is_trial":false}