{"gold_per_floor":[111,126,89,106,29,58,58,73,73,38,49,80,80,99,99,198,198,185,185,199,211,211],"floor_reached":22,"playtime":1704,"items_purged":[],"score":198,"play_id":"1365b68a-d301-4242-b188-8a36b3db3e7b","local_time":"20190705162848","is_ascension_mode":false,"campfire_choices":[{"data":"White Noise","floor":7,"key":"SMITH"},{"floor":15,"key":"REST"}],"neow_cost":"NONE","seed_source_timestamp":1970926697819133,"circlet_count":0,"master_deck":["Strike_B","Strike_B","Strike_B","Strike_B","Defend_B","Defend_B","Defend_B","Defend_B","Zap","Dualcast","Conserve Battery","Loop","White Noise+1","Loop","Force Field","Chaos","Hologram","Leap","Defragment+1","Lockon","Biased Cognition+1","Auto Shields+1","Conserve Battery+1","Self Repair+1","Defragment+1","Conserve Battery+1","Ball Lightning"],"relics":["Cracked Core","Blood Vial","Potion Belt","Frozen Egg 2","Prayer Wheel","Nuclear Battery"],"potions_floor_usage":[11,12,16],"damage_taken":[{"damage":0,"enemies":"Cultist","floor":1,"turns":4},{"damage":0,"enemies":"Small Slimes","floor":2,"turns":3},{"damage":1,"enemies":"Jaw Worm","floor":4,"turns":4},{"damage":15,"enemies":"3 Sentries","floor":6,"turns":6},{"damage":9,"enemies":"Blue Slaver","floor":8,"turns":5},{"damage":26,"enemies":"Gremlin Gang","floor":11,"turns":6},{"damage":22,"enemies":"Lagavulin","floor":12,"turns":7},{"damage":0,"enemies":"Looter","floor":14,"turns":4},{"damage":16,"enemies":"The Guardian","floor":16,"turns":9},{"damage":32,"enemies":"2 Thieves","floor":18,"turns":4},{"damage":13,"enemies":"3 Byrds","floor":20,"turns":4},{"damage":38,"enemies":"3 Cultists","floor":21,"turns":6},{"damage":16,"enemies":"Cultist and Chosen","floor":22,"turns":4}],"seed_played":"-7111338458043738518","potions_obtained":[{"floor":2,"key":"SkillPotion"},{"floor":11,"key":"EssenceOfSteel"},{"floor":14,"key":"Fire Potion"},{"floor":20,"key":"Strength Potion"}],"is_trial":false,"path_per_floor":["M","M","$","M","$","E","R","M","T","?","M","E","?","M","R","B",null,"M","?","M","M","M"],"character_chosen":"DEFECT","items_purchased":["Loop","Loop"],"campfire_rested":1,"item_purchase_floors":[3,5],"current_hp_per_floor":[75,75,75,74,74,60,60,53,53,53,29,9,2,4,26,12,75,43,48,37,11,0],"gold":211,"neow_bonus":"RANDOM_COMMON_RELIC","is_prod":false,"is_daily":false,"chose_seed":false,"campfire_upgraded":1,"win_rate":0,"timestamp":1562358528,"path_taken":["M","M","?","?","$","E","R","M","T","?","M","E","?","M","R","BOSS","M","?","M","M","M"],"build_version":"2019-07-01","purchased_purges":0,"victory":false,"max_hp_per_floor":[75,75,75,75,75,75,75,75,75,75,75,75,75,75,75,75,75,75,75,75,75,75],"card_choices":[{"not_picked":["Turbo","Rebound"],"picked":"Barrage","floor":1},{"not_picked":["Scrape","Tempest"],"picked":"Conserve Battery","floor":2},{"not_picked":["Aggregate","Cold Snap"],"picked":"White Noise","floor":4},{"not_picked":["Cold Snap","Redo"],"picked":"Force Field","floor":6},{"not_picked":["Reinforced Body","Melter"],"picked":"Chaos","floor":8},{"not_picked":["FTL","Auto Shields"],"picked":"Hologram","floor":11},{"not_picked":["Darkness","BootSequence"],"picked":"Leap","floor":12},{"not_picked":["Beam Cell","BootSequence"],"picked":"Defragment+1","floor":14},{"not_picked":["Stack","Streamline"],"picked":"Lockon","floor":14},{"not_picked":["Fission","Thunder Strike"],"picked":"Biased Cognition+1","floor":16},{"not_picked":["Stack","Turbo"],"picked":"Auto Shields+1","floor":18},{"not_picked":["Reinforced Body","Turbo"],"picked":"Conserve Battery+1","floor":18},{"not_picked":["Redo","Cold Snap"],"picked":"Self Repair+1","floor":20},{"not_picked":["Hologram","Streamline+1"],"picked":"Defragment+1","floor":20},{"not_picked":["Force Field","Rebound"],"picked":"Conserve Battery+1","floor":21},{"not_picked":["Compile Driver+1","Double Energy"],"picked":"Ball Lightning","floor":21}],"player_experience":92778,"relics_obtained":[{"floor":6,"key":"Potion Belt"},{"floor":9,"key":"Frozen Egg 2"},{"floor":12,"key":"Prayer Wheel"}],"event_choices":[{"damage_healed":0,"gold_gain":0,"player_choice":"Left Gold","damage_taken":0,"max_hp_gain":0,"max_hp_loss":0,"event_name":"World of Goop","floor":10,"gold_loss":35},{"damage_healed":0,"gold_gain":0,"player_choice":"Fled","damage_taken":7,"max_hp_gain":0,"max_hp_loss":0,"event_name":"Scrap Ooze","floor":13,"gold_loss":0},{"cards_removed":["Barrage"],"damage_healed":5,"gold_gain":0,"player_choice":"Offered Common","damage_taken":0,"max_hp_gain":0,"max_hp_loss":0,"event_name":"Bonfire Elementals","floor":19,"gold_loss":0},{"cards_removed":["Barrage"],"damage_healed":5,"gold_gain":0,"player_choice":"Offered Special","damage_taken":0,"max_hp_gain":0,"max_hp_loss":0,"event_name":"Bonfire Elementals","floor":19,"gold_loss":0}],"is_beta":false,"boss_relics":[{"not_picked":["Sozu","Fusion Hammer"],"picked":"Nuclear Battery"}],"items_purged_floors":[],"is_endless":false,"potions_floor_spawned":[2,11,14,20],"killed_by":"Cultist and Chosen","ascension_level":0}