{"path_per_floor":["M","$","M","M","$","E","$","?","T","E","M","M","R","M","R","B",null,"M","$","M","$","M","R","M","M","T","R","M","M","?","M","R","B",null,"M","?","M","M","M","R","E","M","T","R","M","R","M","?","R"],"character_chosen":"IRONCLAD","items_purchased":["Inflame","Pummel","Offering","Shrug It Off","Pen Nib","Armaments"],"gold_per_floor":[359,144,157,173,2,34,9,9,88,120,135,146,146,160,160,265,265,265,109,64,18,18,18,18,18,18,18,18,18,18,18,18,18,18,18,18,18,18,18,18,18,18,18,18,18,18,18,18,18,18],"floor_reached":50,"campfire_rested":4,"playtime":1806,"current_hp_per_floor":[45,45,45,51,51,27,27,27,27,23,17,16,55,61,61,15,80,80,80,60,60,41,41,37,43,43,43,44,50,50,53,53,18,80,84,73,72,72,67,67,30,23,23,64,8,49,23,23,64,0],"items_purged":["Strike_R","Strike_R"],"gold":18,"score":517,"play_id":"7b374a47-ae14-4aa4-aee5-1bc22e4acc38","local_time":"20180509144903","is_prod":false,"is_daily":false,"chose_seed":false,"is_ascension_mode":false,"campfire_upgraded":5,"timestamp":1525891743,"path_taken":["M","$","M","M","?","E","$","?","T","E","M","M","R","?","R","BOSS","M","$","M","$","M","R","M","M","T","R","M","M","?","M","R","BOSS","M","?","M","M","M","R","E","?","T","R","M","R","M","?","R","BOSS"],"build_version":"2018-05-08","seed_source_timestamp":666460612731313,"purchased_purges":2,"victory":false,"master_deck":["Strike_R","Strike_R","Strike_R","Defend_R","Defend_R","Defend_R","Defend_R","Bash","Thunderclap","Inflame+1","Pummel+1","Uppercut+1","Warcry+1","Offering+1","Ghostly Armor","Shrug It Off","Bludgeon+1","Flex+1","Sword Boomerang","Headbutt","Exhume+1","Whirlwind+1","Havoc+1","Armaments+1","Infernal Blade+1","Havoc+1","Pummel+1","Bloodletting+1","Flame Barrier+1","Whirlwind+1","Feed","Madness","Madness","True Grit+1","Sword Boomerang","Disarm+1","Iron Wave+1","Headbutt+1","Apotheosis"],"max_hp_per_floor":[80,80,80,80,80,80,80,80,80,80,80,80,80,80,80,80,80,80,80,80,80,80,80,80,80,80,80,80,80,80,80,80,80,80,84,84,84,84,84,84,87,87,87,87,87,87,87,87,87,87],"relics":["Burning Blood","Regal Pillow","Toxic Egg 2","Omamori","Ectoplasm","Pen Nib","Anchor","Cursed Key","Blood Vial","The Courier"],"card_choices":[{"not_picked":["Blood for Blood","Heavy Blade"],"picked":"Thunderclap","floor":1},{"not_picked":["Clash","Rupture"],"picked":"Uppercut","floor":3},{"not_picked":["Uppercut","Cleave"],"picked":"Warcry","floor":4},{"not_picked":["Warcry","Iron Wave"],"picked":"Ghostly Armor","floor":6},{"not_picked":["Cleave","Burning Pact"],"picked":"Bludgeon","floor":10},{"not_picked":["Carnage","Cleave"],"picked":"Flex","floor":11},{"not_picked":["Metallicize","Uppercut"],"picked":"Sword Boomerang","floor":12},{"not_picked":["True Grit","Thunderclap"],"picked":"Headbutt","floor":14},{"not_picked":["Brutality","Berserk"],"picked":"Exhume","floor":16},{"not_picked":["Rage","Flex"],"picked":"Whirlwind","floor":18},{"not_picked":["True Grit","Body Slam"],"picked":"Havoc","floor":20},{"not_picked":["Armaments","Blood for Blood"],"picked":"Infernal Blade","floor":22},{"not_picked":["Cleave","Power Through"],"picked":"Havoc","floor":24},{"not_picked":["Wild Strike","Second Wind"],"picked":"Pummel","floor":25},{"not_picked":["Fire Breathing","Dual Wield"],"picked":"Bloodletting","floor":28},{"not_picked":["Brutality","Havoc"],"picked":"Flame Barrier","floor":29},{"not_picked":["Sword Boomerang","Rupture"],"picked":"Whirlwind","floor":31},{"not_picked":["Exhume","Brutality"],"picked":"Feed","floor":33},{"not_picked":["Ghostly Armor","Shrug It Off"],"picked":"True Grit","floor":37},{"not_picked":["True Grit","Brutality"],"picked":"Sword Boomerang","floor":39},{"not_picked":["Intimidate","Entrench"],"picked":"Disarm","floor":42},{"not_picked":["Perfected Strike","Disarm"],"picked":"Iron Wave","floor":45},{"not_picked":["Havoc","Shrug It Off"],"picked":"Headbutt","floor":47},{"not_picked":["Purity","Bandage Up"],"picked":"Apotheosis","floor":48}],"player_experience":435626,"potions_floor_usage":[6,14,24,28,28,45,50,50,50],"damage_taken":[{"damage":1,"enemies":"Cultist","floor":1,"turns":3},{"damage":6,"enemies":"Jaw Worm","floor":3,"turns":2},{"damage":0,"enemies":"Small Slimes","floor":4,"turns":2},{"damage":30,"enemies":"Lagavulin","floor":6,"turns":4},{"damage":10,"enemies":"Gremlin Nob","floor":10,"turns":3},{"damage":12,"enemies":"Exordium Wildlife","floor":11,"turns":4},{"damage":7,"enemies":"3 Louse","floor":12,"turns":3},{"damage":0,"enemies":"Red Slaver","floor":14,"turns":1},{"damage":52,"enemies":"Hexaghost","floor":16,"turns":5},{"damage":2,"enemies":"Shell Parasite","floor":18,"turns":2},{"damage":26,"enemies":"2 Thieves","floor":20,"turns":3},{"damage":25,"enemies":"Snake Plant","floor":22,"turns":3},{"damage":10,"enemies":"Snecko","floor":24,"turns":4},{"damage":0,"enemies":"Chosen and Byrds","floor":25,"turns":2},{"damage":5,"enemies":"3 Cultists","floor":28,"turns":3},{"damage":0,"enemies":"Cultist and Chosen","floor":29,"turns":4},{"damage":3,"enemies":"Chosen and Byrds","floor":31,"turns":2},{"damage":41,"enemies":"Collector","floor":33,"turns":5},{"damage":4,"enemies":"Orb Walker","floor":35,"turns":1},{"damage":7,"enemies":"3 Darklings","floor":37,"turns":1},{"damage":6,"enemies":"Spire Growth","floor":38,"turns":2},{"damage":11,"enemies":"Maw","floor":39,"turns":5},{"damage":46,"enemies":"Nemesis","floor":41,"turns":5},{"damage":15,"enemies":"3 Darklings","floor":42,"turns":4},{"damage":64,"enemies":"Flame Bruiser 2 Orb","floor":45,"turns":3},{"damage":34,"enemies":"Maw","floor":47,"turns":5},{"damage":74,"enemies":"Time Eater","floor":50,"turns":5}],"event_choices":[{"event_name":"Living Wall","player_choice":"Grow","floor":8,"damage_taken":0},{"event_name":"Ghosts","player_choice":"Ignored","floor":30,"damage_taken":0},{"event_name":"Winding Halls","player_choice":"Embrace Madness","floor":36,"damage_taken":0},{"event_name":"SensoryStone","player_choice":"Memory 1","floor":48,"damage_taken":0}],"boss_relics":[{"not_picked":["Snecko Eye","Astrolabe"],"picked":"Ectoplasm"},{"not_picked":["Eternal Feather","Mark of Pain"],"picked":"Cursed Key"}],"potions_floor_spawned":[1,4,10,18,22,24,25,35,42,45,47],"seed_played":"-7645328434506297722","killed_by":"Time Eater","ascension_level":0,"is_trial":false}