{"gold_per_floor":[212,36,36,211,211,211,227,227,253,31,70,94,118,152,152,276,276,289,289,122,137,156,156,200,200,200,130,174,174,174,190,190,309,309,330,330,348,34,59,59,102,102,180,196,196,211,211,234,234,234],"floor_reached":51,"playtime":3986,"items_purged":[],"score":883,"play_id":"5308c8de-b48c-4f82-887d-588d7ed3da9d","local_time":"20190913021043","is_ascension_mode":true,"campfire_choices":[{"floor":6,"key":"REST"},{"floor":15,"key":"REST"},{"floor":23,"key":"REST"},{"floor":25,"key":"RECALL"},{"floor":29,"key":"REST"},{"floor":32,"key":"REST"},{"data":"Catalyst","floor":40,"key":"SMITH"},{"data":"Acrobatics","floor":42,"key":"SMITH"},{"floor":45,"key":"REST"},{"floor":49,"key":"REST"}],"neow_cost":"NONE","seed_source_timestamp":48511142477400,"circlet_count":0,"master_deck":["Strike_G+1","Strike_G+1","Strike_G+1","Strike_G+1","Defend_G+1","Defend_G+1","Defend_G+1","Defend_G+1","Defend_G+1","Survivor","Neutralize","Deadly Poison","Deadly Poison","Quick Slash","Caltrops","Corpse Explosion+1","Distraction","Deadly Poison","Catalyst+1","Bullet Time","Noxious Fumes","Tools of the Trade","Flying Knee","Poisoned Stab","Noxious Fumes","Bane","Acrobatics+1","Flying Knee","Backflip","Skewer+1","Dodge and Roll+1","Outmaneuver","Poisoned Stab","Outmaneuver","Outmaneuver","Acrobatics","Quick Slash","Night Terror","Quick Slash","Bane+1","Blade Dance","Outmaneuver","Slice+1","Acrobatics","Dagger Spray+1","Dagger Spray+1","Outmaneuver+1","Noxious Fumes+1","PiercingWail+1","Sucker Punch+1","Predator+1","Acrobatics+1","Deadly Poison+1"],"relics":["Ring of the Serpent","Tiny Chest","Vajra","Golden Idol","Centennial Puzzle","Prayer Wheel","The Specimen","PreservedInsect","Bottled Lightning","Regal Pillow","Nilry\u0027s Codex","Sozu","FossilizedHelix","Lantern","Sundial"],"potions_floor_usage":[14,14,24,24,24,24,24,24],"damage_taken":[{"damage":0,"enemies":"Small Slimes","floor":1,"turns":5},{"damage":0,"enemies":"Jaw Worm","floor":7,"turns":4},{"damage":13,"enemies":"Lagavulin","floor":11,"turns":5},{"damage":3,"enemies":"2 Louse","floor":12,"turns":2},{"damage":10,"enemies":"Looter","floor":13,"turns":3},{"damage":18,"enemies":"Gremlin Nob","floor":14,"turns":3},{"damage":26,"enemies":"The Guardian","floor":16,"turns":7},{"damage":20,"enemies":"3 Byrds","floor":18,"turns":3},{"damage":22,"enemies":"2 Thieves","floor":21,"turns":3},{"damage":15,"enemies":"Snecko","floor":22,"turns":4},{"damage":46,"enemies":"Gremlin Leader","floor":24,"turns":5},{"damage":23,"enemies":"Book of Stabbing","floor":28,"turns":5},{"damage":16,"enemies":"Sentry and Sphere","floor":31,"turns":5},{"damage":55,"enemies":"Champ","floor":33,"turns":7},{"damage":18,"enemies":"3 Shapes","floor":35,"turns":4},{"damage":23,"enemies":"Orb Walker","floor":37,"turns":4},{"damage":38,"enemies":"Sphere and 2 Shapes","floor":39,"turns":4},{"damage":66,"enemies":"Nemesis","floor":41,"turns":7},{"damage":12,"enemies":"Jaw Worm Horde","floor":44,"turns":3},{"damage":25,"enemies":"Transient","floor":46,"turns":5},{"damage":0,"enemies":"Maw","floor":48,"turns":6},{"damage":63,"enemies":"Time Eater","floor":50,"turns":7}],"seed_played":"6121436767722021960","potions_obtained":[{"floor":1,"key":"Strength Potion"},{"floor":7,"key":"LiquidBronze"},{"floor":12,"key":"Explosive Potion"},{"floor":14,"key":"SneckoOil"},{"floor":21,"key":"EntropicBrew"},{"floor":28,"key":"SpeedPotion"},{"floor":31,"key":"Dexterity Potion"},{"floor":33,"key":"Ancient Potion"}],"is_trial":false,"path_per_floor":["M","$","?","?","?","R","M","?","T","$","E","M","M","E","R","B",null,"M","?","$","M","M","R","E","R","T","$","E","R","?","M","R","B",null,"M","?","M","$","M","R","E","R","T","M","R","M","?","M","R","B",null],"character_chosen":"THE_SILENT","items_purchased":["Tiny Chest","Deadly Poison","Centennial Puzzle","Caltrops","Noxious Fumes","Bane","Acrobatics","Poisoned Stab","Outmaneuver","FossilizedHelix","Acrobatics"],"campfire_rested":7,"item_purchase_floors":[2,2,10,10,20,20,20,27,27,38,38],"current_hp_per_floor":[70,70,67,67,50,70,70,63,63,63,50,47,37,19,40,14,70,50,50,50,28,13,34,42,42,42,42,19,55,39,23,59,4,70,52,52,29,29,50,50,52,52,52,40,70,45,45,45,70,69],"gold":234,"neow_bonus":"HUNDRED_GOLD","is_prod":false,"is_daily":false,"chose_seed":false,"campfire_upgraded":2,"win_rate":0,"timestamp":1568333443,"path_taken":["M","$","?","?","?","R","M","?","T","$","E","M","M","E","R","BOSS","M","?","$","M","M","R","E","R","T","$","E","R","?","M","R","BOSS","M","?","?","?","?","R","E","R","T","M","R","?","?","?","R","BOSS"],"build_version":"2019-07-17","purchased_purges":0,"victory":true,"max_hp_per_floor":[70,70,70,70,70,70,70,70,70,70,70,70,70,70,70,70,70,70,70,70,70,70,70,70,70,70,70,70,70,70,70,70,70,70,70,70,70,70,70,70,70,70,70,70,70,70,70,70,70,70],"card_choices":[{"not_picked":["Reflex","Predator"],"picked":"Deadly Poison","floor":1},{"not_picked":["Finisher","Masterful Stab"],"picked":"Quick Slash","floor":7},{"not_picked":["Dodge and Roll","Outmaneuver"],"picked":"Corpse Explosion","floor":11},{"not_picked":["Prepared","Dodge and Roll"],"picked":"Distraction","floor":12},{"not_picked":["Bane","Terror"],"picked":"Deadly Poison","floor":12},{"not_picked":["Slice","Blade Dance"],"picked":"Catalyst","floor":13},{"not_picked":["Bane","Choke"],"picked":"Bullet Time","floor":13},{"not_picked":["Quick Slash","Dodge and Roll"],"picked":"Noxious Fumes","floor":14},{"not_picked":["Bullet Time","Unload"],"picked":"Tools of the Trade","floor":16},{"not_picked":["Dagger Spray","Blade Dance"],"picked":"Flying Knee","floor":18},{"not_picked":["All Out Attack","Dagger Throw"],"picked":"Poisoned Stab","floor":18},{"not_picked":["Blade Dance","Quick Slash"],"picked":"Flying Knee","floor":21},{"not_picked":["Slice","Deflect+1"],"picked":"Backflip","floor":21},{"not_picked":["Reflex","Distraction"],"picked":"Skewer+1","floor":22},{"not_picked":["PiercingWail","Deflect"],"picked":"Dodge and Roll+1","floor":22},{"not_picked":["Catalyst+1","Prepared"],"picked":"Outmaneuver","floor":24},{"not_picked":["PiercingWail+1","Bane+1"],"picked":"Outmaneuver","floor":28},{"not_picked":["Glass Knife","Riddle With Holes+1"],"picked":"Acrobatics","floor":31},{"not_picked":["Heel Hook","All Out Attack+1"],"picked":"Quick Slash","floor":31},{"not_picked":["Phantasmal Killer","Malaise"],"picked":"Night Terror","floor":33},{"not_picked":["Deflect+1","Reflex"],"picked":"Quick Slash","floor":35},{"not_picked":["Calculated Gamble","Finisher+1"],"picked":"Bane+1","floor":35},{"not_picked":["Underhanded Strike","Slice+1"],"picked":"Outmaneuver","floor":37},{"not_picked":["All Out Attack","Blur+1"],"picked":"Slice+1","floor":37},{"not_picked":["Deflect","Dagger Throw"],"picked":"Dagger Spray+1","floor":39},{"not_picked":["Dash+1","Riddle With Holes"],"picked":"Dagger Spray+1","floor":39},{"not_picked":["All Out Attack","Backflip"],"picked":"Outmaneuver+1","floor":41},{"not_picked":["Acrobatics","Distraction+1"],"picked":"Noxious Fumes+1","floor":44},{"not_picked":["Dagger Spray+1","Heel Hook"],"picked":"PiercingWail+1","floor":44},{"not_picked":["Dagger Throw","Infinite Blades+1"],"picked":"Sucker Punch+1","floor":46},{"not_picked":["Endless Agony","Tools of the Trade"],"picked":"Predator+1","floor":46},{"not_picked":["Dodge and Roll","Tactician+1"],"picked":"Acrobatics+1","floor":48},{"not_picked":["Dagger Spray","Prepared"],"picked":"Deadly Poison+1","floor":48}],"player_experience":73234,"relics_obtained":[{"floor":11,"key":"Prayer Wheel"},{"floor":14,"key":"The Specimen"},{"floor":24,"key":"PreservedInsect"},{"floor":26,"key":"Bottled Lightning"},{"floor":28,"key":"Regal Pillow"},{"floor":30,"key":"Nilry\u0027s Codex"},{"floor":41,"key":"Lantern"},{"floor":43,"key":"Sundial"}],"event_choices":[{"damage_healed":0,"gold_gain":0,"player_choice":"Success","damage_taken":3,"relics_obtained":["Vajra"],"max_hp_gain":0,"max_hp_loss":0,"event_name":"Scrap Ooze","floor":3,"gold_loss":0},{"damage_healed":0,"gold_gain":175,"player_choice":"AGREE","damage_taken":0,"max_hp_gain":0,"max_hp_loss":0,"event_name":"Liars Game","floor":4,"gold_loss":0,"cards_obtained":["Doubt"]},{"damage_healed":0,"gold_gain":0,"player_choice":"Take Damage","damage_taken":17,"relics_obtained":["Golden Idol"],"max_hp_gain":0,"max_hp_loss":0,"event_name":"Golden Idol","floor":5,"gold_loss":0},{"cards_removed":["Doubt"],"damage_healed":0,"gold_gain":0,"player_choice":"Card Removal","damage_taken":7,"max_hp_gain":0,"max_hp_loss":0,"event_name":"Golden Wing","floor":8,"gold_loss":0},{"damage_healed":0,"gold_gain":0,"player_choice":"Simplicity","damage_taken":0,"max_hp_gain":0,"max_hp_loss":0,"event_name":"Back to Basics","floor":19,"gold_loss":0,"cards_upgraded":["Strike_G","Strike_G","Strike_G","Strike_G","Strike_G","Defend_G","Defend_G","Defend_G","Defend_G","Defend_G"]},{"damage_healed":0,"gold_gain":0,"player_choice":"Obtained Book","damage_taken":16,"max_hp_gain":0,"max_hp_loss":0,"event_name":"Cursed Tome","floor":30,"gold_loss":0},{"damage_healed":0,"gold_gain":0,"cards_transformed":["Strike_G"],"player_choice":"Transformed","damage_taken":0,"max_hp_gain":0,"max_hp_loss":0,"event_name":"Transmorgrifier","floor":36,"gold_loss":0,"cards_obtained":["Blade Dance"]},{"damage_healed":0,"gold_gain":0,"player_choice":"Upgraded","damage_taken":0,"max_hp_gain":0,"max_hp_loss":0,"event_name":"Upgrade Shrine","floor":47,"gold_loss":0,"cards_upgraded":["Corpse Explosion"]}],"is_beta":false,"boss_relics":[{"not_picked":["Cursed Key","Runic Dome"],"picked":"Ring of the Serpent"},{"not_picked":["Coffee Dripper","White Beast Statue"],"picked":"Sozu"}],"items_purged_floors":[],"is_endless":false,"potions_floor_spawned":[1,7,12,14,21,22,28,31,33,35,41,44],"ascension_level":1}