{"path_per_floor":["M","M","M","?","?","R","E","R","T","E","$","E","M","M","R","B",null,"M","?","M","M","$","R","E","R","T","E","R","M","?","E","R","B",null,"M","M","M","$","?","R","E","R","T","M","R","M","M","M","R","B"],"character_chosen":"THE_SILENT","items_purchased":["Mummified Hand","Escape Plan","Malaise","Noxious Fumes","Mango","PowerPotion"],"gold_per_floor":[118,129,144,144,219,219,247,247,247,282,0,326,336,353,353,449,449,466,466,449,459,5,5,36,36,36,66,66,82,7,38,38,143,143,162,177,191,64,64,64,92,92,92,109,109,127,142,162,162,162],"floor_reached":51,"campfire_rested":1,"playtime":7243,"current_hp_per_floor":[63,63,61,61,50,50,41,41,41,24,24,12,13,14,35,21,58,58,35,35,34,48,48,47,47,47,48,48,49,49,26,26,18,41,49,45,48,48,42,42,32,32,32,28,28,41,49,49,49,31],"items_purged":["Dagger Throw"],"gold":162,"score":1171,"play_id":"9fa38082-535d-49c1-8760-35affd52a033","local_time":"20180510105419","is_prod":false,"is_daily":false,"chose_seed":false,"is_ascension_mode":true,"campfire_upgraded":5,"timestamp":1525974859,"path_taken":["M","M","M","?","?","R","E","R","T","E","$","E","?","M","R","BOSS","M","?","M","M","$","R","E","R","T","E","R","M","?","E","R","BOSS","M","?","M","$","?","R","E","R","T","M","R","M","M","?","R","BOSS"],"build_version":"2018-05-09","seed_source_timestamp":0,"purchased_purges":1,"victory":true,"master_deck":["Survivor","Neutralize+1","AscendersBane","Well Laid Plans","Endless Agony","Deflect","Wraith Form v2+1","Sucker Punch","Escape Plan","Caltrops","Blur","Bouncing Flask","Adrenaline","Sucker Punch+1","Ghostly","Ghostly","Ghostly","Ghostly","Ghostly","Backstab","Tools of the Trade","Malaise+1","Noxious Fumes+1","Doppelganger+1","Prepared","Blade Dance+1","Prepared+1","Doppelganger","PiercingWail","Flying Knee","Deadly Poison","Flying Knee","Dagger Throw","Finisher","Riddle With Holes","Deflect","Noxious Fumes+1","Madness","Madness","Well Laid Plans+1","PiercingWail+1","Dash+1","Outmaneuver+1"],"max_hp_per_floor":[70,70,70,70,70,70,70,70,70,70,70,70,70,70,70,70,70,70,35,35,35,49,49,49,49,49,49,49,49,49,49,49,49,49,49,49,49,49,49,49,49,49,49,49,49,49,49,49,49,49],"relics":["Ring of the Snake","Shovel","Pen Nib","Ice Cream","Blood Vial","Mummified Hand","Old Coin","Philosopher\u0027s Stone","Mango","Bag of Preparation","Bottled Flame","Prayer Wheel","Oddly Smooth Stone","Bird Faced Urn","Pandora\u0027s Box","Kunai","Regal Pillow","Turnip","Toxic Egg 2","Torii","Vajra"],"card_choices":[{"not_picked":["Outmaneuver","Sucker Punch"],"picked":"Well Laid Plans","floor":1.0},{"not_picked":["Escape Plan","Dagger Spray"],"picked":"Endless Agony","floor":2.0},{"not_picked":["Skewer","Setup"],"picked":"Deflect","floor":3.0},{"not_picked":["Quick Slash","Dagger Spray"],"picked":"Wraith Form v2","floor":7.0},{"not_picked":["Corpse Explosion","Quick Slash"],"picked":"Sucker Punch","floor":10.0},{"not_picked":["Dagger Throw","PiercingWail"],"picked":"Caltrops","floor":12.0},{"not_picked":["Quick Slash","Riddle With Holes"],"picked":"Blur","floor":13.0},{"not_picked":["Accuracy","Slice"],"picked":"Bouncing Flask","floor":14.0},{"not_picked":["Unload","Envenom"],"picked":"Adrenaline","floor":16.0},{"not_picked":["Underhanded Strike","Acrobatics"],"picked":"Sucker Punch","floor":18.0},{"not_picked":["PiercingWail","Underhanded Strike"],"picked":"Backstab","floor":20.0},{"not_picked":["Cloak And Dagger","Dodge and Roll"],"picked":"Tools of the Trade","floor":21.0},{"not_picked":["Quick Slash","Skewer"],"picked":"Doppelganger","floor":24.0},{"not_picked":["Sucker Punch","Quick Slash"],"picked":"Prepared","floor":27.0},{"not_picked":["Poisoned Stab","Deflect"],"picked":"Blade Dance","floor":29.0},{"not_picked":["Escape Plan","Calculated Gamble"],"picked":"Prepared","floor":31.0},{"not_picked":["Unload","Tactician"],"picked":"Doppelganger","floor":33},{"not_picked":["Poisoned Stab","Well Laid Plans"],"picked":"Noxious Fumes","floor":35},{"not_picked":["Backflip","Blur"],"picked":"Well Laid Plans","floor":41},{"not_picked":["Underhanded Strike","All Out Attack"],"picked":"PiercingWail","floor":43},{"not_picked":["Accuracy","Bouncing Flask"],"picked":"Dash","floor":46},{"not_picked":["Dagger Throw","PiercingWail"],"picked":"Outmaneuver","floor":48}],"player_experience":642467,"potions_floor_usage":[36,50,50],"damage_taken":[{"damage":0.0,"enemies":"Small Slimes","floor":1.0,"turns":3.0},{"damage":0.0,"enemies":"Cultist","floor":2.0,"turns":4.0},{"damage":2.0,"enemies":"Jaw Worm","floor":3.0,"turns":4.0},{"damage":9.0,"enemies":"3 Sentries","floor":7.0,"turns":13.0},{"damage":17.0,"enemies":"Lagavulin","floor":10.0,"turns":11.0},{"damage":14.0,"enemies":"3 Sentries","floor":12.0,"turns":9.0},{"damage":1.0,"enemies":"Exordium Wildlife","floor":13.0,"turns":4.0},{"damage":1.0,"enemies":"Gremlin Gang","floor":14.0,"turns":5.0},{"damage":16.0,"enemies":"Slime Boss","floor":16.0,"turns":11.0},{"damage":2.0,"enemies":"Spheric Guardian","floor":18.0,"turns":6.0},{"damage":0.0,"enemies":"2 Thieves","floor":20.0,"turns":5.0},{"damage":1.0,"enemies":"Centurion and Healer","floor":21.0,"turns":10.0},{"damage":2.0,"enemies":"Gremlin Leader","floor":24.0,"turns":9.0},{"damage":1.0,"enemies":"Book of Stabbing","floor":27.0,"turns":8.0},{"damage":0.0,"enemies":"Snake Plant","floor":29.0,"turns":7.0},{"damage":23.0,"enemies":"Gremlin Leader","floor":31.0,"turns":10.0},{"damage":18,"enemies":"Champ","floor":33,"turns":15},{"damage":2,"enemies":"Orb Walker","floor":35,"turns":4},{"damage":4,"enemies":"3 Darklings","floor":36,"turns":4},{"damage":5,"enemies":"4 Shapes","floor":37,"turns":5},{"damage":21,"enemies":"2 Orb Walkers","floor":41,"turns":8},{"damage":18,"enemies":"Maw","floor":44,"turns":8},{"damage":1,"enemies":"Sphere and 2 Shapes","floor":46,"turns":6},{"damage":3,"enemies":"Spire Growth","floor":47,"turns":6},{"damage":0,"enemies":"3 Darklings","floor":48,"turns":3},{"damage":18,"enemies":"Time Eater","floor":50,"turns":11}],"event_choices":[{"event_name":"Wheel of Change","player_choice":"Relic","floor":4.0,"damage_taken":0.0},{"event_name":"World of Goop","player_choice":"Gather Gold","floor":5.0,"damage_taken":0.0},{"event_name":"Ghosts","player_choice":"Became a Ghost","floor":19.0,"damage_taken":0.0},{"event_name":"Beggar","player_choice":"Gave Gold","floor":30.0,"damage_taken":0.0},{"event_name":"Winding Halls","player_choice":"Embrace Madness","floor":39,"damage_taken":0}],"boss_relics":[{"not_picked":["White Beast Statue","Tiny House"],"picked":"Pandora\u0027s Box"}],"potions_floor_spawned":[1,7,10,16,20,21,27,29,31,35,37,44],"seed_played":"7262251622399469362","ascension_level":11,"is_trial":false}