{"gold_per_floor":[113,123,136,136,136,136,164,177,203,203],"floor_reached":10,"playtime":227,"items_purged":[],"score":68,"play_id":"ce2264a3-c3c0-4af2-be71-c1f48957a3b6","local_time":"20190912170222","is_ascension_mode":false,"campfire_choices":[{"data":"Bash","floor":6,"key":"SMITH"}],"neow_cost":"NONE","seed_source_timestamp":2292665340818400,"circlet_count":0,"master_deck":["Strike_R","Strike_R","Strike_R","Strike_R","Strike_R","Defend_R","Defend_R","Defend_R","Bash+1"],"relics":["Burning Blood","Art of War","Red Skull","Boot"],"potions_floor_usage":[],"damage_taken":[{"damage":6,"enemies":"Cultist","floor":1,"turns":3},{"damage":17,"enemies":"Small Slimes","floor":2,"turns":3},{"damage":12,"enemies":"2 Louse","floor":3,"turns":3},{"damage":49,"enemies":"3 Sentries","floor":7,"turns":8},{"damage":35,"enemies":"Exordium Thugs","floor":8,"turns":5},{"damage":24,"enemies":"Blue Slaver","floor":10,"turns":2}],"seed_played":"-4707010425150886956","potions_obtained":[{"floor":8,"key":"Poison Potion"}],"is_trial":false,"path_per_floor":["M","M","M","?","?","R","E","M","T","M"],"character_chosen":"IRONCLAD","items_purchased":[],"campfire_rested":0,"item_purchase_floors":[],"current_hp_per_floor":[80,69,63,51,90,90,47,18,18,0],"gold":203,"neow_bonus":"TRANSFORM_CARD","is_prod":false,"is_daily":false,"chose_seed":false,"campfire_upgraded":1,"win_rate":0,"timestamp":1568322142,"path_taken":["M","M","?","?","?","R","E","M","T","?"],"build_version":"2019-07-17","purchased_purges":0,"victory":false,"max_hp_per_floor":[80,80,80,80,90,90,90,90,90,90],"card_choices":[{"not_picked":["Sword Boomerang","Shrug It Off","Second Wind"],"picked":"SKIP","floor":1},{"not_picked":["Burning Pact","Cleave","Power Through"],"picked":"SKIP","floor":2},{"not_picked":["Cleave","Dual Wield","Uppercut"],"picked":"SKIP","floor":3},{"not_picked":["Thunderclap","Fire Breathing","Anger"],"picked":"SKIP","floor":7},{"not_picked":["Fire Breathing","Flame Barrier","Flex"],"picked":"SKIP","floor":8}],"player_experience":394438,"relics_obtained":[{"floor":7,"key":"Red Skull"},{"floor":9,"key":"Boot"}],"event_choices":[{"damage_healed":0,"gold_gain":0,"player_choice":"Success","damage_taken":12,"relics_obtained":["Art of War"],"max_hp_gain":0,"max_hp_loss":0,"event_name":"Scrap Ooze","floor":4,"gold_loss":0},{"cards_removed":["Dark Embrace"],"damage_healed":29,"gold_gain":0,"player_choice":"Offered Rare","damage_taken":0,"max_hp_gain":10,"max_hp_loss":0,"event_name":"Bonfire Elementals","floor":5,"gold_loss":0}],"is_beta":false,"boss_relics":[],"items_purged_floors":[],"is_endless":false,"potions_floor_spawned":[8],"killed_by":"Blue Slaver","ascension_level":0}