{"gold_per_floor":[117,66,6,23,35,68,68,68,150,160,160,0,10,10,10,81,81,94,94,9,25,25,25,25,37,37,37,37,37,37,127,127,127],"floor_reached":33,"playtime":867,"items_purged":[],"score":482,"play_id":"343d2897-f8ae-4b75-a234-9f25896a7b58","local_time":"20190915000934","is_ascension_mode":true,"campfire_choices":[{"data":"Perfected Strike","floor":8.0,"key":"SMITH"},{"data":"Bash","floor":15.0,"key":"SMITH"},{"floor":23.0,"key":"REST"},{"data":"Armaments","floor":27.0,"key":"SMITH"},{"floor":30.0,"key":"REST"},{"floor":32.0,"key":"REST"}],"neow_cost":"NONE","seed_source_timestamp":0,"circlet_count":0,"master_deck":["AscendersBane","Strike_R","Strike_R","Strike_R","Defend_R","Defend_R","Defend_R","Defend_R","Bash+1","Deep Breath","Perfected Strike+1","Thunderclap","Ghostly Armor","Feel No Pain+1","Pommel Strike","Juggernaut+1","Ghostly Armor","Dual Wield","Armaments+1","True Grit+1"],"special_seed":0,"relics":["Black Blood","Orichalcum","Lizard Tail","Frozen Egg 2","Omamori","CultistMask","Ancient Tea Set","Necronomicon","TungstenRod","Sundial"],"potions_floor_usage":[33,33],"damage_taken":[{"damage":7.0,"enemies":"Cultist","floor":1.0,"turns":4.0},{"damage":4.0,"enemies":"Small Slimes","floor":4.0,"turns":3.0},{"damage":1.0,"enemies":"2 Louse","floor":5.0,"turns":2.0},{"damage":38.0,"enemies":"Gremlin Nob","floor":6.0,"turns":5.0},{"damage":8.0,"enemies":"Exordium Thugs","floor":10.0,"turns":4.0},{"damage":2.0,"enemies":"2 Fungi Beasts","floor":13.0,"turns":3.0},{"damage":37.0,"enemies":"The Guardian","floor":16.0,"turns":9.0},{"damage":37.0,"enemies":"Spheric Guardian","floor":18.0,"turns":6.0},{"damage":3.0,"enemies":"Chosen","floor":21.0,"turns":5.0},{"damage":28.0,"enemies":"Snake Plant","floor":25.0,"turns":4.0},{"damage":114,"enemies":"Automaton","floor":33,"turns":10}],"seed_played":"6325793981267085133","potions_obtained":[{"floor":4.0,"key":"LiquidBronze"},{"floor":5.0,"key":"EssenceOfSteel"},{"floor":16.0,"key":"AttackPotion"}],"is_trial":false,"path_per_floor":["M","$","?","M","M","E","?","R","T","M","?","$","M","?","R","B",null,"M","?","?","M","?","R","T","M","T","R","?","$","R","?","R","B"],"character_chosen":"IRONCLAD","items_purchased":["Thunderclap","Omamori"],"campfire_rested":3,"item_purchase_floors":[2,12],"current_hp_per_floor":[67,67,67,69,74,42,42,42,42,40,65,65,69,69,69,38,66,41,41,41,50,29,51,51,35,35,35,35,35,57,33,55,0],"gold":127,"neow_bonus":"RANDOM_COLORLESS","is_prod":false,"is_daily":false,"chose_seed":false,"campfire_upgraded":3,"win_rate":0,"timestamp":1568524174,"path_taken":["M","$","?","M","?","E","?","R","T","M","?","$","M","?","R","BOSS","M","?","?","M","?","R","?","M","T","R","?","$","R","?","R","BOSS"],"build_version":"2019-09-12","purchased_purges":0,"victory":false,"max_hp_per_floor":[75,75,75,75,75,75,75,75,75,75,75,75,75,75,75,75,75,75,75,75,75,75,75,75,75,75,75,75,75,75,75,75,75],"card_choices":[{"not_picked":["Rage","Twin Strike"],"picked":"Perfected Strike","floor":1.0},{"not_picked":["Iron Wave","Rage","Sentinel"],"picked":"SKIP","floor":4.0},{"not_picked":["Havoc","Rampage"],"picked":"Ghostly Armor","floor":5.0},{"not_picked":["Anger","Rampage","Burning Pact"],"picked":"SKIP","floor":6.0},{"not_picked":["Headbutt","Rage"],"picked":"Feel No Pain+1","floor":10.0},{"not_picked":["True Grit","Metallicize+1"],"picked":"Pommel Strike","floor":13.0},{"not_picked":["Berserk+1","Immolate"],"picked":"Juggernaut+1","floor":16.0},{"not_picked":["Evolve+1","Iron Wave+1","Bloodletting+1"],"picked":"SKIP","floor":18.0},{"not_picked":["Anger","Twin Strike"],"picked":"Armaments","floor":21.0},{"not_picked":["Shrug It Off","Wild Strike+1"],"picked":"True Grit+1","floor":25.0}],"player_experience":1324494,"relics_obtained":[{"floor":6.0,"key":"Lizard Tail"},{"floor":9.0,"key":"Frozen Egg 2"},{"floor":22.0,"key":"Necronomicon"},{"floor":24.0,"key":"TungstenRod"},{"floor":26.0,"key":"Sundial"}],"event_choices":[{"damage_healed":0.0,"max_hp_gain":0.0,"max_hp_loss":0.0,"gold_gain":0.0,"event_name":"WeMeetAgain","player_choice":"Paid Gold","floor":3.0,"gold_loss":60.0,"damage_taken":0.0,"relics_obtained":["Orichalcum"]},{"damage_healed":0.0,"max_hp_gain":0.0,"max_hp_loss":0.0,"gold_gain":0.0,"event_name":"Golden Wing","player_choice":"Ignored","floor":7.0,"gold_loss":0.0,"damage_taken":0.0},{"damage_healed":25.0,"max_hp_gain":0.0,"max_hp_loss":0.0,"gold_gain":0.0,"event_name":"Big Fish","player_choice":"Banana","floor":11.0,"gold_loss":0.0,"damage_taken":0.0},{"damage_healed":0.0,"max_hp_gain":0.0,"max_hp_loss":0.0,"gold_gain":0.0,"event_name":"FaceTrader","player_choice":"Trade","floor":14.0,"gold_loss":0.0,"damage_taken":0.0,"relics_obtained":["CultistMask"]},{"damage_healed":0.0,"max_hp_gain":0.0,"max_hp_loss":0.0,"gold_gain":0.0,"cards_transformed":["Strike_R","Strike_R"],"event_name":"Drug Dealer","player_choice":"Became Test Subject","floor":19.0,"gold_loss":0.0,"damage_taken":0.0,"cards_obtained":["Ghostly Armor","Dual Wield"]},{"damage_healed":0.0,"max_hp_gain":0.0,"max_hp_loss":0.0,"gold_gain":0.0,"event_name":"Addict","player_choice":"Obtained Relic","floor":20.0,"gold_loss":85.0,"damage_taken":0.0,"relics_obtained":["Ancient Tea Set"]},{"damage_healed":0.0,"max_hp_gain":0.0,"max_hp_loss":0.0,"gold_gain":0.0,"event_name":"Cursed Tome","player_choice":"Obtained Book","floor":22.0,"gold_loss":0.0,"damage_taken":21.0},{"damage_healed":0.0,"max_hp_gain":0.0,"max_hp_loss":0.0,"gold_gain":0.0,"event_name":"Vampires","player_choice":"Ignored","floor":28.0,"gold_loss":0.0,"damage_taken":0.0},{"damage_healed":0.0,"max_hp_gain":0.0,"max_hp_loss":0.0,"gold_gain":90.0,"event_name":"Knowing Skull","player_choice":"POTION POTION GOLD ","floor":31.0,"potions_obtained":["GamblersBrew","FearPotion"],"gold_loss":0.0,"damage_taken":28.0,"cards_obtained":[]}],"is_beta":true,"boss_relics":[{"not_picked":["Fusion Hammer","Calling Bell"],"picked":"Black Blood"}],"items_purged_floors":[],"is_endless":false,"potions_floor_spawned":[4,5,6,10,16],"killed_by":"Automaton","ascension_level":20}