{"gold_per_floor":[110,121,135,135,60,60,70,83,106,123,137,155,167,181,181,181],"floor_reached":16,"playtime":788,"items_purged":["Bash"],"score":100,"play_id":"dcebac07-4063-4aa1-b28e-5b1796852481","local_time":"20190913224502","is_ascension_mode":false,"campfire_choices":[{"data":"Searing Blow+1","floor":6,"key":"SMITH"},{"floor":15,"key":"REST"}],"neow_cost":"NONE","seed_source_timestamp":2399065789419300,"circlet_count":0,"master_deck":["Ghostly Armor","Exhume","Sentinel","Clothesline","Sever Soul","Clash","Infernal Blade","Cleave","Dual Wield","Havoc","Searing Blow+2","Feel No Pain","Barricade","Double Tap"],"relics":["Pandora\u0027s Box"],"potions_floor_usage":[13,14,16,16,16],"damage_taken":[{"damage":1,"enemies":"Jaw Worm","floor":1,"turns":2},{"damage":0,"enemies":"Cultist","floor":2,"turns":1},{"damage":12,"enemies":"Small Slimes","floor":3,"turns":2},{"damage":0,"enemies":"Blue Slaver","floor":7,"turns":2},{"damage":10,"enemies":"Exordium Thugs","floor":8,"turns":4},{"damage":11,"enemies":"Lots of Slimes","floor":10,"turns":4},{"damage":0,"enemies":"Red Slaver","floor":11,"turns":2},{"damage":0,"enemies":"Looter","floor":12,"turns":2},{"damage":0,"enemies":"Lots of Slimes","floor":13,"turns":3},{"damage":9,"enemies":"2 Fungi Beasts","floor":14,"turns":2},{"damage":62,"enemies":"Hexaghost","floor":16,"turns":9}],"seed_played":"-3593744555845049973","potions_obtained":[{"floor":2,"key":"SpeedPotion"},{"floor":7,"key":"FearPotion"},{"floor":12,"key":"EssenceOfSteel"},{"floor":13,"key":"GamblersBrew"},{"floor":14,"key":"SpeedPotion"}],"is_trial":false,"path_per_floor":["M","M","M","?","$","R","M","M","T","M","M","M","M","M","R","B"],"character_chosen":"IRONCLAD","items_purchased":[],"campfire_rested":1,"item_purchase_floors":[],"current_hp_per_floor":[79,79,67,67,67,67,67,57,57,46,46,46,46,37,61,0],"gold":181,"neow_bonus":"BOSS_RELIC","is_prod":false,"is_daily":false,"chose_seed":false,"campfire_upgraded":1,"win_rate":0,"timestamp":1568429102,"path_taken":["M","M","M","?","?","R","M","M","T","M","M","M","M","M","R","BOSS"],"build_version":"2019-07-17","purchased_purges":1,"victory":false,"max_hp_per_floor":[80,80,80,80,80,80,80,80,80,80,80,80,80,80,80,80],"card_choices":[{"not_picked":["Sword Boomerang","Headbutt"],"picked":"Havoc","floor":1},{"not_picked":["Clothesline","Blood for Blood"],"picked":"Searing Blow","floor":2},{"not_picked":["Sword Boomerang","Cleave","Fire Breathing"],"picked":"SKIP","floor":3},{"not_picked":["Twin Strike","Corruption"],"picked":"Feel No Pain","floor":7},{"not_picked":["Fire Breathing","Warcry"],"picked":"Barricade","floor":8},{"not_picked":["Sword Boomerang","Pommel Strike","Flex"],"picked":"SKIP","floor":10},{"not_picked":["Flex","Heavy Blade","Havoc"],"picked":"SKIP","floor":11},{"not_picked":["Heavy Blade","Havoc","Headbutt"],"picked":"SKIP","floor":12},{"not_picked":["Evolve","Warcry"],"picked":"Double Tap","floor":13},{"not_picked":["Thunderclap","Combust","Flex"],"picked":"SKIP","floor":14}],"player_experience":418250,"relics_obtained":[],"event_choices":[{"damage_healed":0,"gold_gain":0,"player_choice":"Upgraded","damage_taken":0,"max_hp_gain":0,"max_hp_loss":0,"event_name":"Upgrade Shrine","floor":4,"gold_loss":0,"cards_upgraded":["Searing Blow"]}],"is_beta":false,"boss_relics":[],"items_purged_floors":[5],"is_endless":false,"potions_floor_spawned":[2,7,12,13,14],"killed_by":"Hexaghost","ascension_level":0}