{"gold_per_floor":[111,111,111,129,4,4,30,130,177,211,211,230,246,263,263,340,340,350,350,21,53,69,69,101,101,101,129,143,143,153,187,187,262,262,278,35,35,45,59,11,11,39,39,49,49,149,176,187,187,187],"floor_reached":51,"playtime":4054,"items_purged":["Strike_B"],"score":1449,"play_id":"c766b601-f067-442c-9b73-0faf3e43c394","local_time":"20190829000755","is_ascension_mode":true,"campfire_choices":[{"data":"Defragment","floor":6,"key":"SMITH"},{"floor":11,"key":"REST"},{"data":"Loop","floor":15,"key":"SMITH"},{"data":"Self Repair","floor":23,"key":"SMITH"},{"data":"Tempest","floor":32,"key":"SMITH"},{"data":"Fission","floor":41,"key":"SMITH"},{"data":"Hologram","floor":45,"key":"SMITH"},{"data":"Consume","floor":49,"key":"SMITH"}],"neow_cost":"PERCENT_DAMAGE","seed_source_timestamp":885923922866209,"circlet_count":0,"master_deck":["AscendersBane","Zap","Dualcast","Cold Snap","Chill","Defragment+1","Sweeping Beam","Ball Lightning","Conserve Battery","Ball Lightning","Echo Form","Loop+1","Amplify","Self Repair+1","Chaos","Glacier","Sunder+1","Storm+1","Loop+1","Force Field+1","Go for the Eyes+1","Ghostly","Ghostly","Ghostly","Ghostly","Ghostly","Tempest+1","BootSequence","Fission+1","Tempest","Defragment+1","Scrape+1","Hologram+1","Coolheaded+1","Go for the Eyes+1","Leap+1","Conserve Battery+1","Hologram+1","Consume+1","Tempest+1","Thunder Strike+1"],"relics":["Cracked Core","Cables","Question Card","Art of War","Oddly Smooth Stone","Mercury Hourglass","Coffee Dripper","Frozen Egg 2","Red Mask","StoneCalendar","Molten Egg 2","Ice Cream","Bottled Tornado","Pandora\u0027s Box","Runic Capacitor","Gremlin Horn","Ancient Tea Set","Mango","Ornamental Fan"],"potions_floor_usage":[10,18,39,42,50],"damage_taken":[{"damage":0,"enemies":"Cultist","floor":1,"turns":3},{"damage":0,"enemies":"2 Louse","floor":4,"turns":2},{"damage":10,"enemies":"3 Sentries","floor":7,"turns":8},{"damage":19,"enemies":"Gremlin Nob","floor":10,"turns":4},{"damage":0,"enemies":"Small Slimes","floor":12,"turns":2},{"damage":0,"enemies":"Red Slaver","floor":13,"turns":2},{"damage":1,"enemies":"Looter","floor":14,"turns":2},{"damage":2,"enemies":"The Guardian","floor":16,"turns":8},{"damage":8,"enemies":"3 Byrds","floor":18,"turns":3},{"damage":7,"enemies":"Masked Bandits","floor":21,"turns":5},{"damage":2,"enemies":"2 Thieves","floor":22,"turns":4},{"damage":14,"enemies":"Book of Stabbing","floor":24,"turns":6},{"damage":0,"enemies":"Gremlin Leader","floor":27,"turns":4},{"damage":3,"enemies":"Shelled Parasite and Fungi","floor":28,"turns":4},{"damage":1,"enemies":"Cultist and Chosen","floor":30,"turns":5},{"damage":3,"enemies":"Slavers","floor":31,"turns":4},{"damage":0,"enemies":"Automaton","floor":33,"turns":7},{"damage":0,"enemies":"3 Shapes","floor":35,"turns":3},{"damage":11,"enemies":"3 Darklings","floor":38,"turns":4},{"damage":18,"enemies":"4 Shapes","floor":39,"turns":4},{"damage":0,"enemies":"Reptomancer","floor":42,"turns":5},{"damage":1,"enemies":"Transient","floor":44,"turns":5},{"damage":0,"enemies":"Mind Bloom Boss Battle","floor":46,"turns":5},{"damage":0,"enemies":"Giant Head","floor":47,"turns":5},{"damage":0,"enemies":"Spire Growth","floor":48,"turns":3},{"damage":8,"enemies":"Awakened One","floor":50,"turns":9}],"seed_played":"2085563660313871639","potions_obtained":[{"floor":1,"key":"Fire Potion"},{"floor":4,"key":"EssenceOfSteel"},{"floor":16,"key":"Strength Potion"},{"floor":18,"key":"Weak Potion"},{"floor":33,"key":"LiquidBronze"},{"floor":42,"key":"Regen Potion"}],"is_trial":false,"path_per_floor":["M","T","?","M","$","R","E","?","T","E","R","M","M","M","R","B",null,"M","?","$","?","M","R","E","?","T","E","M","?","M","E","R","B",null,"M","$","?","M","M","$","R","E","T","M","R","?","E","M","R","B",null],"character_chosen":"DEFECT","items_purchased":["Defragment","Sweeping Beam","Frozen Egg 2","Runic Capacitor","Go for the Eyes+1","Swift Potion"],"campfire_rested":1,"item_purchase_floors":[5,5,20,36,36,40],"current_hp_per_floor":[64,64,52,52,52,52,42,42,42,23,49,49,49,48,48,46,78,70,70,70,70,68,68,74,89,89,89,89,44,44,44,44,44,44,44,44,44,33,35,35,35,44,44,44,44,58,58,58,58,50],"gold":187,"neow_bonus":"TWENTY_PERCENT_HP_BONUS","is_prod":false,"is_daily":false,"chose_seed":false,"campfire_upgraded":7,"win_rate":0,"timestamp":1567051675,"path_taken":["M","?","?","M","$","R","E","?","T","E","R","?","M","M","R","BOSS","M","?","$","?","M","R","E","?","T","E","?","?","M","E","R","BOSS","M","$","?","?","?","$","R","E","T","M","R","?","E","M","R","BOSS"],"build_version":"2019-07-17","purchased_purges":1,"victory":true,"max_hp_per_floor":[89,89,89,89,89,89,89,89,89,89,89,89,89,89,89,89,89,89,89,89,89,89,89,89,89,89,89,89,44,44,44,44,44,44,44,44,44,44,44,44,44,44,44,44,44,58,58,58,58,58],"card_choices":[{"not_picked":["Stack","Rebound"],"picked":"Cold Snap","floor":1},{"not_picked":["Streamline","Barrage","Stack"],"picked":"Chill","floor":4},{"not_picked":["Blizzard","Go for the Eyes","Fission"],"picked":"Ball Lightning","floor":7},{"not_picked":["Streamline","Beam Cell","Turbo"],"picked":"Conserve Battery","floor":10},{"not_picked":["Coolheaded","Hologram","Aggregate"],"picked":"Ball Lightning","floor":12},{"not_picked":["Cold Snap","Glacier","Rebound"],"picked":"Echo Form","floor":13},{"not_picked":["Beam Cell","Lockon","Aggregate"],"picked":"Loop","floor":14},{"not_picked":["Echo Form","All For One","Core Surge"],"picked":"Amplify","floor":16},{"not_picked":["Beam Cell","Sweeping Beam","Ball Lightning"],"picked":"Self Repair","floor":18},{"not_picked":["Stack","Skim","Turbo"],"picked":"Sunder+1","floor":21},{"not_picked":["Coolheaded","Rebound","Streamline"],"picked":"Storm+1","floor":22},{"not_picked":["Ball Lightning","Scrape","Storm+1"],"picked":"Loop+1","floor":24},{"not_picked":["Stack","Ball Lightning+1","Sunder+1"],"picked":"Force Field+1","floor":27},{"not_picked":["Coolheaded","Steam Power+1","Rip and Tear+1"],"picked":"Go for the Eyes+1","floor":28},{"not_picked":["Ball Lightning+1","Hologram","Genetic Algorithm"],"picked":"Tempest","floor":30},{"not_picked":["Machine Learning+1","Streamline+1","Barrage+1"],"picked":"BootSequence","floor":31},{"not_picked":["Seek","All For One+1","Machine Learning+1"],"picked":"Fission","floor":33},{"not_picked":["Gash+1","Go for the Eyes+1","Undo+1"],"picked":"Coolheaded+1","floor":35},{"not_picked":["Streamline+1","Gash+1","Turbo","Ball Lightning+1"],"picked":"SKIP","floor":38},{"not_picked":["Defragment+1","Streamline+1","Steam+1"],"picked":"Leap+1","floor":39},{"not_picked":["Creative AI+1","Go for the Eyes+1","Skim"],"picked":"Conserve Battery+1","floor":42},{"not_picked":["Steam+1","Rebound+1","Stack"],"picked":"Hologram+1","floor":44},{"not_picked":["White Noise","Steam","Compile Driver+1"],"picked":"Consume","floor":46},{"not_picked":["Hello World+1","Darkness+1","Streamline+1"],"picked":"Tempest+1","floor":47},{"not_picked":["White Noise","Consume+1","Hologram+1"],"picked":"Thunder Strike+1","floor":48}],"player_experience":517356,"relics_obtained":[{"floor":2,"key":"Cables"},{"floor":7,"key":"Art of War"},{"floor":9,"key":"Oddly Smooth Stone"},{"floor":10,"key":"Mercury Hourglass"},{"floor":21,"key":"Red Mask"},{"floor":24,"key":"StoneCalendar"},{"floor":26,"key":"Molten Egg 2"},{"floor":27,"key":"Ice Cream"},{"floor":31,"key":"Bottled Tornado"},{"floor":42,"key":"Gremlin Horn"},{"floor":43,"key":"Ancient Tea Set"},{"floor":46,"key":"Mango"},{"floor":47,"key":"Ornamental Fan"}],"event_choices":[{"damage_healed":0,"gold_gain":0,"player_choice":"Success","damage_taken":12,"relics_obtained":["Question Card"],"max_hp_gain":0,"max_hp_loss":0,"event_name":"Scrap Ooze","floor":3,"gold_loss":0},{"damage_healed":0,"gold_gain":100,"player_choice":"Pray","damage_taken":0,"max_hp_gain":0,"max_hp_loss":0,"event_name":"Golden Shrine","floor":8,"gold_loss":0},{"damage_healed":0,"gold_gain":0,"cards_transformed":["Strike_B","Strike_B"],"player_choice":"Became Test Subject","damage_taken":0,"max_hp_gain":0,"max_hp_loss":0,"event_name":"Drug Dealer","floor":19,"gold_loss":0,"cards_obtained":["Chaos","Glacier"]},{"damage_healed":0,"gold_gain":0,"player_choice":"Fought Bandits","damage_taken":0,"max_hp_gain":0,"max_hp_loss":0,"event_name":"Masked Bandits","floor":21,"gold_loss":0},{"damage_healed":15,"gold_gain":0,"player_choice":"Full Heal","damage_taken":0,"max_hp_gain":0,"max_hp_loss":0,"event_name":"Wheel of Change","floor":25,"gold_loss":0},{"damage_healed":0,"gold_gain":0,"player_choice":"Became a Ghost","damage_taken":0,"max_hp_gain":0,"max_hp_loss":45,"event_name":"Ghosts","floor":29,"gold_loss":0,"cards_obtained":["Ghostly","Ghostly","Ghostly","Ghostly","Ghostly"]},{"cards_removed":["Darkness"],"damage_healed":0,"gold_gain":0,"player_choice":"Card Removal","damage_taken":0,"max_hp_gain":0,"max_hp_loss":0,"event_name":"Wheel of Change","floor":37,"gold_loss":0},{"damage_healed":0,"gold_gain":0,"player_choice":"Fight","damage_taken":0,"max_hp_gain":0,"max_hp_loss":0,"event_name":"MindBloom","floor":46,"gold_loss":0}],"is_beta":false,"boss_relics":[{"not_picked":["Empty Cage","Tiny House"],"picked":"Coffee Dripper"},{"not_picked":["Runic Dome","Runic Pyramid"],"picked":"Pandora\u0027s Box"}],"items_purged_floors":[20],"is_endless":false,"potions_floor_spawned":[1,4,16,18,24,30,33,42,44],"ascension_level":13}