{"gold_per_floor":[118,129,404,417,432,432,444,444,471,504,504,520,520,50,50,127,127,146,146,146,156,186,186,111,111],"floor_reached":25,"playtime":2035,"items_purged":["Pain"],"score":402,"play_id":"f9766229-bbae-4f69-ace5-34675dce5446","local_time":"20190830194947","is_ascension_mode":true,"campfire_choices":[{"floor":6.0,"key":"REST"},{"data":"Self Repair","floor":11.0,"key":"SMITH"},{"floor":13.0,"key":"REST"},{"data":"Recycle","floor":15.0,"key":"SMITH"},{"data":"Buffer","floor":23,"key":"SMITH"}],"neow_cost":"NONE","seed_source_timestamp":0,"circlet_count":0,"master_deck":["AscendersBane","Strike_B","Strike_B","Strike_B","Strike_B","Defend_B","Defend_B","Defend_B","Defend_B","Zap+1","Dualcast","Consume","Conserve Battery","Cold Snap","Ball Lightning","Leap","Self Repair+1","BootSequence","Capacitor","Recycle+1","Buffer+1","Glacier","Self Repair+1","Doom and Gloom+1","Compile Driver+1"],"special_seed":0,"relics":["Cracked Core","WarpedTongs","Omamori","DataDisk","Membership Card","Cables","Nuclear Battery","Red Mask"],"potions_floor_usage":[22,25],"damage_taken":[{"damage":7.0,"enemies":"Jaw Worm","floor":1.0,"turns":3.0},{"damage":7.0,"enemies":"Cultist","floor":2.0,"turns":4.0},{"damage":6.0,"enemies":"Small Slimes","floor":4.0,"turns":4.0},{"damage":8.0,"enemies":"Looter","floor":5.0,"turns":4.0},{"damage":2.0,"enemies":"2 Fungi Beasts","floor":7.0,"turns":5.0},{"damage":28.0,"enemies":"Lagavulin","floor":10.0,"turns":8.0},{"damage":10.0,"enemies":"Red Slaver","floor":12.0,"turns":3.0},{"damage":4.0,"enemies":"The Guardian","floor":16.0,"turns":8.0},{"damage":9,"enemies":"Shell Parasite","floor":18,"turns":5},{"damage":11,"enemies":"Spheric Guardian","floor":21,"turns":4},{"damage":31,"enemies":"Masked Bandits","floor":22,"turns":4},{"damage":35,"enemies":"Slavers","floor":25,"turns":5}],"seed_played":"-588076218327597107","potions_obtained":[{"floor":1.0,"key":"SkillPotion"},{"floor":4.0,"key":"Fire Potion"},{"floor":12.0,"key":"Poison Potion"},{"floor":21,"key":"SpeedPotion"}],"is_trial":false,"path_per_floor":["M","M","?","M","M","R","M","?","T","E","R","M","R","$","R","B",null,"M","?","?","M","?","R","?","E"],"character_chosen":"DEFECT","items_purchased":["Membership Card","Cables","Capacitor","Recycle"],"campfire_rested":2,"item_purchase_floors":[14,14,14,14],"current_hp_per_floor":[57,50,50,44,36,57,55,55,55,27,27,17,38,38,38,44,64,65,45,45,54,33,33,33,0],"gold":111,"neow_bonus":"UPGRADE_CARD","is_prod":false,"is_daily":false,"chose_seed":false,"campfire_upgraded":3,"win_rate":0,"timestamp":1567219787,"path_taken":["M","M","?","?","M","R","M","?","T","E","R","?","R","$","R","BOSS","M","?","?","?","?","R","?","E"],"build_version":"2019-07-17","purchased_purges":1,"victory":false,"max_hp_per_floor":[71,71,71,71,71,71,71,71,71,71,71,71,71,71,71,71,71,71,76,76,76,76,76,76,76],"card_choices":[{"not_picked":["Stack","Barrage"],"picked":"Consume","floor":1.0},{"not_picked":["Beam Cell","Leap"],"picked":"Conserve Battery","floor":2.0},{"not_picked":["Gash","Barrage"],"picked":"Cold Snap","floor":4.0},{"not_picked":["Double Energy","Compile Driver"],"picked":"Ball Lightning","floor":5.0},{"not_picked":["Compile Driver","Rainbow"],"picked":"Leap","floor":7.0},{"not_picked":["Thunder Strike","Aggregate"],"picked":"Self Repair","floor":10.0},{"not_picked":["Reprogram","Ball Lightning"],"picked":"BootSequence","floor":12.0},{"not_picked":["Electrodynamics","Reboot"],"picked":"Buffer","floor":16.0},{"not_picked":["Barrage","Storm"],"picked":"Glacier","floor":18},{"not_picked":["BootSequence","Rebound"],"picked":"Doom and Gloom+1","floor":21},{"not_picked":["Skim","Sweeping Beam"],"picked":"Compile Driver+1","floor":22}],"player_experience":817301,"relics_obtained":[{"floor":9.0,"key":"Omamori"},{"floor":10.0,"key":"DataDisk"},{"floor":22,"key":"Red Mask"}],"event_choices":[{"damage_healed":0.0,"max_hp_gain":0.0,"max_hp_loss":0.0,"gold_gain":275.0,"event_name":"Golden Shrine","player_choice":"Desecrate","floor":3.0,"gold_loss":0.0,"damage_taken":0.0,"cards_obtained":["Regret"]},{"damage_healed":0.0,"max_hp_gain":0.0,"max_hp_loss":0.0,"gold_gain":0.0,"event_name":"Accursed Blacksmith","player_choice":"Rummage","floor":8.0,"gold_loss":0.0,"damage_taken":0.0,"relics_obtained":["WarpedTongs"],"cards_obtained":["Pain"]},{"damage_healed":0,"gold_gain":0,"player_choice":"Shed Blood","damage_taken":25,"max_hp_gain":5,"max_hp_loss":0,"event_name":"Forgotten Altar","floor":19,"gold_loss":0},{"damage_healed":0,"gold_gain":0,"player_choice":"Copied","damage_taken":0,"max_hp_gain":0,"max_hp_loss":0,"event_name":"Duplicator","floor":20,"gold_loss":0,"cards_obtained":["Self Repair"]},{"damage_healed":0,"gold_gain":0,"player_choice":"Fought Bandits","damage_taken":0,"max_hp_gain":0,"max_hp_loss":0,"event_name":"Masked Bandits","floor":22,"gold_loss":0},{"cards_removed":["Regret"],"damage_healed":0,"gold_gain":0,"player_choice":"Gave Gold","damage_taken":0,"max_hp_gain":0,"max_hp_loss":0,"event_name":"Beggar","floor":24,"gold_loss":75}],"is_beta":false,"boss_relics":[{"not_picked":["Busted Crown","Fusion Hammer"],"picked":"Nuclear Battery"}],"items_purged_floors":[14],"is_endless":false,"potions_floor_spawned":[1,4,12,21],"killed_by":"Slavers","ascension_level":20}