{"gold_per_floor":[116,126,126,126,126,126,154,172,172,188,188,16,16,46,46,120,120,120],"floor_reached":18,"playtime":760,"items_purged":[],"score":357,"play_id":"413105b0-7e43-46ae-acbe-de1d490ccdda","local_time":"20190327120354","is_ascension_mode":true,"campfire_choices":[{"data":"Corruption","floor":6,"key":"SMITH"},{"data":"Bash","floor":11,"key":"SMITH"},{"data":"Pommel Strike","floor":13,"key":"SMITH"},{"data":"Body Slam","floor":15,"key":"SMITH"}],"neow_cost":"NONE","seed_source_timestamp":10899036387834,"circlet_count":0,"master_deck":["AscendersBane","Strike_R","Strike_R+1","Strike_R","Strike_R","Strike_R","Defend_R+1","Defend_R","Defend_R","Defend_R","Bash+1","Corruption+1","Body Slam+1","Shrug It Off","Pommel Strike+1","Shrug It Off","Impervious"],"relics":["Burning Blood","NeowsBlessing","Magic Flower","Pear","Bag of Marbles","Blood Vial","Lizard Tail"],"potions_floor_usage":[8,14],"damage_taken":[{"damage":0,"enemies":"Cultist","floor":1,"turns":1},{"damage":0,"enemies":"Small Slimes","floor":2,"turns":1},{"damage":0,"enemies":"Lagavulin","floor":7,"turns":1},{"damage":8,"enemies":"2 Louse","floor":8,"turns":2},{"damage":14,"enemies":"Looter","floor":10,"turns":3},{"damage":21,"enemies":"3 Sentries","floor":14,"turns":8},{"damage":67,"enemies":"The Guardian","floor":16,"turns":8},{"damage":26,"enemies":"3 Byrds","floor":18,"turns":5}],"seed_played":"-2686221784232684019","potions_obtained":[{"floor":7,"key":"SkillPotion"},{"floor":8,"key":"GamblersBrew"},{"floor":10,"key":"Regen Potion"}],"is_trial":false,"path_per_floor":["M","M","$","?","?","R","E","M","T","M","R","$","R","E","R","B",null,"M"],"character_chosen":"IRONCLAD","items_purchased":["Bag of Marbles"],"campfire_rested":0,"item_purchase_floors":[12],"current_hp_per_floor":[74,75,75,75,52,52,58,59,69,64,64,64,64,74,74,19,69,46],"gold":120,"neow_bonus":"THREE_ENEMY_KILL","is_prod":false,"is_daily":false,"chose_seed":false,"campfire_upgraded":4,"win_rate":0,"timestamp":1553684634,"path_taken":["M","M","?","?","?","R","E","M","T","M","R","$","R","E","R","BOSS","M"],"build_version":"2019-01-23","purchased_purges":0,"victory":false,"max_hp_per_floor":[75,75,75,75,75,75,75,75,85,85,85,85,85,85,85,85,85,85],"card_choices":[{"not_picked":["Flex","Iron Wave"],"picked":"Corruption","floor":1},{"not_picked":["Burning Pact","Bloodletting","Body Slam"],"picked":"SKIP","floor":2},{"not_picked":["Burning Pact","Bloodletting"],"picked":"Body Slam","floor":2},{"not_picked":["Searing Blow","Power Through"],"picked":"Shrug It Off","floor":7},{"not_picked":["Perfected Strike","Body Slam"],"picked":"Pommel Strike","floor":8},{"not_picked":["Body Slam","Clash"],"picked":"Shrug It Off","floor":10},{"not_picked":["Bloodletting","Sword Boomerang","Burning Pact"],"picked":"SKIP","floor":14},{"not_picked":["Juggernaut","Limit Break"],"picked":"Impervious","floor":16}],"player_experience":482304,"relics_obtained":[{"floor":7,"key":"Magic Flower"},{"floor":9,"key":"Pear"},{"floor":14,"key":"Blood Vial"}],"event_choices":[{"damage_healed":0,"gold_gain":0,"player_choice":"Ignored","damage_taken":0,"max_hp_gain":0,"max_hp_loss":0,"event_name":"Golden Wing","floor":4,"gold_loss":0},{"damage_healed":0,"gold_gain":0,"player_choice":"Entered Light","damage_taken":23,"max_hp_gain":0,"max_hp_loss":0,"event_name":"Shining Light","floor":5,"gold_loss":0,"cards_upgraded":["Defend_R","Strike_R"]}],"is_beta":false,"boss_relics":[{"not_picked":["Runic Pyramid","Runic Cube"],"picked":"Lizard Tail"}],"items_purged_floors":[],"is_endless":false,"potions_floor_spawned":[7,8,10],"killed_by":"3 Byrds","ascension_level":17}