{"gold_per_floor":[112,112,287,287,48,48,81,81,81,81,81,130,168,201,213,329,341,341,341,266,266,69,69,69,69,69,69,69,69,69,69,69,69,69,69,69,69,69,69,69,69,69,69,69,69,69,69,0,0,0,0,0,0,0,0],"floor_reached":56,"playtime":2487,"items_purged":[],"score":1194,"play_id":"093c50b1-de02-45ce-baa0-af472478cb73","local_time":"20190913181117","is_ascension_mode":false,"campfire_choices":[{"data":"Neutralize","floor":6.0,"key":"SMITH"},{"data":"A Thousand Cuts","floor":8.0,"key":"SMITH"},{"data":"Venomology","floor":10.0,"key":"SMITH"},{"floor":15.0,"key":"RECALL"},{"data":"Blade Dance","floor":23.0,"key":"SMITH"},{"floor":25.0,"key":"REST"},{"floor":28.0,"key":"REST"},{"data":"Footwork","floor":32.0,"key":"SMITH"},{"data":"Apotheosis","floor":40.0,"key":"SMITH"},{"data":"Footwork","floor":45.0,"key":"SMITH"},{"floor":49.0,"key":"REST"},{"data":"Crippling Poison","floor":52.0,"key":"SMITH"}],"neow_cost":"NONE","seed_source_timestamp":94751297208200,"circlet_count":0,"master_deck":["Strike_G","Strike_G","Strike_G","Strike_G+1","Strike_G","Defend_G","Defend_G","Defend_G","Defend_G","Defend_G","Survivor","Neutralize+1","Backflip","Deep Breath","Venomology+1","A Thousand Cuts+1","Phantasmal Killer","Heel Hook+1","Burst","Deflect+1","Footwork+1","Poisoned Stab","Blade Dance+1","Footwork+1","Escape Plan","Crippling Poison+1","Cloak And Dagger+1","Glass Knife","Leg Sweep","Crippling Poison+1","Apotheosis+1","Riddle With Holes+1","Deadly Poison"],"special_seed":0,"relics":["Ring of the Snake","NeowsBlessing","Kunai","Snake Skull","Juzu Bracelet","CeramicFish","MawBank","Ectoplasm","Bag of Marbles","Torii","SacredBark","Pocketwatch","Thread and Needle","Whetstone","Red Mask","Lantern"],"potions_floor_usage":[55,55,55,55],"damage_taken":[{"damage":0.0,"enemies":"Jaw Worm","floor":1.0,"turns":1.0},{"damage":0.0,"enemies":"Gremlin Nob","floor":7.0,"turns":1.0},{"damage":0.0,"enemies":"Lagavulin","floor":13.0,"turns":2.0},{"damage":5.0,"enemies":"2 Louse","floor":14.0,"turns":3.0},{"damage":39.0,"enemies":"Slime Boss","floor":16.0,"turns":12.0},{"damage":10.0,"enemies":"Shell Parasite","floor":18.0,"turns":6.0},{"damage":8.0,"enemies":"3 Byrds","floor":19.0,"turns":7.0},{"damage":2.0,"enemies":"Snecko","floor":21.0,"turns":7.0},{"damage":38.0,"enemies":"Book of Stabbing","floor":24.0,"turns":8.0},{"damage":0.0,"enemies":"3 Cultists","floor":27.0,"turns":5.0},{"damage":1.0,"enemies":"Centurion and Healer","floor":29.0,"turns":6.0},{"damage":11.0,"enemies":"Shelled Parasite and Fungi","floor":30.0,"turns":5.0},{"damage":8.0,"enemies":"Champ","floor":33.0,"turns":9.0},{"damage":6.0,"enemies":"3 Shapes","floor":35.0,"turns":4.0},{"damage":13.0,"enemies":"2 Orb Walkers","floor":36.0,"turns":3.0},{"damage":4.0,"enemies":"Mind Bloom Boss Battle","floor":38.0,"turns":9.0},{"damage":0.0,"enemies":"3 Darklings","floor":42.0,"turns":6.0},{"damage":0.0,"enemies":"4 Shapes","floor":44.0,"turns":4.0},{"damage":9.0,"enemies":"Jaw Worm Horde","floor":47.0,"turns":3.0},{"damage":34.0,"enemies":"Awakened One","floor":50.0,"turns":18.0},{"damage":9.0,"enemies":"Shield and Spear","floor":54.0,"turns":9.0},{"damage":31,"enemies":"The Heart","floor":55,"turns":15}],"seed_played":"-8388465259388467398","potions_obtained":[{"floor":13.0,"key":"Swift Potion"},{"floor":21.0,"key":"Poison Potion"},{"floor":27.0,"key":"LiquidBronze"},{"floor":29.0,"key":"Strength Potion"},{"floor":42.0,"key":"SteroidPotion"}],"is_trial":false,"path_per_floor":["M","?","?","?","$","R","E","R","T","R","?","T","E","M","R","B",null,"M","M","?","M","$","R","E","R","T","M","R","M","M","?","R","B",null,"M","?","?","?","?","R","$","M","T","M","R","$","M","?","R","B",null,"R","$","E","B",null],"character_chosen":"THE_SILENT","items_purchased":["Kunai","Blade Dance","Bag of Marbles"],"campfire_rested":3,"item_purchase_floors":[5,22,22],"current_hp_per_floor":[70,70,70,70,70,70,70,70,70,70,75,75,75,70,70,31,75,65,57,57,55,55,55,17,39,39,39,61,60,49,49,49,41,75,69,56,56,52,52,52,52,52,52,52,52,52,43,43,65,31,75,75,75,66,35],"gold":0,"neow_bonus":"THREE_ENEMY_KILL","is_prod":false,"is_daily":false,"chose_seed":false,"campfire_upgraded":8,"win_rate":0,"timestamp":1568416277,"path_taken":["M","?","?","?","$","R","E","R","T","R","?","?","E","M","R","BOSS","M","M","?","M","$","R","E","R","T","M","R","M","M","?","R","BOSS","M","?","?","?","?","R","$","M","T","M","R","$","M","?","R","BOSS","R","$","E","BOSS"],"build_version":"2019-09-12","purchased_purges":0,"victory":true,"max_hp_per_floor":[70,70,70,70,70,70,70,70,70,70,75,75,75,75,75,75,75,75,75,75,75,75,75,75,75,75,75,75,75,75,75,75,75,75,75,75,75,75,75,75,75,75,75,75,75,75,75,75,75,75,75,75,75,75,75],"card_choices":[{"not_picked":["Prepared","Quick Slash"],"picked":"Backflip","floor":1.0},{"not_picked":["Dagger Throw","Backstab"],"picked":"A Thousand Cuts","floor":7.0},{"not_picked":["Deadly Poison","Blade Dance"],"picked":"Phantasmal Killer","floor":13.0},{"not_picked":["Reflex","Setup"],"picked":"Heel Hook","floor":14.0},{"not_picked":["Grand Finale","Corpse Explosion"],"picked":"Burst","floor":16.0},{"not_picked":["Dodge and Roll","Well Laid Plans"],"picked":"Deflect+1","floor":18.0},{"not_picked":["Reflex","PiercingWail"],"picked":"Footwork","floor":19.0},{"not_picked":["Flechettes+1","Dagger Throw"],"picked":"Poisoned Stab","floor":21.0},{"not_picked":["Flying Knee","Concentrate+1"],"picked":"Footwork","floor":24.0},{"not_picked":["Deadly Poison+1","Blade Dance"],"picked":"Escape Plan","floor":27.0},{"not_picked":["Slice","Riddle With Holes+1"],"picked":"Crippling Poison","floor":29.0},{"not_picked":["Dash+1","Acrobatics"],"picked":"Cloak And Dagger+1","floor":30.0},{"not_picked":["Malaise","Venomology"],"picked":"Glass Knife","floor":33.0},{"not_picked":["PiercingWail+1","Skewer+1"],"picked":"Leg Sweep","floor":35.0},{"not_picked":["Dodge and Roll+1","Dagger Spray"],"picked":"Crippling Poison+1","floor":36.0},{"not_picked":["Mayhem","Secret Technique"],"picked":"Apotheosis","floor":37.0},{"not_picked":["Prepared+1","Infinite Blades"],"picked":"Riddle With Holes+1","floor":38.0},{"not_picked":["Dagger Throw+1","Deflect","Eviscerate"],"picked":"SKIP","floor":42.0},{"not_picked":["Escape Plan+1","Prepared+1"],"picked":"Deadly Poison","floor":44.0},{"not_picked":["Outmaneuver","Quick Slash","PiercingWail"],"picked":"SKIP","floor":47.0},{"not_picked":["Eviscerate+1","Well Laid Plans","All Out Attack+1"],"picked":"SKIP","floor":54.0}],"player_experience":1290835,"relics_obtained":[{"floor":7.0,"key":"Snake Skull"},{"floor":9.0,"key":"Juzu Bracelet"},{"floor":12.0,"key":"CeramicFish"},{"floor":13.0,"key":"MawBank"},{"floor":24.0,"key":"Torii"},{"floor":36.0,"key":"Pocketwatch"},{"floor":38.0,"key":"Thread and Needle"},{"floor":43.0,"key":"Whetstone"},{"floor":54.0,"key":"Lantern"}],"event_choices":[{"damage_healed":0.0,"max_hp_gain":0.0,"max_hp_loss":0.0,"gold_gain":0.0,"event_name":"The Cleric","player_choice":"Leave","floor":2.0,"gold_loss":0.0,"damage_taken":0.0},{"damage_healed":0.0,"max_hp_gain":0.0,"max_hp_loss":0.0,"gold_gain":175.0,"event_name":"Liars Game","player_choice":"AGREE","floor":3.0,"gold_loss":0.0,"damage_taken":0.0,"cards_obtained":["Doubt"]},{"damage_healed":0.0,"max_hp_gain":0.0,"max_hp_loss":0.0,"gold_gain":0.0,"event_name":"Match and Keep!","player_choice":"2 cards matched","floor":4.0,"gold_loss":0.0,"damage_taken":0.0,"cards_obtained":["Deep Breath","Venomology"]},{"damage_healed":0.0,"max_hp_gain":5.0,"max_hp_loss":0.0,"gold_gain":0.0,"event_name":"Big Fish","player_choice":"Donut","floor":11.0,"gold_loss":0.0,"damage_taken":0.0},{"cards_removed":["Doubt"],"damage_healed":0.0,"max_hp_gain":0.0,"max_hp_loss":0.0,"gold_gain":0.0,"event_name":"Beggar","player_choice":"Gave Gold","floor":20.0,"gold_loss":75.0,"damage_taken":0.0},{"damage_healed":0.0,"max_hp_gain":0.0,"max_hp_loss":0.0,"gold_gain":0.0,"event_name":"Cursed Tome","player_choice":"Ignored","floor":31.0,"gold_loss":0.0,"damage_taken":0.0},{"damage_healed":0.0,"max_hp_gain":0.0,"max_hp_loss":0.0,"gold_gain":0.0,"event_name":"Mysterious Sphere","player_choice":"Fight","floor":36.0,"gold_loss":0.0,"damage_taken":0.0},{"damage_healed":0.0,"max_hp_gain":0.0,"max_hp_loss":0.0,"gold_gain":0.0,"event_name":"SensoryStone","player_choice":"Memory 1","floor":37.0,"gold_loss":0.0,"damage_taken":0.0},{"damage_healed":0.0,"max_hp_gain":0.0,"max_hp_loss":0.0,"gold_gain":0.0,"event_name":"MindBloom","player_choice":"Fight","floor":38.0,"gold_loss":0.0,"damage_taken":0.0},{"damage_healed":0.0,"max_hp_gain":0.0,"max_hp_loss":0.0,"gold_gain":0.0,"event_name":"SecretPortal","player_choice":"Ignored","floor":39.0,"gold_loss":0.0,"damage_taken":0.0},{"damage_healed":0.0,"max_hp_gain":0.0,"max_hp_loss":0.0,"gold_gain":0.0,"event_name":"Tomb of Lord Red Mask","player_choice":"Paid","floor":48.0,"gold_loss":69.0,"damage_taken":0.0,"relics_obtained":["Red Mask"]}],"is_beta":true,"boss_relics":[{"not_picked":["Velvet Choker","Pandora\u0027s Box"],"picked":"Ectoplasm"},{"not_picked":["Snecko Eye","Calling Bell"],"picked":"SacredBark"}],"items_purged_floors":[],"is_endless":false,"potions_floor_spawned":[13,19,21,27,29,35,42,47],"ascension_level":0}