{"path_per_floor":["M","$","?","M","?","R","M","R","T","R","E","M","?","M","R","B",null,"M","?","M","M","M","R","E","?","T","M","M","R","M","M","R"],"character_chosen":"THE_SILENT","items_purchased":[],"gold_per_floor":[147,72,72,86,86,86,99,99,99,99,130,142,142,154,154,257,257,274,274,292,304,324,324,357,272,272,286,304,304,323,342,342],"floor_reached":33,"campfire_rested":4,"playtime":1788,"current_hp_per_floor":[71,71,64,64,64,64,62,62,62,62,62,58,58,58,75,46,75,72,56,38,15,6,43,15,15,15,13,13,50,36,11,48],"items_purged":["Strike_G"],"gold":342,"score":352,"play_id":"f7e04191-5f38-44a5-94c1-23f1551b25d6","local_time":"20180313025326","is_prod":false,"is_daily":false,"is_ascension_mode":true,"campfire_upgraded":3,"timestamp":1520924006,"path_taken":["M","$","?","?","?","R","M","R","T","R","E","M","?","M","R","BOSS","M","?","M","M","M","R","E","?","T","M","M","R","?","M","R","BOSS"],"build_version":"2018-03-09","purchased_purges":1,"victory":false,"master_deck":["Survivor","Neutralize+1","Dash+1","Dagger Throw","Infinite Blades+1","Sucker Punch+1","Adrenaline","Dagger Spray","Infinite Blades","After Image","Setup","Skewer","Predator","Slice","Poisoned Stab","Flying Knee","Cloak And Dagger","Dagger Throw","Infinite Blades","Noxious Fumes","Quick Slash+1","Slice","Deflect","Slice+1","Cloak And Dagger+1","Slice","Choke","Cloak And Dagger+1","Choke"],"max_hp_per_floor":[75,75,75,75,75,75,75,75,75,75,75,75,75,75,75,75,75,75,75,75,75,75,75,75,75,75,75,75,75,75,75,75],"relics":["Tiny House","Peace Pipe","Regal Pillow","Pandora\u0027s Box","Enchiridion","Sundial","Dream Catcher","Bag of Preparation"],"card_choices":[{"not_picked":["Backflip","Deadly Poison"],"picked":"Dash"},{"not_picked":["Endless Agony","Poisoned Stab"],"picked":"Dagger Throw"},{"not_picked":["Underhanded Strike","Cloak And Dagger"],"picked":"Infinite Blades"},{"not_picked":["Quick Slash","Dodge and Roll"],"picked":"Sucker Punch"},{"not_picked":["Prepared","Quick Slash"],"picked":"Adrenaline"},{"not_picked":["Flechettes","Bouncing Flask"],"picked":"Dagger Spray"},{"not_picked":["Backflip","Underhanded Strike"],"picked":"Infinite Blades"},{"not_picked":["Grand Finale","Unload"],"picked":"After Image"},{"not_picked":["Poisoned Stab","Masterful Stab"],"picked":"Noxious Fumes"},{"not_picked":["Flying Knee","PiercingWail"],"picked":"Quick Slash"},{"not_picked":["Outmaneuver","Dagger Throw"],"picked":"Slice"},{"not_picked":["Deadly Poison","Riddle With Holes"],"picked":"Deflect"},{"not_picked":["Masterful Stab","Dagger Throw"],"picked":"Slice"},{"not_picked":["Sucker Punch","Eviscerate"],"picked":"Cloak And Dagger"},{"not_picked":["Quick Slash","Underhanded Strike"],"picked":"Slice"},{"not_picked":["Phantasmal Killer","Poisoned Stab"],"picked":"Choke"},{"not_picked":["Outmaneuver","Underhanded Strike"],"picked":"Cloak And Dagger"},{"not_picked":["Riddle With Holes","Poisoned Stab"],"picked":"Choke"}],"player_experience":182358,"potions_floor_usage":[24,24,31,33],"damage_taken":[{"damage":4,"enemies":"Small Slimes","floor":1,"turns":4},{"damage":0,"enemies":"Cultist","floor":4,"turns":4},{"damage":2,"enemies":"Jaw Worm","floor":7,"turns":3},{"damage":0,"enemies":"Gremlin Nob","floor":11,"turns":4},{"damage":4,"enemies":"Red Slaver","floor":12,"turns":4},{"damage":0,"enemies":"Blue Slaver","floor":14,"turns":4},{"damage":29,"enemies":"Slime Boss","floor":16,"turns":10},{"damage":3,"enemies":"Chosen","floor":18,"turns":5},{"damage":18,"enemies":"3 Byrds","floor":20,"turns":4},{"damage":23,"enemies":"Cultist and Chosen","floor":21,"turns":6},{"damage":9,"enemies":"3 Cultists","floor":22,"turns":5},{"damage":37,"enemies":"Book of Stabbing","floor":24,"turns":5},{"damage":2,"enemies":"Centurion and Healer","floor":27,"turns":6},{"damage":0,"enemies":"Snecko","floor":28,"turns":4},{"damage":14,"enemies":"Cultist and Chosen","floor":30,"turns":5},{"damage":25,"enemies":"Slaver and Parasite","floor":31,"turns":4},{"damage":59,"enemies":"Automaton","floor":33,"turns":10}],"event_choices":[{"event_name":"Wheel of Change","player_choice":"Damage","floor":3,"damage_taken":0},{"event_name":"The Lab","player_choice":"Got Potions","floor":5,"damage_taken":0},{"event_name":"The Woman in Blue","player_choice":"Bought 0 Potions","floor":13,"damage_taken":0},{"event_name":"Cursed Tome","player_choice":"Obtained Book","floor":19,"damage_taken":0},{"event_name":"Addict","player_choice":"Obtained Relic","floor":25,"damage_taken":0}],"boss_relics":[{"not_picked":["Runic Dome","Lizard Tail"],"picked":"Pandora\u0027s Box"}],"potions_floor_spawned":[11,21,22,27],"seed_played":"-4946153107229194352","killed_by":"Automaton","ascension_level":2,"is_trial":false}