{"gold_per_floor":[364,364,375,394,7,19,19,34,61,73,73,93,93,93,93,93],"floor_reached":16,"playtime":397,"items_purged":["Strike_R"],"score":127,"play_id":"c0a92c37-94f8-4a27-a1af-fd002e5943dd","local_time":"20180917234254","is_ascension_mode":true,"campfire_choices":[{"floor":7,"key":"DIG"},{"floor":11,"key":"DIG"},{"floor":15,"key":"DIG"}],"neow_cost":"PERCENT_DAMAGE","seed_source_timestamp":433290040086486,"circlet_count":0,"master_deck":["Strike_R","Strike_R","Strike_R","Defend_R","Defend_R","Defend_R","Defend_R","Bash","Sword Boomerang","Disarm","Uppercut","Anger"],"relics":["Burning Blood","Shovel","Bag of Preparation","Oddly Smooth Stone","Omamori","Thread and Needle"],"potions_floor_usage":[12,16,16],"damage_taken":[{"damage":15,"enemies":"2 Louse","floor":1,"turns":4},{"damage":6,"enemies":"Cultist","floor":3,"turns":3},{"damage":2,"enemies":"Jaw Worm","floor":4,"turns":3},{"damage":7,"enemies":"Looter","floor":6,"turns":4},{"damage":5,"enemies":"Blue Slaver","floor":8,"turns":7},{"damage":8,"enemies":"3 Louse","floor":10,"turns":4},{"damage":31,"enemies":"Gremlin Gang","floor":12,"turns":7},{"damage":42,"enemies":"Slime Boss","floor":16,"turns":8}],"seed_played":"1030602191280627648","potions_obtained":[{"floor":4,"key":"EssenceOfSteel"},{"floor":8,"key":"SkillPotion"},{"floor":10,"key":"Block Potion"}],"is_trial":false,"path_per_floor":["M","?","M","M","$","M","R","M","T","M","R","M","?","?","R"],"character_chosen":"IRONCLAD","items_purchased":["Shovel"],"campfire_rested":0,"item_purchase_floors":[5],"current_hp_per_floor":[42,42,42,46,46,45,45,46,46,44,44,19,39,39,39,0],"gold":93,"neow_bonus":"TWO_FIFTY_GOLD","is_prod":false,"is_daily":false,"chose_seed":false,"campfire_upgraded":0,"win_rate":0,"timestamp":1537242174,"path_taken":["M","?","M","M","$","M","R","M","T","M","R","M","?","?","R","BOSS"],"build_version":"2018-09-17","purchased_purges":1,"victory":false,"max_hp_per_floor":[80,80,80,80,80,80,80,80,80,80,80,80,80,80,80,80],"card_choices":[{"not_picked":["Dual Wield","Anger"],"picked":"Sword Boomerang","floor":1},{"not_picked":["Evolve","Perfected Strike","Clash"],"picked":"SKIP","floor":3},{"not_picked":["Thunderclap","Fire Breathing"],"picked":"Disarm","floor":4},{"not_picked":["Wild Strike","Warcry","Hemokinesis"],"picked":"SKIP","floor":6},{"not_picked":["Fire Breathing","Clothesline"],"picked":"Uppercut","floor":8},{"not_picked":["Flex","Thunderclap"],"picked":"Anger","floor":10},{"not_picked":["Iron Wave","Wild Strike","Perfected Strike"],"picked":"SKIP","floor":12}],"player_experience":895463,"relics_obtained":[{"floor":7,"key":"Bag of Preparation"},{"floor":9,"key":"Oddly Smooth Stone"},{"floor":11,"key":"Omamori"},{"floor":15,"key":"Thread and Needle"}],"event_choices":[{"event_name":"Purifier","player_choice":"One Purge","floor":2,"damage_taken":0},{"event_name":"Mushrooms","player_choice":"Healed and dodged fight","floor":13,"damage_taken":0},{"event_name":"Scrap Ooze","player_choice":"unsuccessful","floor":14,"damage_taken":0}],"is_beta":true,"boss_relics":[],"items_purged_floors":[5],"is_endless":false,"potions_floor_spawned":[4,8,10],"killed_by":"Slime Boss","ascension_level":7}