{"gold_per_floor":[13,24,44,63,63,63,81,109,132,165,165,176,5,16,16,118,118,134,150,150,150,150,150,184,184,231,231,264,279,294,42,42,145,145,159,159,174,88,99,99,129,129,208,227,227,242,18,31,31,31],"floor_reached":51,"playtime":5051,"items_purged":["Pain","Grand Finale"],"score":1166,"play_id":"5c6136a5-ccb2-4aad-92d3-900151796ecd","local_time":"20190820191820","is_ascension_mode":true,"campfire_choices":[{"data":"Endless Agony","floor":6,"key":"SMITH"},{"floor":15,"key":"REST"},{"data":"1","floor":23,"key":"LIFT"},{"data":"2","floor":25,"key":"LIFT"},{"data":"3","floor":27,"key":"LIFT"},{"floor":32,"key":"REST"},{"floor":40,"key":"REST"},{"floor":42,"key":"REST"},{"floor":45,"key":"REST"},{"floor":49,"key":"REST"}],"neow_cost":"NO_GOLD","seed_source_timestamp":502969173683842,"circlet_count":0,"master_deck":["AscendersBane","Survivor","Neutralize","Endless Agony+1","Acrobatics","Dagger Throw","Dagger Throw","PiercingWail","Flying Knee","Dagger Throw","Dagger Spray","Blur","PiercingWail","Endless Agony","After Image","Bouncing Flask","PiercingWail","Dagger Throw","Skewer","Slice","Phantasmal Killer","Glass Knife","Leg Sweep","Dodge and Roll","Calculated Gamble","Riddle With Holes","Deflect+1","Cloak And Dagger+1","Sucker Punch","Leg Sweep","Prepared+1","Burst","Eviscerate","Flechettes+1","Escape Plan","PiercingWail+1","Distraction+1","After Image","PiercingWail+1","Acrobatics","Sucker Punch+1","Tactician","Night Terror","Dagger Spray+1"],"relics":["Ring of the Snake","Juzu Bracelet","Vajra","Dream Catcher","WarpedTongs","Pandora\u0027s Box","Girya","Smiling Mask","Snake Skull","PreservedInsect","Bronze Scales","Fusion Hammer","Ancient Tea Set","Molten Egg 2"],"potions_floor_usage":[8,8,19,24,30,41,41,50,50],"damage_taken":[{"damage":5,"enemies":"Small Slimes","floor":1,"turns":4},{"damage":4,"enemies":"Jaw Worm","floor":2,"turns":4},{"damage":0,"enemies":"Cultist","floor":3,"turns":4},{"damage":17,"enemies":"Red Slaver","floor":4,"turns":5},{"damage":4,"enemies":"Blue Slaver","floor":7,"turns":4},{"damage":20,"enemies":"Gremlin Nob","floor":8,"turns":4},{"damage":19,"enemies":"Lagavulin","floor":10,"turns":7},{"damage":2,"enemies":"Gremlin Gang","floor":12,"turns":6},{"damage":0,"enemies":"3 Louse","floor":14,"turns":2},{"damage":17,"enemies":"Hexaghost","floor":16,"turns":13},{"damage":9,"enemies":"2 Thieves","floor":18,"turns":3},{"damage":1,"enemies":"Spheric Guardian","floor":19,"turns":3},{"damage":5,"enemies":"Slavers","floor":24,"turns":6},{"damage":6,"enemies":"Gremlin Leader","floor":28,"turns":6},{"damage":0,"enemies":"3 Cultists","floor":29,"turns":4},{"damage":0,"enemies":"Snecko","floor":30,"turns":2},{"damage":56,"enemies":"Automaton","floor":33,"turns":11},{"damage":1,"enemies":"3 Shapes","floor":35,"turns":3},{"damage":1,"enemies":"Orb Walker","floor":37,"turns":2},{"damage":8,"enemies":"Spire Growth","floor":39,"turns":4},{"damage":0,"enemies":"Giant Head","floor":41,"turns":6},{"damage":12,"enemies":"Sphere and 2 Shapes","floor":44,"turns":6},{"damage":0,"enemies":"4 Shapes","floor":46,"turns":3},{"damage":0,"enemies":"3 Darklings","floor":48,"turns":5},{"damage":39,"enemies":"Donu and Deca","floor":50,"turns":10}],"seed_played":"-8389430098523030133","potions_obtained":[{"floor":3,"key":"SpeedPotion"},{"floor":4,"key":"Poison Potion"},{"floor":7,"key":"Energy Potion"},{"floor":14,"key":"GhostInAJar"},{"floor":18,"key":"Ancient Potion"},{"floor":19,"key":"Explosive Potion"},{"floor":22,"key":"SkillPotion"},{"floor":22,"key":"Poison Potion"},{"floor":29,"key":"SneckoOil"},{"floor":35,"key":"SkillPotion"},{"floor":37,"key":"GhostInAJar"},{"floor":41,"key":"SpeedPotion"},{"floor":46,"key":"Explosive Potion"}],"is_trial":false,"path_per_floor":["M","M","M","M","?","R","M","E","T","E","?","M","$","M","R","B",null,"M","M","?","T","?","R","E","R","T","R","E","M","M","$","R","B",null,"M","?","M","$","M","R","E","R","T","M","R","M","$","M","R","B",null],"character_chosen":"THE_SILENT","items_purchased":["Dagger Spray","Blur","Sucker Punch","Bronze Scales","Leg Sweep","Escape Plan","Sucker Punch+1","Tactician","PowerPotion","PowerPotion"],"campfire_rested":6,"item_purchase_floors":[13,13,31,31,31,38,47,47,47,47],"current_hp_per_floor":[58,54,54,37,60,60,56,36,36,17,17,15,15,15,36,19,57,48,47,47,47,47,47,42,42,42,42,36,36,36,36,57,1,53,52,52,51,51,43,64,64,70,70,58,70,70,70,70,70,31],"gold":31,"neow_bonus":"REMOVE_TWO","is_prod":false,"is_daily":false,"chose_seed":false,"campfire_upgraded":1,"win_rate":0,"timestamp":1566343100,"path_taken":["M","M","M","M","?","R","M","E","T","E","?","M","$","M","R","BOSS","M","M","?","?","?","R","E","R","T","R","E","M","M","$","R","BOSS","M","?","M","$","M","R","E","R","T","M","R","M","$","M","R","BOSS"],"build_version":"2019-07-17","purchased_purges":2,"victory":true,"max_hp_per_floor":[70,70,70,70,70,70,70,70,70,70,70,70,70,70,70,70,70,70,70,70,70,70,70,70,70,70,70,70,70,70,70,70,70,70,70,70,70,70,70,70,70,70,70,70,70,70,70,70,70,70],"card_choices":[{"not_picked":["Deflect","Cloak And Dagger"],"picked":"Endless Agony","floor":1},{"not_picked":["Leg Sweep","PiercingWail"],"picked":"Flying Knee","floor":2},{"not_picked":["Bouncing Flask","Choke"],"picked":"Acrobatics","floor":3},{"not_picked":["Blade Dance","Wraith Form v2"],"picked":"Dagger Throw","floor":4},{"not_picked":["Skewer","Acrobatics"],"picked":"Dagger Throw","floor":7},{"not_picked":["Wraith Form v2","Phantasmal Killer"],"picked":"PiercingWail","floor":8},{"not_picked":["Blade Dance","Slice"],"picked":"Flying Knee","floor":10},{"not_picked":["Tools of the Trade","Prepared"],"picked":"Dagger Throw","floor":12},{"not_picked":["Flying Knee","Quick Slash"],"picked":"PiercingWail","floor":14},{"not_picked":["Sucker Punch","Finisher"],"picked":"Endless Agony","floor":15},{"not_picked":["Phantasmal Killer","Burst"],"picked":"After Image","floor":16},{"not_picked":["Expertise","Poisoned Stab"],"picked":"Leg Sweep","floor":18},{"not_picked":["Endless Agony","Blade Dance"],"picked":"Dodge and Roll","floor":19},{"not_picked":["Eviscerate","Outmaneuver"],"picked":"Calculated Gamble","floor":24},{"not_picked":["Infinite Blades+1","Dagger Throw"],"picked":"Riddle With Holes","floor":28},{"not_picked":["Quick Slash","Blade Dance"],"picked":"Deflect+1","floor":29},{"not_picked":["Acrobatics","Setup"],"picked":"Cloak And Dagger+1","floor":30},{"not_picked":["Die Die Die","Backstab"],"picked":"Prepared+1","floor":32},{"not_picked":["Grand Finale","Adrenaline"],"picked":"Burst","floor":33},{"not_picked":["Noxious Fumes+1","Bane"],"picked":"Eviscerate","floor":35},{"not_picked":["Deadly Poison+1","Bouncing Flask"],"picked":"Flechettes+1","floor":37},{"not_picked":["Expertise","Dodge and Roll"],"picked":"PiercingWail+1","floor":39},{"not_picked":["Bane+1","All Out Attack"],"picked":"Distraction+1","floor":41},{"not_picked":["Acrobatics","Prepared+1"],"picked":"After Image","floor":42},{"not_picked":["Expertise","Predator+1","Poisoned Stab+1"],"picked":"SKIP","floor":44},{"not_picked":["Choke+1","Underhanded Strike+1"],"picked":"PiercingWail+1","floor":45},{"not_picked":["Deadly Poison+1","Eviscerate+1"],"picked":"Acrobatics","floor":46},{"not_picked":["Flying Knee+1","Catalyst"],"picked":"Night Terror","floor":48},{"not_picked":["Outmaneuver+1","Poisoned Stab+1"],"picked":"Dagger Spray+1","floor":49}],"player_experience":452143,"relics_obtained":[{"floor":8,"key":"Juzu Bracelet"},{"floor":9,"key":"Vajra"},{"floor":10,"key":"Dream Catcher"},{"floor":21,"key":"Girya"},{"floor":24,"key":"Smiling Mask"},{"floor":26,"key":"Snake Skull"},{"floor":28,"key":"PreservedInsect"},{"floor":41,"key":"Ancient Tea Set"},{"floor":43,"key":"Molten Egg 2"}],"event_choices":[{"damage_healed":23,"gold_gain":0,"player_choice":"Banana","damage_taken":0,"max_hp_gain":0,"max_hp_loss":0,"event_name":"Big Fish","floor":5,"gold_loss":0},{"damage_healed":0,"gold_gain":0,"player_choice":"Rummage","damage_taken":0,"relics_obtained":["WarpedTongs"],"max_hp_gain":0,"max_hp_loss":0,"event_name":"Accursed Blacksmith","floor":11,"gold_loss":0,"cards_obtained":["Pain"]},{"damage_healed":0,"gold_gain":0,"player_choice":"Bought 0 Potions","damage_taken":0,"max_hp_gain":0,"max_hp_loss":0,"event_name":"The Woman in Blue","floor":20,"gold_loss":0},{"damage_healed":0,"gold_gain":0,"player_choice":"Got Potions","damage_taken":0,"max_hp_gain":0,"max_hp_loss":0,"event_name":"Lab","floor":22,"gold_loss":0},{"cards_removed":["Flying Knee"],"damage_healed":0,"gold_gain":0,"player_choice":"Removed Attack","damage_taken":0,"max_hp_gain":0,"max_hp_loss":0,"event_name":"Falling","floor":36,"gold_loss":0}],"is_beta":false,"boss_relics":[{"not_picked":["White Beast Statue","HoveringKite"],"picked":"Pandora\u0027s Box"},{"not_picked":["Coffee Dripper","Velvet Choker"],"picked":"Fusion Hammer"}],"items_purged_floors":[13,38],"is_endless":false,"potions_floor_spawned":[3,4,7,14,18,19,29,35,37,41,46],"ascension_level":11}