{"path_per_floor":["M","$","?","?","M","E","M","R","T","M","R","E","$","E","R","B",null,"M","?","?","M","M","E"],"character_chosen":"THE_SILENT","items_purchased":[],"gold_per_floor":[99,24,24,24,24,24,24,24,24,24,24,24,24,24,24,24,24,24,24,24,24,24,24,24],"floor_reached":24,"campfire_rested":1,"playtime":726,"current_hp_per_floor":[70,70,63,63,63,36,32,32,32,31,31,27,27,3,28,21,84,67,51,51,51,37,1,0],"items_purged":["Strike_G"],"gold":24,"score":269,"play_id":"9a43f577-85f2-4caa-aea3-5680f5c9a224","local_time":"20180420121422","is_prod":false,"is_daily":false,"chose_seed":false,"is_ascension_mode":true,"campfire_upgraded":2,"timestamp":1524240862,"path_taken":["M","$","?","?","M","E","M","R","T","M","R","E","$","E","R","BOSS","M","?","?","?","M","E","M"],"build_version":"2018-04-19","seed_source_timestamp":1686297308327387,"purchased_purges":1,"victory":false,"master_deck":["Defend_G","Defend_G","Defend_G","Defend_G","Strike_G","Strike_G","Strike_G","Strike_G","Survivor","Neutralize+1","Dagger Spray","Deadly Poison+1","Catalyst+1","Backflip","Die Die Die","Dash","Burst","Deadly Poison+1","Bullet Time","Bouncing Flask+1","Footwork"],"max_hp_per_floor":[70,70,70,70,70,84,84,84,84,84,84,84,84,84,84,84,84,84,84,84,84,84,84,84],"relics":["Ectoplasm","Du-Vu Doll","Mango","Tingsha","Gambling Chip","Ornamental Fan","Black Star","Nilry\u0027s Codex","Dead Branch","Torii"],"card_choices":[{"not_picked":["Flying Knee","Infinite Blades"],"picked":"Dagger Spray","floor":1},{"not_picked":["Underhanded Strike","Quick Slash"],"picked":"Deadly Poison","floor":5},{"not_picked":["Underhanded Strike","Backflip"],"picked":"Catalyst","floor":6},{"not_picked":["Sucker Punch","Heel Hook"],"picked":"Backflip","floor":7},{"not_picked":["Finisher","Caltrops"],"picked":"Die Die Die","floor":10},{"not_picked":["Sucker Punch","Deadly Poison"],"picked":"Dash","floor":14},{"not_picked":["Envenom","Unload"],"picked":"Burst","floor":16},{"not_picked":["Flying Knee","Deflect"],"picked":"Deadly Poison","floor":18},{"not_picked":["PiercingWail","Acrobatics"],"picked":"Bullet Time","floor":21},{"not_picked":["Escape Plan","PiercingWail"],"picked":"Bouncing Flask","floor":22},{"not_picked":["Outmaneuver","Well Laid Plans"],"picked":"Footwork","floor":23}],"player_experience":380879,"potions_floor_usage":[14,22],"damage_taken":[{"damage":0,"enemies":"2 Louse","floor":1,"turns":3},{"damage":0,"enemies":"Small Slimes","floor":5,"turns":2},{"damage":41,"enemies":"Gremlin Nob","floor":6,"turns":5},{"damage":4,"enemies":"Cultist","floor":7,"turns":3},{"damage":1,"enemies":"Blue Slaver","floor":10,"turns":4},{"damage":4,"enemies":"3 Sentries","floor":12,"turns":5},{"damage":24,"enemies":"Gremlin Nob","floor":14,"turns":4},{"damage":7,"enemies":"Slime Boss","floor":16,"turns":10},{"damage":17,"enemies":"Spheric Guardian","floor":18,"turns":5},{"damage":0,"enemies":"Chosen","floor":21,"turns":2},{"damage":14,"enemies":"Snake Plant","floor":22,"turns":2},{"damage":36,"enemies":"Slavers","floor":23,"turns":4},{"damage":8,"enemies":"Centurion and Healer","floor":24,"turns":2}],"event_choices":[{"event_name":"Scrap Ooze","player_choice":"success","floor":3,"damage_taken":7},{"event_name":"Purifier","player_choice":"One Purge","floor":4,"damage_taken":0},{"event_name":"Cursed Tome","player_choice":"Obtained Book","floor":19,"damage_taken":0},{"event_name":"Accursed Blacksmith","player_choice":"Forge","floor":20,"damage_taken":0}],"boss_relics":[{"not_picked":["Lizard Tail","Pandora\u0027s Box"],"picked":"Black Star"}],"potions_floor_spawned":[12,14,16,18],"seed_played":"-68799837757558788","killed_by":"Centurion and Healer","ascension_level":3,"is_trial":false}