{"path_per_floor":["M","?","$","M","M","E","R","M","T","E","R","M","M","?","R","B",null,"M","M","M","$","?","R","M","R","T","?","M","T","M","M","R","B",null,"M","M","M","?","M","R","M","R","T","R","E","$","?","M","R","B"],"character_chosen":"IRONCLAD","items_purchased":["Apotheosis","Thread and Needle"],"gold_per_floor":[114,114,39,50,60,91,91,106,106,138,138,155,171,271,271,373,373,384,397,414,112,112,112,125,125,125,125,138,209,227,245,245,350,350,361,379,393,393,411,411,421,421,444,444,474,51,51,68,68,68],"floor_reached":51,"campfire_rested":2,"playtime":1920,"current_hp_per_floor":[73,70,70,65,65,41,80,80,80,58,58,52,58,58,80,52,80,80,80,80,80,80,80,80,80,80,80,70,80,79,85,85,27,90,90,87,87,76,77,77,78,78,78,78,80,80,90,90,90,90],"items_purged":["Strike_R","Strike_R","Strike_R"],"gold":68,"score":718,"play_id":"54bab4b7-60c8-4f24-bda0-2a38c4b7e3e9","local_time":"20180319161335","is_prod":false,"is_daily":false,"is_ascension_mode":false,"campfire_upgraded":4,"timestamp":1521490415,"path_taken":["M","?","$","M","M","E","R","?","T","E","R","M","M","?","R","BOSS","M","M","?","$","?","R","M","R","T","?","M","?","M","M","R","BOSS","M","M","M","?","M","R","M","R","T","R","E","$","?","M","R","BOSS"],"build_version":"2018-03-15v3","purchased_purges":3,"victory":true,"master_deck":["Strike_R","Strike_R","Defend_R+1","Defend_R","Defend_R","Defend_R","Bash+1","Shockwave+1","Bludgeon+1","Dropkick","Barricade","Apotheosis","Entrench","Body Slam","Offering+1","Madness+1","Body Slam"],"max_hp_per_floor":[80,80,80,80,80,80,80,80,80,80,80,80,80,80,80,80,80,80,80,80,80,80,80,80,80,80,80,80,90,90,90,90,90,90,90,90,90,90,90,90,90,90,90,90,90,90,90,90,90,90],"relics":["Burning Blood","Regal Pillow","Happy Flower","Anchor","Oddly Smooth Stone","Snecko Eye","Shovel","Pear","Vajra","Runic Dome","Omamori","Bag of Preparation","Lantern","Unceasing Top","Thread and Needle","War Paint"],"card_choices":[{"not_picked":["Body Slam","Battle Trance"],"picked":"Shockwave"},{"not_picked":["Clothesline","True Grit"],"picked":"Bludgeon"},{"not_picked":["Entrench","Intimidate"],"picked":"Dropkick"},{"not_picked":["Juggernaut","Feed"],"picked":"Barricade"},{"not_picked":["Cleave","True Grit"],"picked":"Body Slam"},{"not_picked":["Reaper","Fiend Fire"],"picked":"Offering"},{"not_picked":["Warcry","Headbutt"],"picked":"Body Slam"}],"player_experience":210064,"potions_floor_usage":[],"damage_taken":[{"damage":13,"enemies":"2 Louse","floor":1,"turns":3},{"damage":11,"enemies":"Jaw Worm","floor":4,"turns":3},{"damage":6,"enemies":"Cultist","floor":5,"turns":4},{"damage":30,"enemies":"Gremlin Nob","floor":6,"turns":5},{"damage":0,"enemies":"Large Slime","floor":8,"turns":5},{"damage":28,"enemies":"3 Sentries","floor":10,"turns":9},{"damage":12,"enemies":"Gremlin Gang","floor":12,"turns":6},{"damage":0,"enemies":"Red Slaver","floor":13,"turns":1},{"damage":34,"enemies":"The Guardian","floor":16,"turns":7},{"damage":0,"enemies":"Chosen","floor":18,"turns":2},{"damage":0,"enemies":"Shell Parasite","floor":19,"turns":2},{"damage":0,"enemies":"Centurion and Healer","floor":20,"turns":5},{"damage":2,"enemies":"Snake Plant","floor":24,"turns":3},{"damage":16,"enemies":"Sentry and Sphere","floor":28,"turns":5},{"damage":7,"enemies":"Slaver and Parasite","floor":30,"turns":3},{"damage":0,"enemies":"Cultist and Chosen","floor":31,"turns":5},{"damage":64,"enemies":"Champ","floor":33,"turns":9},{"damage":0,"enemies":"Orb Walker","floor":35,"turns":2},{"damage":9,"enemies":"3 Shapes","floor":36,"turns":2},{"damage":6,"enemies":"Sphere and 2 Shapes","floor":37,"turns":3},{"damage":5,"enemies":"Maw","floor":39,"turns":5},{"damage":5,"enemies":"3 Darklings","floor":41,"turns":4},{"damage":4,"enemies":"Nemesis","floor":45,"turns":3},{"damage":4,"enemies":"Sphere and 2 Shapes","floor":48,"turns":3},{"damage":4,"enemies":"Awakened One","floor":50,"turns":12}],"event_choices":[{"event_name":"Scrap Ooze","player_choice":"success","floor":2,"damage_taken":3},{"event_name":"Golden Shrine","player_choice":"Pray","floor":14,"damage_taken":0},{"event_name":"The Library","player_choice":"Read","floor":22,"damage_taken":0},{"event_name":"Vampires","player_choice":"Ignored","floor":27,"damage_taken":0},{"event_name":"Winding Halls","player_choice":"Embrace Madness","floor":38,"damage_taken":0},{"event_name":"Bonfire Elementals","player_choice":"UNCOMMON","floor":47,"damage_taken":0}],"boss_relics":[{"not_picked":["Lizard Tail","Runic Pyramid"],"picked":"Snecko Eye"},{"not_picked":["Calling Bell","White Beast Statue"],"picked":"Runic Dome"}],"potions_floor_spawned":[1,4,8,18,20,28,31,35,37,48],"seed_played":"-5004433947104630971","ascension_level":0,"is_trial":false}