{"gold_per_floor":[112,131,147,162,162,162,194,194,194,45,115,148,163,137,137,238,238,252,86,101,113,113,113,129,129,129,149,149,167,184,164,164,261,261,280,0,0,19,32,32,32,32,32,32,48,95,95,95],"floor_reached":48,"playtime":7816,"items_purged":["Strike_G"],"score":492,"play_id":"58e8f508-107e-404f-a226-d0826888c478","local_time":"20190906013525","is_ascension_mode":false,"campfire_choices":[{"data":"Poisoned Stab","floor":6,"key":"SMITH"},{"floor":8,"key":"REST"},{"floor":15,"key":"REST"},{"data":"Crippling Poison","floor":23,"key":"SMITH"},{"floor":28,"key":"REST"},{"floor":32,"key":"REST"},{"floor":40,"key":"REST"},{"data":"Adrenaline","floor":42,"key":"SMITH"},{"floor":47,"key":"REST"}],"neow_cost":"NONE","seed_source_timestamp":479636886676400,"circlet_count":0,"master_deck":["Strike_G","Strike_G","Strike_G","Strike_G","Defend_G","Defend_G","Defend_G","Survivor","Neutralize","Underhanded Strike","Acrobatics","Dagger Throw","Poisoned Stab+1","Iron Wave","Bullet Time","Noxious Fumes","Distraction","Dagger Spray","Noxious Fumes","Flying Knee","Quick Slash","Adrenaline+1","Slice","Flying Knee","Crippling Poison+1","All Out Attack","Dash","Dash+1","Noxious Fumes","Deadly Poison","Heel Hook+1","Dagger Throw+1","Infinite Blades","Escape Plan","Underhanded Strike","Tactician+1","Wraith Form v2","Shame","Clumsy","Writhe","Bouncing Flask+1","Terror","Leg Sweep+1","Dark Shackles","Transmutation","Sucker Punch","Calculated Gamble"],"relics":["Ring of the Snake","Lantern","Ornamental Fan","Gremlin Horn","Ginger","Orrery","Regal Pillow","Thread and Needle","Calling Bell","Blood Vial","Letter Opener","Calipers","Red Mask","Bottled Tornado","The Specimen"],"potions_floor_usage":[30,33,46,46,46],"damage_taken":[{"damage":2,"enemies":"Cultist","floor":1,"turns":5},{"damage":0,"enemies":"Small Slimes","floor":2,"turns":4},{"damage":6,"enemies":"2 Louse","floor":3,"turns":4},{"damage":2,"enemies":"Exordium Thugs","floor":4,"turns":6},{"damage":31,"enemies":"3 Sentries","floor":7,"turns":9},{"damage":33,"enemies":"Lagavulin","floor":12,"turns":7},{"damage":0,"enemies":"Blue Slaver","floor":13,"turns":3},{"damage":41,"enemies":"Hexaghost","floor":16,"turns":10},{"damage":0,"enemies":"Chosen","floor":18,"turns":3},{"damage":10,"enemies":"3 Byrds","floor":20,"turns":4},{"damage":10,"enemies":"Centurion and Healer","floor":21,"turns":8},{"damage":12,"enemies":"Chosen and Byrds","floor":24,"turns":5},{"damage":24,"enemies":"Snake Plant","floor":27,"turns":4},{"damage":21,"enemies":"Sentry and Sphere","floor":29,"turns":6},{"damage":25,"enemies":"Shelled Parasite and Fungi","floor":30,"turns":4},{"damage":47,"enemies":"Automaton","floor":33,"turns":10},{"damage":10,"enemies":"3 Shapes","floor":35,"turns":3},{"damage":12,"enemies":"Orb Walker","floor":38,"turns":4},{"damage":32,"enemies":"Maw","floor":39,"turns":8},{"damage":28,"enemies":"4 Shapes","floor":45,"turns":5},{"damage":24,"enemies":"2 Orb Walkers","floor":46,"turns":5},{"damage":78,"enemies":"Transient","floor":48,"turns":5}],"seed_played":"4802070508955490391","potions_obtained":[{"floor":3,"key":"Energy Potion"},{"floor":4,"key":"GhostInAJar"},{"floor":13,"key":"PowerPotion"},{"floor":31,"key":"Energy Potion"},{"floor":33,"key":"SneckoOil"}],"is_trial":false,"path_per_floor":["M","M","M","M","?","R","E","R","T","$","T","E","M","$","R","B",null,"M","$","M","M","T","R","M","?","T","M","R","M","M","?","R","B",null,"M","?","?","M","M","R","$","R","T","?","M","?","R","M"],"character_chosen":"THE_SILENT","items_purchased":["Noxious Fumes","Distraction","Dagger Spray","Quick Slash","Noxious Fumes","Deadly Poison"],"campfire_rested":6,"item_purchase_floors":[10,10,10,14,19,19],"current_hp_per_floor":[75,75,69,67,67,67,36,59,59,59,59,26,26,26,49,8,77,77,77,67,57,57,57,45,45,45,21,59,38,13,13,51,4,77,67,67,67,57,27,65,65,65,65,60,34,12,50,0],"gold":95,"neow_bonus":"TEN_PERCENT_HP_BONUS","is_prod":false,"is_daily":false,"chose_seed":false,"campfire_upgraded":3,"win_rate":0.0,"timestamp":1567726525,"path_taken":["M","M","M","?","?","R","E","R","T","$","?","E","?","?","R","BOSS","M","?","M","?","?","R","M","?","T","?","R","M","M","?","R","BOSS","M","?","?","M","M","R","$","R","T","?","M","?","R","M"],"build_version":"2019-07-17","purchased_purges":1,"victory":false,"max_hp_per_floor":[77,77,77,77,77,77,77,77,77,77,77,77,77,77,77,77,77,77,77,77,77,77,77,77,77,77,77,77,77,77,77,77,77,77,77,77,77,77,77,77,77,77,77,77,77,77,77,77],"card_choices":[{"not_picked":["Crippling Poison","Endless Agony"],"picked":"Underhanded Strike","floor":1},{"not_picked":["Underhanded Strike","Skewer"],"picked":"Acrobatics","floor":2},{"not_picked":["Expertise","Dodge and Roll"],"picked":"Dagger Throw","floor":3},{"not_picked":["Skewer","Reflex"],"picked":"Poisoned Stab","floor":4},{"not_picked":["Calculated Gamble","PiercingWail"],"picked":"Bullet Time","floor":7},{"not_picked":["Venomology","Dagger Throw"],"picked":"Noxious Fumes","floor":12},{"not_picked":["Deadly Poison","Prepared"],"picked":"Flying Knee","floor":13},{"not_picked":["Tools of the Trade","Venomology"],"picked":"Adrenaline","floor":16},{"not_picked":["Prepared","Acrobatics"],"picked":"Slice","floor":17},{"not_picked":["Outmaneuver","Backflip"],"picked":"Flying Knee","floor":17},{"not_picked":["Dagger Spray","Underhanded Strike"],"picked":"Crippling Poison","floor":17},{"not_picked":["Flechettes","Quick Slash"],"picked":"All Out Attack","floor":17},{"not_picked":["Dagger Spray","Expertise"],"picked":"Dash","floor":17},{"not_picked":["Outmaneuver","Backflip"],"picked":"Dash+1","floor":18},{"not_picked":["Tactician","Deadly Poison"],"picked":"Heel Hook+1","floor":20},{"not_picked":["Tactician","Calculated Gamble"],"picked":"Dagger Throw+1","floor":21},{"not_picked":["Expertise","Dagger Spray"],"picked":"Infinite Blades","floor":24},{"not_picked":["Night Terror","Prepared"],"picked":"Escape Plan","floor":27},{"not_picked":["Poisoned Stab","Tactician"],"picked":"Underhanded Strike","floor":29},{"not_picked":["Backflip","Acrobatics+1"],"picked":"Tactician+1","floor":30},{"not_picked":["After Image","Doppelganger"],"picked":"Wraith Form v2","floor":33},{"not_picked":["Deflect+1","Well Laid Plans"],"picked":"Bouncing Flask+1","floor":35},{"not_picked":["Blade Dance","Sucker Punch+1"],"picked":"Terror","floor":38},{"not_picked":["Outmaneuver","Acrobatics+1"],"picked":"Leg Sweep+1","floor":39},{"not_picked":["PanicButton","Blind"],"picked":"Dark Shackles","floor":44},{"not_picked":["Panacea","Finesse"],"picked":"Transmutation","floor":44},{"not_picked":["Leg Sweep","Deadly Poison"],"picked":"Sucker Punch","floor":45},{"not_picked":["Outmaneuver","PiercingWail"],"picked":"Calculated Gamble","floor":46}],"player_experience":7134,"relics_obtained":[{"floor":7,"key":"Lantern"},{"floor":9,"key":"Ornamental Fan"},{"floor":11,"key":"Gremlin Horn"},{"floor":12,"key":"Ginger"},{"floor":22,"key":"Regal Pillow"},{"floor":26,"key":"Thread and Needle"},{"floor":34,"key":"Blood Vial"},{"floor":34,"key":"Letter Opener"},{"floor":34,"key":"Calipers"},{"floor":43,"key":"Bottled Tornado"},{"floor":46,"key":"The Specimen"}],"event_choices":[{"cards_removed":["Defend_G"],"damage_healed":0,"gold_gain":0,"player_choice":"Took Card","damage_taken":0,"max_hp_gain":0,"max_hp_loss":0,"event_name":"NoteForYourself","floor":5,"gold_loss":0,"cards_obtained":["Iron Wave"]},{"damage_healed":0,"gold_gain":0,"player_choice":"0 cards matched","damage_taken":0,"max_hp_gain":0,"max_hp_loss":0,"event_name":"Match and Keep!","floor":25,"gold_loss":0,"cards_obtained":[]},{"damage_healed":0,"gold_gain":0,"player_choice":"Bought 1 Potion","damage_taken":0,"max_hp_gain":0,"max_hp_loss":0,"event_name":"The Woman in Blue","floor":31,"gold_loss":0},{"damage_healed":0,"gold_gain":0,"player_choice":"Paid","damage_taken":0,"relics_obtained":["Red Mask"],"max_hp_gain":0,"max_hp_loss":0,"event_name":"Tomb of Lord Red Mask","floor":36,"gold_loss":280},{"cards_removed":["Defend_G"],"damage_healed":0,"gold_gain":0,"player_choice":"Removed Skill","damage_taken":0,"max_hp_gain":0,"max_hp_loss":0,"event_name":"Falling","floor":37,"gold_loss":0},{"damage_healed":0,"gold_gain":0,"player_choice":"Memory 2","damage_taken":5,"max_hp_gain":0,"max_hp_loss":0,"event_name":"SensoryStone","floor":44,"gold_loss":0},{"damage_healed":0,"gold_gain":0,"player_choice":"Fight","damage_taken":0,"max_hp_gain":0,"max_hp_loss":0,"event_name":"Mysterious Sphere","floor":46,"gold_loss":0}],"is_beta":false,"boss_relics":[{"not_picked":["Busted Crown","Ring of the Serpent"],"picked":"Orrery"},{"not_picked":["Runic Dome","Fusion Hammer"],"picked":"Calling Bell"}],"items_purged_floors":[19],"is_endless":false,"potions_floor_spawned":[3,4,13,16,20,24,27,33,38,45],"killed_by":"Transient","ascension_level":0}