{"gold_per_floor":[109,128,138,138,138,173,173,173,226,237,237,13,41,53,53,153,153,170,189,189,203,302,302,302,318,367,398,398,143,162,178,178,282,282,294,0,19,19,36,36,65,65,139,174,19,19,19,54,54,54,54,54,5,31,31],"floor_reached":56,"playtime":9215,"items_purged":["Strike_R","Strike_R"],"score":1853,"play_id":"7b6630b1-baae-4e5b-97ce-380222c707a6","local_time":"20190308220310","is_ascension_mode":true,"campfire_choices":[{"data":"Bash","floor":8.0,"key":"SMITH"},{"data":"True Grit","floor":11.0,"key":"SMITH"},{"data":"Havoc","floor":15.0,"key":"SMITH"},{"floor":23.0,"key":"REST"},{"data":"Offering","floor":28.0,"key":"SMITH"},{"data":"Burning Pact","floor":32.0,"key":"SMITH"},{"floor":40,"key":"RECALL"},{"floor":42,"key":"REST"},{"floor":47,"key":"REST"},{"floor":49,"key":"REST"},{"floor":52,"key":"REST"}],"neow_cost":"NONE","seed_source_timestamp":0,"circlet_count":0,"master_deck":["Strike_R","Strike_R+1","Defend_R","Defend_R+1","Defend_R+1","Bash+1","Anger","Iron Wave","Combust","Fiend Fire+1","Intimidate","True Grit+1","Shrug It Off","Havoc+1","Offering+1","Burning Pact+1","Shockwave+1","Disarm","Ghostly","Ghostly","Ghostly","Ghostly","Ghostly","Battle Trance+1","Sentinel","Disarm+1","Offering","Warcry+1","Havoc+1","Corruption"],"special_seed":0,"relics":["Burning Blood","Bird Faced Urn","Pear","Dead Branch","Omamori","Happy Flower","Whetstone","Empty Cage","Boot","War Paint","Vajra","Fusion Hammer","Red Mask","Regal Pillow","Calipers","Oddly Smooth Stone","Bag of Preparation","Mango"],"potions_floor_usage":[41,55,55,55],"damage_taken":[{"damage":0.0,"enemies":"2 Louse","floor":1.0,"turns":3.0},{"damage":4.0,"enemies":"Jaw Worm","floor":2.0,"turns":3.0},{"damage":0.0,"enemies":"Cultist","floor":3.0,"turns":4.0},{"damage":55.0,"enemies":"Lagavulin","floor":6.0,"turns":8.0},{"damage":1.0,"enemies":"Large Slime","floor":10.0,"turns":4.0},{"damage":6.0,"enemies":"Gremlin Nob","floor":13.0,"turns":2.0},{"damage":0.0,"enemies":"Exordium Wildlife","floor":14.0,"turns":3.0},{"damage":20.0,"enemies":"The Guardian","floor":16.0,"turns":9.0},{"damage":16.0,"enemies":"3 Byrds","floor":18.0,"turns":4.0},{"damage":14.0,"enemies":"Shell Parasite","floor":19.0,"turns":3.0},{"damage":24.0,"enemies":"Cultist and Chosen","floor":21.0,"turns":5.0},{"damage":7.0,"enemies":"Snake Plant","floor":25.0,"turns":4.0},{"damage":13.0,"enemies":"Book of Stabbing","floor":27.0,"turns":6.0},{"damage":9.0,"enemies":"Snecko","floor":30.0,"turns":5.0},{"damage":6.0,"enemies":"Cultist and Chosen","floor":31.0,"turns":1.0},{"damage":26.0,"enemies":"Champ","floor":33.0,"turns":9.0},{"damage":3.0,"enemies":"3 Shapes","floor":35.0,"turns":4.0},{"damage":10,"enemies":"3 Darklings","floor":37,"turns":2},{"damage":12,"enemies":"Writhing Mass","floor":39,"turns":5},{"damage":26,"enemies":"Giant Head","floor":41,"turns":7},{"damage":2,"enemies":"Nemesis","floor":44,"turns":1},{"damage":4,"enemies":"Reptomancer","floor":48,"turns":3},{"damage":18,"enemies":"Donu and Deca","floor":50,"turns":4},{"damage":5,"enemies":"Shield and Spear","floor":54,"turns":5},{"damage":12,"enemies":"The Heart","floor":55,"turns":6}],"seed_played":"6446016274253082576","potions_obtained":[{"floor":2.0,"key":"FearPotion"},{"floor":6.0,"key":"Dexterity Potion"},{"floor":10.0,"key":"PowerPotion"},{"floor":13.0,"key":"Weak Potion"},{"floor":14.0,"key":"GamblersBrew"},{"floor":18.0,"key":"Energy Potion"},{"floor":19.0,"key":"Block Potion"},{"floor":39,"key":"Strength Potion"},{"floor":41,"key":"GamblersBrew"}],"is_trial":false,"path_per_floor":["M","M","M","?","$","E","T","R","T","M","R","$","E","M","R","B",null,"M","M","?","M","?","R","?","M","T","E","R","$","M","M","R","B",null,"M","?","M","?","M","R","E","R","T","E","$","?","R","E","R","B",null,"R","$","E","B",null],"character_chosen":"IRONCLAD","items_purchased":["Happy Flower","Vajra","Oddly Smooth Stone","Energy Potion"],"campfire_rested":5,"item_purchase_floors":[12,29,45,53],"current_hp_per_floor":[78,80,80,62,62,23,23,23,23,30,30,30,36,44,44,38,77,73,65,47,31,31,59,47,47,47,44,44,44,43,43,43,29,43,47,47,47,47,47,47,33,47,47,47,47,47,47,47,47,47,47,47,47,61,61],"gold":31,"neow_bonus":"THREE_CARDS","is_prod":false,"is_daily":false,"chose_seed":false,"campfire_upgraded":5,"win_rate":0,"timestamp":1552078990,"path_taken":["M","M","M","?","$","E","?","R","T","?","R","$","E","M","R","BOSS","M","M","?","M","?","R","?","?","T","E","R","$","M","M","R","BOSS","M","?","M","?","M","R","E","R","T","E","$","?","R","E","R","BOSS","R","$","E","BOSS"],"build_version":"2019-01-23","purchased_purges":2,"victory":true,"max_hp_per_floor":[80,80,80,80,80,90,90,90,90,90,90,90,90,90,90,90,90,90,90,95,95,95,95,47,47,47,47,47,47,47,47,47,47,47,47,47,47,47,47,47,47,47,47,47,47,47,47,47,47,47,47,47,47,61,61],"card_choices":[{"not_picked":["Warcry","Headbutt"],"picked":"Anger","floor":0.0},{"not_picked":["Infernal Blade","Flex"],"picked":"Iron Wave","floor":1.0},{"not_picked":["Headbutt","Uppercut"],"picked":"Combust","floor":2.0},{"not_picked":["Sever Soul","Perfected Strike"],"picked":"Fiend Fire","floor":3.0},{"not_picked":["Barricade","Clothesline"],"picked":"Intimidate","floor":6.0},{"not_picked":["Whirlwind","Bloodletting"],"picked":"True Grit","floor":10.0},{"not_picked":["Blood for Blood","Brutality"],"picked":"Shrug It Off","floor":13.0},{"not_picked":["Shrug It Off","Perfected Strike"],"picked":"Havoc","floor":14.0},{"not_picked":["Fiend Fire","Feed"],"picked":"Offering","floor":16.0},{"not_picked":["Rupture+1","Carnage"],"picked":"Burning Pact","floor":18.0},{"not_picked":["Dropkick+1","Blood for Blood"],"picked":"Shockwave+1","floor":19.0},{"not_picked":["Metallicize","Clothesline"],"picked":"Disarm","floor":21.0},{"not_picked":["Bloodletting","Shrug It Off","Perfected Strike+1"],"picked":"SKIP","floor":25.0},{"not_picked":["Clash+1","Heavy Blade"],"picked":"Battle Trance+1","floor":27.0},{"not_picked":["Hemokinesis","Wild Strike+1"],"picked":"Sentinel","floor":30.0},{"not_picked":["Body Slam","Cleave"],"picked":"Disarm+1","floor":31.0},{"not_picked":["Berserk","Double Tap"],"picked":"Offering","floor":33.0},{"not_picked":["Fire Breathing+1","Evolve"],"picked":"Metallicize+1","floor":35},{"not_picked":["Shrug It Off","Heavy Blade+1"],"picked":"Warcry+1","floor":37},{"not_picked":["Shockwave+1","Juggernaut","Rupture+1"],"picked":"SKIP","floor":39},{"not_picked":["Iron Wave","Twin Strike"],"picked":"Havoc+1","floor":41},{"not_picked":["Dual Wield","Combust+1","Clash+1"],"picked":"SKIP","floor":44},{"not_picked":["Rupture","Infernal Blade","Ghostly Armor+1"],"picked":"SKIP","floor":48},{"not_picked":["Whirlwind","Flex+1"],"picked":"Corruption","floor":54}],"player_experience":338766,"relics_obtained":[{"floor":6.0,"key":"Pear"},{"floor":7.0,"key":"Dead Branch"},{"floor":9.0,"key":"Omamori"},{"floor":13.0,"key":"Whetstone"},{"floor":26.0,"key":"Boot"},{"floor":27.0,"key":"War Paint"},{"floor":41,"key":"Regal Pillow"},{"floor":44,"key":"Calipers"},{"floor":48,"key":"Bag of Preparation"},{"floor":54,"key":"Mango"}],"event_choices":[{"damage_healed":0.0,"max_hp_gain":0.0,"max_hp_loss":0.0,"gold_gain":0.0,"event_name":"Scrap Ooze","player_choice":"Success","floor":4.0,"gold_loss":0.0,"damage_taken":18.0,"relics_obtained":["Bird Faced Urn"]},{"damage_healed":0.0,"max_hp_gain":5.0,"max_hp_loss":0.0,"gold_gain":0.0,"event_name":"Forgotten Altar","player_choice":"Shed Blood","floor":20.0,"gold_loss":0.0,"damage_taken":23.0},{"damage_healed":0.0,"max_hp_gain":0.0,"max_hp_loss":0.0,"gold_gain":99.0,"event_name":"Nest","player_choice":"Stole From Cult","floor":22.0,"gold_loss":0.0,"damage_taken":0.0},{"damage_healed":0.0,"max_hp_gain":0.0,"max_hp_loss":48.0,"gold_gain":0.0,"event_name":"Ghosts","player_choice":"Became a Ghost","floor":24.0,"gold_loss":0.0,"damage_taken":0.0,"cards_obtained":["Ghostly","Ghostly","Ghostly","Ghostly","Ghostly"]},{"damage_healed":0,"gold_gain":0,"player_choice":"Paid","damage_taken":0,"relics_obtained":["Red Mask"],"max_hp_gain":0,"max_hp_loss":0,"event_name":"Tomb of Lord Red Mask","floor":36,"gold_loss":294},{"cards_removed":["Metallicize"],"damage_healed":0,"gold_gain":0,"player_choice":"Removed Power","damage_taken":0,"max_hp_gain":0,"max_hp_loss":0,"event_name":"Falling","floor":38,"gold_loss":0},{"damage_healed":0,"gold_gain":0,"player_choice":"Cursed","damage_taken":0,"max_hp_gain":0,"max_hp_loss":0,"event_name":"Wheel of Change","floor":46,"gold_loss":0,"cards_obtained":["Decay"]}],"is_beta":false,"boss_relics":[{"not_picked":["Runic Dome","Pandora\u0027s Box"],"picked":"Empty Cage"},{"not_picked":["Cursed Key","Orrery"],"picked":"Fusion Hammer"}],"items_purged_floors":[12,29],"is_endless":false,"potions_floor_spawned":[2,6,10,13,14,18,19,25,33,39,41],"ascension_level":9}