{"gold_per_floor":[114,114,114,214,214,249,249,1,26,38,52,52,17,34,34,130,130,150,167,167,167,179,179,190,90,113,124,124,124,124,141,141,238,238,253,253,253,253,179,179,194,204,204,258,258,133,150,0,0,0],"floor_reached":50,"playtime":3521,"items_purged":["Strike_G","Strike_G","Defend_G"],"score":463,"play_id":"ad991a0c-083d-4bab-9c76-51f3f8cb8844","local_time":"20180906175658","is_ascension_mode":false,"campfire_choices":[{"data":"Tools of the Trade","floor":7,"key":"SMITH"},{"data":"Accuracy","floor":12,"key":"SMITH"},{"data":"A Thousand Cuts","floor":15,"key":"SMITH"},{"data":"Footwork","floor":23,"key":"SMITH"},{"data":"Cloak And Dagger","floor":29,"key":"SMITH"},{"floor":32,"key":"REST"},{"data":"Noxious Fumes","floor":40,"key":"SMITH"},{"floor":45,"key":"REST"},{"floor":49,"key":"REST"}],"neow_cost":"NONE","seed_source_timestamp":659245637169953,"circlet_count":0,"master_deck":["Defend_G+1","Defend_G","Defend_G+1","Defend_G","Strike_G","Strike_G","Survivor","Neutralize+1","Tools of the Trade+1","Cloak And Dagger+1","Escape Plan","Dramatic Entrance","Accuracy+1","Footwork+1","A Thousand Cuts+1","Dodge and Roll+1","Well Laid Plans","Quick Slash+1","Footwork+1","Corpse Explosion","Madness","Madness","Backstab","Noxious Fumes+1","Underhanded Strike","Cloak And Dagger+1"],"relics":["Ring of the Snake","War Paint","PreservedInsect","Strawberry","Nloth\u0027s Gift","Sozu","Du-Vu Doll","Mercury Hourglass","The Specimen","Red Mask"],"potions_floor_usage":[16,22,33,33,50],"damage_taken":[{"damage":0,"enemies":"2 Louse","floor":1,"turns":3},{"damage":35,"enemies":"Lagavulin","floor":6,"turns":11},{"damage":0,"enemies":"Jaw Worm","floor":10,"turns":4},{"damage":0,"enemies":"Cultist","floor":11,"turns":4},{"damage":2,"enemies":"Exordium Thugs","floor":14,"turns":6},{"damage":6,"enemies":"Hexaghost","floor":16,"turns":13},{"damage":5,"enemies":"Chosen","floor":18,"turns":8},{"damage":2,"enemies":"Shell Parasite","floor":19,"turns":11},{"damage":0,"enemies":"3 Cultists","floor":22,"turns":4},{"damage":14,"enemies":"Chosen and Byrds","floor":24,"turns":9},{"damage":16,"enemies":"Snake Plant","floor":27,"turns":5},{"damage":15,"enemies":"3 Cultists","floor":31,"turns":6},{"damage":6,"enemies":"Collector","floor":33,"turns":12},{"damage":19,"enemies":"Orb Walker","floor":35,"turns":6},{"damage":0,"enemies":"Mind Bloom Boss Battle","floor":38,"turns":9},{"damage":0,"enemies":"3 Shapes","floor":41,"turns":5},{"damage":22,"enemies":"Jaw Worm Horde","floor":42,"turns":3},{"damage":6,"enemies":"Mysterious Sphere","floor":44,"turns":4},{"damage":22,"enemies":"Sphere and 2 Shapes","floor":47,"turns":6},{"damage":63,"enemies":"Time Eater","floor":50,"turns":13}],"seed_played":"7341312847818064171","potions_obtained":[{"floor":1,"key":"SpeedPotion"},{"floor":14,"key":"AttackPotion"},{"floor":19,"key":"AttackPotion"},{"floor":22,"key":"Strength Potion"},{"floor":27,"key":"Dexterity Potion"},{"floor":33,"key":"Strength Potion"}],"is_trial":false,"path_per_floor":["M","?","?","?","?","E","R","$","T","M","M","R","?","M","R","B",null,"M","M","?","?","M","R","M","$","T","M","?","R","?","M","R","B",null,"M","?","?","?","$","R","M","M","T","?","R","$","M","?","R"],"character_chosen":"THE_SILENT","items_purchased":["Dramatic Entrance","Accuracy","Noxious Fumes"],"campfire_rested":3,"item_purchase_floors":[8,8,39],"current_hp_per_floor":[70,75,68,68,68,33,33,33,33,33,33,33,51,49,49,43,75,70,68,68,68,68,68,54,54,61,45,45,45,45,30,54,48,82,63,63,53,53,53,53,53,31,31,25,49,49,27,27,51,0],"gold":0,"neow_bonus":"ONE_RANDOM_RARE_CARD","is_prod":false,"is_daily":false,"chose_seed":false,"campfire_upgraded":6,"win_rate":0,"timestamp":1536271018,"path_taken":["M","?","?","?","?","E","R","?","T","?","?","R","?","M","R","BOSS","M","M","?","?","M","R","M","$","T","M","?","R","?","M","R","BOSS","M","?","?","?","$","R","?","M","T","?","R","?","M","?","R","BOSS"],"build_version":"2018-09-05","purchased_purges":3,"victory":false,"max_hp_per_floor":[70,75,75,75,75,75,75,75,75,75,75,75,75,75,75,75,75,75,75,75,75,75,75,75,75,82,82,82,82,82,82,82,82,82,82,82,82,82,82,82,82,82,82,82,82,82,82,82,82,82],"card_choices":[{"not_picked":["Eviscerate","Escape Plan"],"picked":"Cloak And Dagger","floor":1},{"not_picked":["Cloak And Dagger","Crippling Poison"],"picked":"Escape Plan","floor":6},{"not_picked":["Blur","Dagger Throw"],"picked":"Footwork","floor":10},{"not_picked":["Acrobatics","Bouncing Flask","Deflect"],"picked":"SKIP","floor":11},{"not_picked":["Outmaneuver","Backflip"],"picked":"A Thousand Cuts","floor":14},{"not_picked":["Deflect+1","Deadly Poison+1"],"picked":"Dodge and Roll+1","floor":18},{"not_picked":["Expertise","Flying Knee+1","PiercingWail"],"picked":"SKIP","floor":19},{"not_picked":["Prepared+1","Endless Agony"],"picked":"Well Laid Plans","floor":22},{"not_picked":["Slice","Terror+1"],"picked":"Quick Slash+1","floor":24},{"not_picked":["Quick Slash","Skewer"],"picked":"Footwork+1","floor":27},{"not_picked":["Poisoned Stab+1","Underhanded Strike","Acrobatics"],"picked":"SKIP","floor":31},{"not_picked":["Night Terror","Tools of the Trade"],"picked":"Corpse Explosion","floor":33},{"not_picked":["Bouncing Flask","Well Laid Plans+1","Dagger Throw+1"],"picked":"SKIP","floor":35},{"not_picked":["PiercingWail","Acrobatics"],"picked":"Backstab","floor":38},{"not_picked":["Skewer+1","Prepared","Acrobatics"],"picked":"SKIP","floor":41},{"not_picked":["Prepared+1","Crippling Poison"],"picked":"Underhanded Strike","floor":42},{"not_picked":["Adrenaline","Concentrate"],"picked":"Cloak And Dagger+1","floor":47}],"player_experience":889887,"relics_obtained":[{"floor":6,"key":"War Paint"},{"floor":9,"key":"PreservedInsect"},{"floor":26,"key":"Strawberry"},{"floor":38,"key":"Du-Vu Doll"},{"floor":43,"key":"Mercury Hourglass"},{"floor":44,"key":"The Specimen"}],"event_choices":[{"event_name":"Big Fish","player_choice":"Donut","floor":2,"damage_taken":0},{"event_name":"Scrap Ooze","player_choice":"success","floor":3,"damage_taken":7},{"event_name":"Golden Shrine","player_choice":"Pray","floor":4,"damage_taken":0},{"event_name":"Living Wall","player_choice":"Grow","floor":5,"damage_taken":0},{"event_name":"The Cleric","player_choice":"Healed","floor":13,"damage_taken":0},{"event_name":"Vampires","player_choice":"Ignored","floor":20,"damage_taken":0},{"event_name":"The Mausoleum","player_choice":"No","floor":21,"damage_taken":0},{"event_name":"Cursed Tome","player_choice":"Ignored","floor":28,"damage_taken":0},{"event_name":"N\u0027loth","player_choice":"Traded a Centennial Puzzle","floor":30,"damage_taken":0},{"event_name":"Falling","player_choice":"Removed Attack","floor":36,"damage_taken":0},{"event_name":"Winding Halls","player_choice":"Embrace Madness","floor":37,"damage_taken":0},{"event_name":"MindBloom","player_choice":"Fight","floor":38,"damage_taken":0},{"event_name":"Mysterious Sphere","player_choice":"Fight","floor":44,"damage_taken":0},{"event_name":"Tomb of Lord Red Mask","player_choice":"Paid","floor":48,"damage_taken":0}],"is_beta":true,"boss_relics":[{"not_picked":[]},{"not_picked":["Ring of the Serpent","Orrery"],"picked":"Sozu"}],"items_purged_floors":[8,25,46],"is_endless":false,"potions_floor_spawned":[1,14,19,22,27,33,42,44],"killed_by":"Time Eater","ascension_level":0}