{"path_per_floor":["M","M","?","M","?","E","R","E","T","M","R","?","E","M","R","B",null,"M","?","?","$","M","R","$","T","T","E","$","R","E","M","R","B",null,"M","M","?","?","?","E","R","E","T","E","R","?","R","$","R","B"],"character_chosen":"THE_SILENT","items_purchased":["Toxic Egg 2","Letter Opener","Escape Plan","Blind","Calculated Gamble","Envenom","Deadly Poison","Bag of Marbles"],"gold_per_floor":[112,130,80,95,95,429,429,463,463,482,482,482,510,529,529,630,630,648,648,648,17,28,28,28,97,97,129,54,54,82,97,97,200,200,214,228,228,228,228,262,262,289,340,371,371,422,422,24,24,24],"floor_reached":51,"campfire_rested":3,"playtime":5453,"current_hp_per_floor":[70,67,67,66,66,35,35,17,17,19,40,40,37,39,39,40,63,65,49,70,70,70,70,70,70,70,60,60,60,62,64,64,64,69,69,69,69,60,50,40,40,33,33,1,37,59,59,59,84,74],"items_purged":["Regret"],"gold":24,"score":1031,"play_id":"ea13ed4a-aa1b-4a20-b170-f8433c681886","local_time":"20180414195409","is_prod":false,"is_daily":false,"chose_seed":false,"is_ascension_mode":true,"campfire_upgraded":7,"timestamp":1523760849,"path_taken":["M","M","?","M","?","E","R","E","T","M","R","?","E","M","R","BOSS","M","?","?","$","M","R","?","?","T","E","$","R","E","?","R","BOSS","M","M","?","?","?","E","R","E","T","E","R","?","R","$","R","BOSS"],"build_version":"2018-04-12","seed_source_timestamp":955928960710330,"purchased_purges":1,"victory":true,"master_deck":["Defend_G","Defend_G","Defend_G","Defend_G","Defend_G","Strike_G","Strike_G+1","Survivor","Neutralize+1","Backflip","Noxious Fumes+1","Backstab+1","Adrenaline","Crippling Poison+1","Prepared","Footwork+1","Heel Hook","Burst+1","Catalyst+1","Escape Plan+1","Blind+1","Endless Agony","Calculated Gamble+1","Outmaneuver+1","Calculated Gamble+1","Night Terror+1","PiercingWail+1","Poisoned Stab+1","Madness+1","Madness+1","Panacea+1","Dark Shackles+1","Mind Blast","Footwork+1","Noxious Fumes+1","Caltrops","Acrobatics+1","PiercingWail+1","Envenom","Deadly Poison+1","Footwork+1"],"max_hp_per_floor":[70,70,70,70,70,70,70,70,70,70,70,70,70,70,70,70,70,70,70,70,70,70,70,70,70,70,70,70,70,70,70,70,70,70,70,70,70,70,70,70,70,70,70,70,70,84,84,84,84,84],"relics":["Ring of the Snake","Snake Skull","Old Coin","Mummified Hand","Blood Vial","Anchor","Sozu","Nilry\u0027s Codex","Toxic Egg 2","Letter Opener","Tough Bandages","Torii","Dream Catcher","Pen Nib","Cursed Key","Regal Pillow","Bird Faced Urn","Whetstone","Prayer Wheel","Mango","Bag of Marbles"],"card_choices":[{"not_picked":["Outmaneuver","Prepared"],"picked":"Backflip","floor":1},{"not_picked":["PiercingWail","Outmaneuver"],"picked":"Noxious Fumes","floor":2},{"not_picked":["Underhanded Strike","Terror"],"picked":"Backstab","floor":4},{"not_picked":["Blur","Backstab"],"picked":"Adrenaline","floor":6},{"not_picked":["Dagger Throw","Quick Slash"],"picked":"Crippling Poison","floor":8},{"not_picked":["Sucker Punch","Skewer"],"picked":"Prepared","floor":10},{"not_picked":["Dodge and Roll","Caltrops"],"picked":"Footwork","floor":13},{"not_picked":["Sucker Punch","Bane"],"picked":"Heel Hook","floor":14},{"not_picked":["Grand Finale","Corpse Explosion"],"picked":"Burst","floor":16},{"not_picked":["Dodge and Roll","Bane"],"picked":"Catalyst","floor":18},{"not_picked":["PiercingWail","Quick Slash"],"picked":"Endless Agony","floor":22},{"not_picked":["Backflip","Underhanded Strike"],"picked":"Bane","floor":27},{"not_picked":["Storm of Steel","Blade Dance"],"picked":"Outmaneuver","floor":30},{"not_picked":["Flying Knee","Backflip"],"picked":"Calculated Gamble","floor":31},{"not_picked":["Burst","Grand Finale"],"picked":"Night Terror","floor":33},{"not_picked":["Dagger Throw","Poisoned Stab"],"picked":"PiercingWail","floor":35},{"not_picked":["Endless Agony","Dagger Throw"],"picked":"Poisoned Stab","floor":36},{"not_picked":["Finesse","Dark Shackles"],"picked":"Panacea","floor":39},{"not_picked":["Bandage Up","Enlightenment"],"picked":"Dark Shackles","floor":39},{"not_picked":["Thinking Ahead","Good Instincts"],"picked":"Mind Blast","floor":39},{"not_picked":["Accuracy","Deadly Poison"],"picked":"Footwork","floor":40},{"not_picked":["Distraction","Dagger Throw"],"picked":"Noxious Fumes","floor":42},{"not_picked":["Night Terror","Outmaneuver"],"picked":"Caltrops","floor":44},{"not_picked":["Slice","Distraction"],"picked":"Acrobatics","floor":45},{"not_picked":["Cloak And Dagger","Slice"],"picked":"PiercingWail","floor":46},{"not_picked":["Cloak And Dagger","Poisoned Stab"],"picked":"Footwork","floor":49}],"player_experience":291602,"potions_floor_usage":[16,18,35],"damage_taken":[{"damage":0,"enemies":"Small Slimes","floor":1,"turns":3},{"damage":3,"enemies":"Jaw Worm","floor":2,"turns":4},{"damage":1,"enemies":"2 Louse","floor":4,"turns":3},{"damage":31,"enemies":"Gremlin Nob","floor":6,"turns":6},{"damage":18,"enemies":"Lagavulin","floor":8,"turns":8},{"damage":0,"enemies":"Looter","floor":10,"turns":3},{"damage":5,"enemies":"3 Sentries","floor":13,"turns":5},{"damage":0,"enemies":"Gremlin Gang","floor":14,"turns":5},{"damage":16,"enemies":"Slime Boss","floor":16,"turns":11},{"damage":0,"enemies":"2 Thieves","floor":18,"turns":4},{"damage":0,"enemies":"Shell Parasite","floor":22,"turns":3},{"damage":10,"enemies":"Slavers","floor":27,"turns":4},{"damage":0,"enemies":"Book of Stabbing","floor":30,"turns":4},{"damage":0,"enemies":"Centurion and Healer","floor":31,"turns":4},{"damage":2,"enemies":"Collector","floor":33,"turns":6},{"damage":1,"enemies":"3 Darklings","floor":35,"turns":4},{"damage":1,"enemies":"3 Shapes","floor":36,"turns":3},{"damage":12,"enemies":"Nemesis","floor":40,"turns":7},{"damage":9,"enemies":"Giant Head","floor":42,"turns":6},{"damage":42,"enemies":"Nemesis","floor":44,"turns":7},{"damage":0,"enemies":"Mysterious Sphere","floor":46,"turns":3},{"damage":12,"enemies":"Donu and Deca","floor":50,"turns":6}],"event_choices":[{"event_name":"The Cleric","player_choice":"Card Removal","floor":3,"damage_taken":0},{"event_name":"Bonfire Elementals","player_choice":"BASIC","floor":5,"damage_taken":0},{"event_name":"Wheel of Change","player_choice":"Card Removal","floor":12,"damage_taken":0},{"event_name":"Cursed Tome","player_choice":"Obtained Book","floor":19,"damage_taken":0},{"event_name":"The Library","player_choice":"Heal","floor":20,"damage_taken":0},{"event_name":"Winding Halls","player_choice":"Embrace Madness","floor":38,"damage_taken":0},{"event_name":"SensoryStone","player_choice":"Memory 3","floor":39,"damage_taken":0},{"event_name":"Mysterious Sphere","player_choice":"Fight","floor":46,"damage_taken":0}],"boss_relics":[{"not_picked":["Pandora\u0027s Box","Orrery"],"picked":"Sozu"},{"not_picked":["Eternal Feather","Astrolabe"],"picked":"Cursed Key"}],"potions_floor_spawned":[6,13,14,27,30,33,36,44],"seed_played":"7759191863048489417","ascension_level":5,"is_trial":false}