{"path_per_floor":["M","M","?","?","?","E","R","E","T","$","M","M","R","E","R","B",null,"M","?","?","?","?","R","E","$","T","?","R","?","E","M","R","B",null,"M","$","M","?","?","E","R","E","T","?","M","R","E","?","R","B"],"character_chosen":"THE_SILENT","items_purchased":["Mind Blast","Noxious Fumes","Purity","Underhanded Strike","Eviscerate","Caltrops"],"gold_per_floor":[118,137,212,212,212,238,238,271,316,63,77,89,89,120,120,222,222,242,242,242,242,242,242,267,14,14,114,114,74,103,123,123,225,225,242,0,12,61,61,90,90,124,124,124,134,134,169,0,0,0],"floor_reached":51,"campfire_rested":3,"playtime":6108,"current_hp_per_floor":[69,61,50,50,55,40,40,15,22,22,24,18,18,8,32,28,82,74,74,74,74,74,74,57,57,57,57,57,57,48,50,50,41,82,73,73,75,70,70,25,49,50,50,40,52,52,51,51,75,58],"items_purged":["Defend_G","Strike_G","Strike_G"],"gold":0,"score":868,"play_id":"199792b9-c86a-4eaf-b5a9-4031447fad82","local_time":"20180413185506","is_prod":false,"is_daily":false,"chose_seed":false,"is_ascension_mode":true,"campfire_upgraded":6,"timestamp":1523670906,"path_taken":["M","M","?","?","?","E","R","E","T","$","M","M","R","E","R","BOSS","M","?","?","?","?","R","E","?","T","?","R","?","E","M","R","BOSS","M","$","M","?","?","E","R","E","T","?","M","R","E","?","R","BOSS"],"build_version":"2018-04-12","seed_source_timestamp":0,"purchased_purges":3,"victory":true,"master_deck":["Defend_G","Defend_G","Defend_G","Survivor","Neutralize+1","Dagger Spray","Slice","Storm of Steel","Expertise+1","Heel Hook","Mind Blast","Noxious Fumes+1","Tools of the Trade+1","Deflect","Expertise+1","A Thousand Cuts+1","Prepared+1","Choke","Slice","Purity","Reflex","Deflect","Die Die Die","Envenom+1","Well Laid Plans+1","Wraith Form v2+1","Eviscerate","Caltrops","Prepared+1","A Thousand Cuts+1","Masterful Stab+1","Madness+1","Madness+1","Leg Sweep+1","Flechettes+1"],"max_hp_per_floor":[70,70,70,70,75,75,75,75,82,82,82,82,82,82,82,82,82,82,82,82,82,82,82,82,82,82,82,82,82,82,82,82,82,82,82,82,82,82,82,82,82,82,82,82,82,82,82,82,82,82],"relics":["Ring of the Snake","Happy Flower","Blood Vial","Strawberry","Bag of Marbles","Sozu","Juzu Bracelet","Question Card","Art of War","Bronze Scales","Astrolabe","Calipers","Vajra","Toxic Egg 2","Meat on the Bone","Gambling Chip","Red Mask"],"card_choices":[{"not_picked":["Sucker Punch","Skewer"],"picked":"Dagger Spray","floor":1.0},{"not_picked":["Quick Slash","Bane"],"picked":"Slice","floor":2.0},{"not_picked":["Prepared","Bane"],"picked":"Expertise","floor":6.0},{"not_picked":["Crippling Poison","Underhanded Strike"],"picked":"Heel Hook","floor":8.0},{"not_picked":["Underhanded Strike","Endless Agony"],"picked":"Tools of the Trade","floor":11.0},{"not_picked":["Slice","Sucker Punch"],"picked":"Deflect","floor":12.0},{"not_picked":["Tools of the Trade","Acrobatics"],"picked":"Expertise","floor":14.0},{"not_picked":["Glass Knife","Die Die Die"],"picked":"A Thousand Cuts","floor":16.0},{"not_picked":["PiercingWail","Deflect"],"picked":"Prepared","floor":18.0},{"not_picked":["Deflect","Dagger Throw"],"picked":"Slice","floor":24.0},{"not_picked":["Distraction","Flying Knee","Bane"],"picked":"Reflex","floor":30.0},{"not_picked":["Cloak And Dagger","Prepared","Skewer"],"picked":"Deflect","floor":31.0},{"not_picked":["Doppelganger","Phantasmal Killer","Glass Knife"],"picked":"Die Die Die","floor":33.0},{"not_picked":["Dodge and Roll","Deadly Poison","Cloak And Dagger"],"picked":"Prepared","floor":37},{"not_picked":["Dagger Throw","Well Laid Plans","Deflect"],"picked":"A Thousand Cuts","floor":38},{"not_picked":["Dagger Spray","Bane","Expertise"],"picked":"Masterful Stab","floor":40},{"not_picked":["Quick Slash","Outmaneuver","Unload"],"picked":"Leg Sweep","floor":45},{"not_picked":["Bouncing Flask","Deflect","Flying Knee"],"picked":"Flechettes","floor":47}],"player_experience":252242,"potions_floor_usage":[],"damage_taken":[{"damage":1.0,"enemies":"Cultist","floor":1.0,"turns":5.0},{"damage":8.0,"enemies":"2 Louse","floor":2.0,"turns":2.0},{"damage":15.0,"enemies":"3 Sentries","floor":6.0,"turns":8.0},{"damage":25.0,"enemies":"Gremlin Nob","floor":8.0,"turns":5.0},{"damage":0.0,"enemies":"Small Slimes","floor":11.0,"turns":2.0},{"damage":8.0,"enemies":"Blue Slaver","floor":12.0,"turns":3.0},{"damage":12.0,"enemies":"Lagavulin","floor":14.0,"turns":7.0},{"damage":6.0,"enemies":"Hexaghost","floor":16.0,"turns":9.0},{"damage":8.0,"enemies":"Shell Parasite","floor":18.0,"turns":5.0},{"damage":19.0,"enemies":"Book of Stabbing","floor":24.0,"turns":5.0},{"damage":11.0,"enemies":"Gremlin Leader","floor":30.0,"turns":4.0},{"damage":0.0,"enemies":"3 Byrds","floor":31.0,"turns":3.0},{"damage":11.0,"enemies":"Collector","floor":33.0,"turns":5.0},{"damage":9,"enemies":"Orb Walker","floor":35,"turns":4},{"damage":0,"enemies":"3 Shapes","floor":37,"turns":1},{"damage":7,"enemies":"Mysterious Sphere","floor":38,"turns":3},{"damage":47,"enemies":"Nemesis","floor":40,"turns":4},{"damage":1,"enemies":"Giant Head","floor":42,"turns":5},{"damage":2,"enemies":"3 Darklings","floor":45,"turns":2},{"damage":3,"enemies":"Nemesis","floor":47,"turns":5},{"damage":19,"enemies":"Donu and Deca","floor":50,"turns":4}],"event_choices":[{"event_name":"World of Goop","player_choice":"Gather Gold","floor":3.0,"damage_taken":0.0},{"event_name":"Living Wall","player_choice":"Change","floor":4.0,"damage_taken":0.0},{"event_name":"Big Fish","player_choice":"Donut","floor":5.0,"damage_taken":0.0},{"event_name":"The Mausoleum","player_choice":"Yes","floor":19.0,"damage_taken":0.0},{"event_name":"The Library","player_choice":"Read","floor":20.0,"damage_taken":0.0},{"event_name":"Purifier","player_choice":"One Purge","floor":21.0,"damage_taken":0.0},{"event_name":"Accursed Blacksmith","player_choice":"Forge","floor":22.0,"damage_taken":0.0},{"event_name":"Golden Shrine","player_choice":"Pray","floor":27.0,"damage_taken":0.0},{"event_name":"The Woman in Blue","player_choice":"Bought 3 Potions","floor":29.0,"damage_taken":0.0},{"event_name":"Mysterious Sphere","player_choice":"Fight","floor":38,"damage_taken":0},{"event_name":"Winding Halls","player_choice":"Embrace Madness","floor":44,"damage_taken":0},{"event_name":"Tomb of Lord Red Mask","player_choice":"Paid","floor":48,"damage_taken":0}],"boss_relics":[{"not_picked":["Black Star","Tiny House"],"picked":"Astrolabe"}],"potions_floor_spawned":[2,11,12,33,40,42],"seed_played":"-8162843163715127654","ascension_level":3,"is_trial":false}