{"gold_per_floor":[110,110,11,23,23,23,35,35,35,59,78,4,4,4,4,106,106,126,146,73,173,73,73,73,87,87,87,107,139,156,176,176,278,278,298,148,148,164,89,89,107,117,117,127,127,127,34,48,48,48],"floor_reached":51,"playtime":2209,"items_purged":["Strike_G","Strike_G"],"score":809,"play_id":"088ba3dd-5efe-4525-8edd-5b0d70b1cbec","local_time":"20180829212001","is_ascension_mode":true,"campfire_choices":[{"data":"Neutralize","floor":6,"key":"SMITH"},{"data":"Dash","floor":8,"key":"SMITH"},{"data":"Footwork","floor":13,"key":"SMITH"},{"data":"Footwork","floor":15,"key":"SMITH"},{"data":"Die Die Die","floor":23,"key":"SMITH"},{"data":"RitualDagger","floor":27,"key":"SMITH"},{"data":"Masterful Stab","floor":32,"key":"SMITH"},{"data":"Underhanded Strike","floor":40,"key":"SMITH"},{"data":"Caltrops","floor":45,"key":"SMITH"},{"data":"Malaise","floor":49,"key":"SMITH"}],"neow_cost":"NONE","seed_source_timestamp":2093231685894305,"circlet_count":0,"master_deck":["Defend_G","Defend_G","Defend_G","Defend_G","Strike_G","Strike_G","Strike_G","Survivor","Neutralize+1","Slice","Dagger Throw","Dash+1","Footwork+1","Underhanded Strike+1","Footwork+1","Die Die Die+1","Quick Slash","Well Laid Plans","RitualDagger+1","Leg Sweep+1","Dagger Throw+1","Masterful Stab+1","Dodge and Roll+1","Malaise+1","Reflex+1","Dodge and Roll+1","Caltrops+1","Impatience"],"relics":["Ring of the Snake","Strawberry","Blood Vial","Dodecahedron","Odd Mushroom","Du-Vu Doll","Coffee Dripper","Blue Candle","Gremlin Horn","Eternal Feather","Bronze Scales","Tingsha","Ninja Scroll"],"potions_floor_usage":[10,29,30,33,35,42,50],"damage_taken":[{"damage":6,"enemies":"Jaw Worm","floor":1,"turns":7},{"damage":1,"enemies":"Small Slimes","floor":4,"turns":3},{"damage":0,"enemies":"2 Louse","floor":7,"turns":2},{"damage":5,"enemies":"The Mushroom Lair","floor":10,"turns":5},{"damage":8,"enemies":"Lots of Slimes","floor":11,"turns":5},{"damage":30,"enemies":"Hexaghost","floor":16,"turns":18},{"damage":1,"enemies":"Chosen","floor":18,"turns":6},{"damage":12,"enemies":"2 Thieves","floor":19,"turns":4},{"damage":9,"enemies":"Sentry and Sphere","floor":25,"turns":6},{"damage":0,"enemies":"Centurion and Healer","floor":28,"turns":7},{"damage":16,"enemies":"Slavers","floor":29,"turns":6},{"damage":12,"enemies":"Snake Plant","floor":30,"turns":3},{"damage":14,"enemies":"Sentry and Sphere","floor":31,"turns":4},{"damage":2,"enemies":"Collector","floor":33,"turns":20},{"damage":6,"enemies":"3 Shapes","floor":35,"turns":4},{"damage":0,"enemies":"Mind Bloom Boss Battle","floor":37,"turns":3},{"damage":21,"enemies":"3 Darklings","floor":38,"turns":4},{"damage":3,"enemies":"Flame Bruiser 2 Orb","floor":41,"turns":5},{"damage":28,"enemies":"Spire Growth","floor":42,"turns":6},{"damage":11,"enemies":"Jaw Worm Horde","floor":44,"turns":4},{"damage":0,"enemies":"Sphere and 2 Shapes","floor":48,"turns":2},{"damage":55,"enemies":"Time Eater","floor":50,"turns":13}],"seed_played":"-113786857712631801","potions_obtained":[{"floor":1,"key":"LiquidBronze"},{"floor":10,"key":"Explosive Potion"},{"floor":18,"key":"FearPotion"},{"floor":28,"key":"SpeedPotion"},{"floor":30,"key":"GhostInAJar"},{"floor":33,"key":"Energy Potion"},{"floor":35,"key":"GamblersBrew"},{"floor":38,"key":"Block Potion"},{"floor":41,"key":"EssenceOfSteel"},{"floor":42,"key":"GamblersBrew"}],"is_trial":false,"path_per_floor":["M","?","$","M","?","R","M","R","T","?","M","$","R","T","R","B",null,"M","M","$","?","$","R","?","M","T","R","M","E","M","M","R","B",null,"M","$","?","M","$","R","M","M","T","M","R","?","$","M","R","B"],"character_chosen":"THE_SILENT","items_purchased":["Slice","Footwork","Well Laid Plans","Bronze Scales","Caltrops","Impatience"],"campfire_rested":0,"item_purchase_floors":[3,12,20,36,39,47],"current_hp_per_floor":[71,64,64,65,70,70,72,72,72,69,63,63,63,63,63,35,70,71,61,61,61,61,61,55,48,48,48,50,36,26,14,14,14,65,61,61,63,44,44,59,58,32,32,23,38,38,38,40,55,2],"gold":48,"neow_bonus":"RANDOM_COMMON_RELIC","is_prod":false,"is_daily":false,"chose_seed":false,"campfire_upgraded":10,"win_rate":0,"timestamp":1535592001,"path_taken":["M","?","$","M","?","R","?","R","T","?","M","?","R","?","R","BOSS","M","?","$","?","?","R","?","M","T","R","M","E","M","M","R","BOSS","M","$","?","M","$","R","?","M","T","M","R","?","$","M","R","BOSS"],"build_version":"2018-08-28","purchased_purges":2,"victory":true,"max_hp_per_floor":[77,77,77,77,82,82,82,82,82,82,82,82,82,82,82,82,82,82,82,82,82,82,82,82,82,82,82,82,82,82,82,82,82,82,82,82,82,82,82,82,82,82,82,82,82,82,82,82,82,82],"card_choices":[{"not_picked":["Escape Plan","Bane","Flying Knee"],"picked":"SKIP","floor":1},{"not_picked":["Outmaneuver","Backflip"],"picked":"Dagger Throw","floor":4},{"not_picked":["Eviscerate","Tactician"],"picked":"Dash","floor":7},{"not_picked":["Slice","Adrenaline"],"picked":"Footwork","floor":10},{"not_picked":["Sucker Punch","Cloak And Dagger"],"picked":"Underhanded Strike","floor":11},{"not_picked":["Burst","Wraith Form v2"],"picked":"Die Die Die","floor":16},{"not_picked":["Crippling Poison","Reflex"],"picked":"Quick Slash","floor":18},{"not_picked":["Flying Knee","Skewer","Underhanded Strike"],"picked":"SKIP","floor":19},{"not_picked":["Skewer","Bouncing Flask+1","Crippling Poison"],"picked":"SKIP","floor":25},{"not_picked":["Accuracy","Underhanded Strike"],"picked":"Leg Sweep+1","floor":28},{"not_picked":["Riddle With Holes","Dodge and Roll"],"picked":"Dagger Throw+1","floor":29},{"not_picked":["Blade Dance","PiercingWail"],"picked":"Masterful Stab","floor":30},{"not_picked":["Acrobatics","Leg Sweep"],"picked":"Dodge and Roll+1","floor":31},{"not_picked":["Corpse Explosion","Night Terror"],"picked":"Malaise","floor":33},{"not_picked":["Outmaneuver+1","Crippling Poison"],"picked":"Reflex+1","floor":35},{"not_picked":["Dash","Calculated Gamble"],"picked":"Dodge and Roll+1","floor":38},{"not_picked":["PiercingWail","Cloak And Dagger","Deflect"],"picked":"SKIP","floor":41},{"not_picked":["Infinite Blades","Cloak And Dagger","Acrobatics"],"picked":"SKIP","floor":42},{"not_picked":["Sucker Punch+1","Underhanded Strike","Catalyst+1"],"picked":"SKIP","floor":44},{"not_picked":["Sucker Punch","Poisoned Stab","Bouncing Flask"],"picked":"SKIP","floor":48}],"player_experience":883742,"relics_obtained":[{"floor":9,"key":"Dodecahedron"},{"floor":10,"key":"Odd Mushroom"},{"floor":14,"key":"Du-Vu Doll"},{"floor":26,"key":"Blue Candle"},{"floor":29,"key":"Gremlin Horn"},{"floor":37,"key":"Tingsha"},{"floor":43,"key":"Ninja Scroll"}],"event_choices":[{"event_name":"Scrap Ooze","player_choice":"success","floor":2,"damage_taken":7},{"event_name":"Big Fish","player_choice":"Donut","floor":5,"damage_taken":0},{"event_name":"Mushrooms","player_choice":"Fought Mushrooms","floor":10,"damage_taken":0},{"event_name":"Golden Shrine","player_choice":"Pray","floor":21,"damage_taken":0},{"event_name":"Nest","player_choice":"Joined the Cult","floor":24,"damage_taken":0},{"event_name":"MindBloom","player_choice":"Fight","floor":37,"damage_taken":0},{"event_name":"Falling","player_choice":"Removed Skill","floor":46,"damage_taken":0}],"is_beta":true,"boss_relics":[{"not_picked":["Runic Dome","Fusion Hammer"],"picked":"Coffee Dripper"},{"not_picked":["HoveringKite","Black Star"],"picked":"Eternal Feather"}],"items_purged_floors":[3,22],"is_endless":false,"potions_floor_spawned":[1,10,18,28,30,33,35,38,41,42],"ascension_level":5}