{"gold_per_floor":[119,131,147,20,20,50,50,62,62,75,75,35,35,45,45,120,120,133,147,161,161,76,76,76,76,154,154],"floor_reached":27,"playtime":1990,"items_purged":["Strike_B"],"score":591,"play_id":"26eff50f-a5ed-442b-b359-025c6d3045d8","local_time":"20190827130814","is_ascension_mode":true,"campfire_choices":[{"data":"Loop","floor":7.0,"key":"SMITH"},{"data":"Zap","floor":11.0,"key":"SMITH"},{"floor":13.0,"key":"REST"},{"data":"Rip and Tear","floor":15.0,"key":"SMITH"},{"data":"Doom and Gloom","floor":23.0,"key":"SMITH"}],"neow_cost":"NONE","seed_source_timestamp":0,"circlet_count":0,"master_deck":["AscendersBane","Defend_B","Defend_B","Defend_B","Zap+1","Dualcast","Loop+1","Coolheaded","Steam","Leap","Cold Snap","Coolheaded","Machine Learning","Rip and Tear+1","Ball Lightning","Core Surge","Conserve Battery","Doom and Gloom+1","Bite","Bite","Bite","Bite","Bite","Ghostly","Ghostly","Ghostly"],"special_seed":0,"relics":["Cracked Core","NeowsBlessing","DataDisk","Vajra","Snecko Eye","Mummified Hand","Bottled Tornado"],"potions_floor_usage":[25,25,25,25],"damage_taken":[{"damage":0.0,"enemies":"Cultist","floor":1.0,"turns":1.0},{"damage":0.0,"enemies":"Jaw Worm","floor":2.0,"turns":1.0},{"damage":0.0,"enemies":"2 Louse","floor":3.0,"turns":1.0},{"damage":37.0,"enemies":"3 Sentries","floor":6.0,"turns":9.0},{"damage":0.0,"enemies":"Looter","floor":8.0,"turns":3.0},{"damage":5.0,"enemies":"3 Louse","floor":10.0,"turns":4.0},{"damage":1.0,"enemies":"Blue Slaver","floor":14.0,"turns":3.0},{"damage":0.0,"enemies":"The Guardian","floor":16.0,"turns":9.0},{"damage":18.0,"enemies":"3 Byrds","floor":18.0,"turns":7.0},{"damage":9.0,"enemies":"Chosen","floor":19.0,"turns":4.0},{"damage":11.0,"enemies":"Centurion and Healer","floor":20.0,"turns":6.0},{"damage":1,"enemies":"Gremlin Leader","floor":25,"turns":4},{"damage":27,"enemies":"Book of Stabbing","floor":27,"turns":5}],"seed_played":"5991725045948167667","potions_obtained":[{"floor":1.0,"key":"FairyPotion"},{"floor":6.0,"key":"EntropicBrew"},{"floor":16.0,"key":"Dexterity Potion"}],"is_trial":false,"path_per_floor":["M","M","M","$","?","E","R","M","T","M","R","$","R","M","R","B",null,"M","M","M","?","?","R","?","E","T","E"],"character_chosen":"DEFECT","items_purchased":["Leap","Rip and Tear"],"campfire_rested":1,"item_purchase_floors":[4,12],"current_hp_per_floor":[64,64,64,64,57,20,20,20,20,15,15,15,36,35,35,35,62,44,35,24,24,24,24,24,23,23,0],"gold":154,"neow_bonus":"THREE_ENEMY_KILL","is_prod":false,"is_daily":false,"chose_seed":false,"campfire_upgraded":4,"win_rate":0,"timestamp":1566936494,"path_taken":["M","M","M","?","?","E","R","?","T","M","R","$","R","M","R","BOSS","BOSS","M","?","?","?","?","R","?","E","T","E"],"build_version":"2019-07-17","purchased_purges":1,"victory":false,"max_hp_per_floor":[71,71,71,71,71,71,71,71,71,71,71,71,71,71,71,71,71,71,71,71,49,49,49,24,24,24,24],"card_choices":[{"not_picked":["Compile Driver","Leap"],"picked":"Loop","floor":1.0},{"not_picked":["Reinforced Body","Melter"],"picked":"Coolheaded","floor":2.0},{"not_picked":["Turbo","Beam Cell"],"picked":"Steam","floor":3.0},{"not_picked":["Leap","Beam Cell"],"picked":"Cold Snap","floor":6.0},{"not_picked":["Go for the Eyes","Rebound"],"picked":"Coolheaded","floor":8.0},{"not_picked":["Streamline","Hologram"],"picked":"Machine Learning","floor":10.0},{"not_picked":["Stack","Streamline"],"picked":"Ball Lightning","floor":14.0},{"not_picked":["Multi-Cast","Thunder Strike"],"picked":"Core Surge","floor":16.0},{"not_picked":["Ball Lightning","Sweeping Beam"],"picked":"Conserve Battery","floor":18.0},{"not_picked":["Conserve Battery","Coolheaded"],"picked":"Doom and Gloom","floor":19.0},{"not_picked":["Double Energy","Steam Power","Melter"],"picked":"SKIP","floor":20.0}],"player_experience":784902,"relics_obtained":[{"floor":6.0,"key":"DataDisk"},{"floor":9.0,"key":"Vajra"},{"floor":26,"key":"Bottled Tornado"}],"event_choices":[{"cards_removed":["Defend_B"],"damage_healed":0.0,"max_hp_gain":0.0,"max_hp_loss":0.0,"gold_gain":0.0,"event_name":"Golden Wing","player_choice":"Card Removal","floor":5.0,"gold_loss":0.0,"damage_taken":7.0},{"damage_healed":0.0,"max_hp_gain":0.0,"max_hp_loss":22.0,"gold_gain":0.0,"event_name":"Vampires","player_choice":"Became a vampire","floor":21.0,"gold_loss":0.0,"damage_taken":0.0,"cards_obtained":["Bite","Bite","Bite","Bite","Bite"]},{"damage_healed":0.0,"max_hp_gain":0.0,"max_hp_loss":0.0,"gold_gain":0.0,"event_name":"Addict","player_choice":"Obtained Relic","floor":22.0,"gold_loss":85.0,"damage_taken":0.0,"relics_obtained":["Mummified Hand"]},{"damage_healed":0.0,"max_hp_gain":0.0,"max_hp_loss":25.0,"gold_gain":0.0,"event_name":"Ghosts","player_choice":"Became a Ghost","floor":24.0,"gold_loss":0.0,"damage_taken":0.0,"cards_obtained":["Ghostly","Ghostly","Ghostly"]}],"is_beta":false,"boss_relics":[{"not_picked":["Philosopher\u0027s Stone","Sozu"],"picked":"Snecko Eye"}],"items_purged_floors":[4],"is_endless":false,"potions_floor_spawned":[1,6,14,16,20,25],"killed_by":"Book of Stabbing","ascension_level":20}