{"path_per_floor":["M","?","M","?","?","R","M","R","T","R","M","?","M","M","R","B",null,"M","$","M","?","M","R","?","?","T","R","?","M","R","?","R","B",null,"M","?","M","?","$","R"],"character_chosen":"DEFECT","items_purchased":["Capacitor"],"gold_per_floor":[115,65,75,55,55,55,70,70,94,94,104,104,119,130,130,231,231,231,231,231,231,231,231,231,156,156,156,156,156,156,71,71,71,71,71,71,71,71,17,17,17],"floor_reached":41,"campfire_rested":0,"playtime":1458,"item_purchase_floors":[39],"current_hp_per_floor":[75,75,72,72,72,72,71,71,71,71,70,70,70,70,70,1,75,73,73,71,71,59,59,59,59,59,59,75,72,72,82,82,46,85,81,81,81,70,70,70,0],"items_purged":[],"gold":17,"score":379,"play_id":"c3b3624f-d6d5-4b61-8323-43cad15b1f23","local_time":"20180523224741","is_prod":false,"is_daily":false,"chose_seed":false,"is_ascension_mode":false,"campfire_upgraded":9,"win_rate":0.056603774,"timestamp":1527130061,"campfire_choices":[{"data":"FTL","floor":6,"key":"SMITH"},{"data":"Fusion","floor":8,"key":"SMITH"},{"data":"Dualcast","floor":10,"key":"SMITH"},{"data":"Hologram","floor":15,"key":"SMITH"},{"data":"Rainbow","floor":23,"key":"SMITH"},{"data":"Gash","floor":27,"key":"SMITH"},{"data":"Lockon","floor":30,"key":"SMITH"},{"data":"Steam","floor":32,"key":"SMITH"},{"data":"Capacitor","floor":40,"key":"SMITH"}],"path_taken":["M","?","M","?","?","R","M","R","T","R","M","?","M","M","R","BOSS","M","$","M","?","M","R","?","?","T","R","?","M","R","?","R","BOSS","M","?","M","?","$","R","M"],"build_version":"2018-05-22","seed_source_timestamp":78168968370537,"purchased_purges":0,"victory":false,"master_deck":["Defend_B","Defend_B","Defend_B","Defend_B","Zap+1","Dualcast+1","FTL+1","Fusion+1","Chill","Coolheaded","Steam+1","Hologram+1","Rainbow+1","Compile Driver","Cold Snap","Gash+1","Lockon+1","Rainbow","Chaos","Redo","Madness","Madness","Capacitor+1"],"max_hp_per_floor":[75,75,75,75,75,75,75,75,75,75,75,75,75,75,75,75,75,75,75,75,75,75,75,75,75,75,75,75,75,75,85,85,85,85,85,85,85,85,85,85,85],"relics":["Cracked Core","Juzu Bracelet","Ectoplasm","Bag of Marbles","Pear","Cursed Key"],"card_choices":[{"not_picked":["Coolheaded","Conserve Battery"],"picked":"FTL","floor":1},{"not_picked":["Turbo","Capacitor","Genetic Algorithm"],"picked":"SKIP","floor":3},{"not_picked":["Steam","Go for the Eyes"],"picked":"Fusion","floor":7},{"not_picked":["Cold Snap","Aggregate"],"picked":"Chill","floor":11},{"not_picked":["Biased Cognition","Fusion"],"picked":"Steam","floor":13},{"not_picked":["Coolheaded","Leap"],"picked":"Hologram","floor":14},{"not_picked":["All For One","Thunder Strike"],"picked":"Rainbow","floor":16},{"not_picked":["Fusion","Axe Kick"],"picked":"Compile Driver","floor":18},{"not_picked":["Chill","Barrage"],"picked":"Cold Snap","floor":20},{"not_picked":["Hologram","Storm"],"picked":"Gash","floor":22},{"not_picked":["Genetic Algorithm","Steam"],"picked":"Lockon","floor":29},{"not_picked":["Electrodynamics","Multi-Cast"],"picked":"Rainbow","floor":33},{"not_picked":["Capacitor","Leap"],"picked":"Chaos","floor":35},{"not_picked":["Steam+1","Cold Snap+1"],"picked":"Redo","floor":37}],"player_experience":495857,"potions_floor_usage":[14,16,29],"damage_taken":[{"damage":0,"enemies":"Cultist","floor":1,"turns":4},{"damage":3,"enemies":"Jaw Worm","floor":3,"turns":3},{"damage":1,"enemies":"2 Louse","floor":7,"turns":2},{"damage":1,"enemies":"Exordium Wildlife","floor":11,"turns":3},{"damage":0,"enemies":"Exordium Thugs","floor":13,"turns":4},{"damage":0,"enemies":"Large Slime","floor":14,"turns":6},{"damage":69,"enemies":"Slime Boss","floor":16,"turns":16},{"damage":2,"enemies":"Spheric Guardian","floor":18,"turns":4},{"damage":2,"enemies":"3 Byrds","floor":20,"turns":4},{"damage":12,"enemies":"Snake Plant","floor":22,"turns":4},{"damage":3,"enemies":"Snecko","floor":29,"turns":6},{"damage":36,"enemies":"Champ","floor":33,"turns":12},{"damage":4,"enemies":"3 Shapes","floor":35,"turns":6},{"damage":0,"enemies":"Flame Bruiser 1 Orb","floor":37,"turns":5},{"damage":74,"enemies":"4 Shapes","floor":41,"turns":3}],"relics_obtained":[{"floor":9,"key":"Juzu Bracelet"},{"floor":26,"key":"Bag of Marbles"}],"event_choices":[{"event_name":"The Cleric","player_choice":"Card Removal","floor":2,"damage_taken":0},{"event_name":"World of Goop","player_choice":"Left","floor":4,"damage_taken":0},{"event_name":"Shining Light","player_choice":"Ignored","floor":5,"damage_taken":0},{"event_name":"Living Wall","player_choice":"Change","floor":12,"damage_taken":0},{"event_name":"Vampires","player_choice":"Ignored","floor":21,"damage_taken":0},{"event_name":"Back to Basics","player_choice":"Elegance","floor":24,"damage_taken":0},{"event_name":"Beggar","player_choice":"Gave Gold","floor":25,"damage_taken":0},{"event_name":"Wheel of Change","player_choice":"Full Heal","floor":28,"damage_taken":0},{"event_name":"Addict","player_choice":"Obtained Relic","floor":31,"damage_taken":0},{"event_name":"The Woman in Blue","player_choice":"Bought 0 Potions","floor":36,"damage_taken":0},{"event_name":"Winding Halls","player_choice":"Embrace Madness","floor":38,"damage_taken":0}],"boss_relics":[{"not_picked":["Pandora\u0027s Box","Lizard Tail"],"picked":"Ectoplasm"},{"not_picked":["Orrery","Sozu"],"picked":"Cursed Key"}],"items_purged_floors":[],"potions_floor_spawned":[7,11,16,22,29,37],"seed_played":"6080223855260443211","killed_by":"4 Shapes","ascension_level":0,"potions_obtained":[{"floor":7,"key":"Swift Potion"},{"floor":11,"key":"Explosive Potion"},{"floor":16,"key":"Block Potion"},{"floor":22,"key":"Ancient Potion"},{"floor":29,"key":"Energy Potion"},{"floor":37,"key":"Strength Potion"}],"is_trial":false}