{"gold_per_floor":[116,116,136,147,222,255,280,292,304,316,347,359,371,396,408,544,556,581,612,624,657,669,681,693],"floor_reached":24,"playtime":485,"items_purged":[],"score":360,"play_id":"b6906803-4ed4-4e48-aef9-bc376842b46d","local_time":"20181023205858","is_ascension_mode":true,"campfire_choices":[{"floor":13,"key":"REST"},{"data":"Inflame","floor":15,"key":"SMITH"},{"floor":23,"key":"REST"}],"neow_cost":"NONE","seed_source_timestamp":334349736473073,"circlet_count":0,"master_deck":["Strike_R","Strike_R+1","Strike_R","Strike_R","Strike_R","Defend_R","Defend_R","Defend_R","Defend_R","Bash","Inflame+1","Thunderclap","Anger+1","Uppercut","Cleave","Immolate","Iron Wave","Armaments+1"],"relics":["Burning Blood","NeowsBlessing","MawBank","Whetstone","Golden Idol","Philosopher\u0027s Stone","Singing Bowl"],"potions_floor_usage":[14,16,24],"damage_taken":[{"damage":0,"enemies":"2 Louse","floor":1,"turns":1},{"damage":0,"enemies":"Small Slimes","floor":3,"turns":1},{"damage":0,"enemies":"Cultist","floor":4,"turns":1},{"damage":60,"enemies":"Lagavulin","floor":6,"turns":6},{"damage":10,"enemies":"3 Louse","floor":7,"turns":4},{"damage":9,"enemies":"Blue Slaver","floor":11,"turns":4},{"damage":24,"enemies":"Exordium Thugs","floor":14,"turns":3},{"damage":0,"enemies":"Slime Boss","floor":16,"turns":5},{"damage":11,"enemies":"Chosen","floor":18,"turns":3},{"damage":18,"enemies":"3 Byrds","floor":19,"turns":3},{"damage":30,"enemies":"Sentry and Sphere","floor":21,"turns":4},{"damage":54,"enemies":"Book of Stabbing","floor":24,"turns":4}],"seed_played":"1338373847240641111","potions_obtained":[{"floor":1,"key":"Strength Potion"},{"floor":4,"key":"Swift Potion"},{"floor":7,"key":"AttackPotion"},{"floor":8,"key":"FairyPotion"},{"floor":19,"key":"GamblersBrew"},{"floor":21,"key":"PowerPotion"}],"is_trial":false,"path_per_floor":["M","?","M","M","?","E","M","?","T","?","M","$","R","M","R","B",null,"M","M","?","M","?","R"],"character_chosen":"IRONCLAD","items_purchased":[],"campfire_rested":2,"item_purchase_floors":[],"current_hp_per_floor":[78,83,85,85,74,20,16,16,16,16,13,13,36,18,18,24,65,60,48,48,24,24,47,0],"gold":693,"neow_bonus":"THREE_ENEMY_KILL","is_prod":false,"is_daily":false,"chose_seed":false,"campfire_upgraded":1,"win_rate":0,"timestamp":1540342738,"path_taken":["M","?","M","?","?","E","M","?","T","?","M","$","R","M","R","BOSS","M","M","?","?","?","R","E"],"build_version":"2018-10-22","purchased_purges":0,"victory":false,"max_hp_per_floor":[80,85,85,85,85,85,85,85,85,79,79,79,79,79,79,79,79,79,79,79,79,79,79,79],"card_choices":[{"not_picked":["Corruption","Pommel Strike"],"picked":"Inflame","floor":1},{"not_picked":["Sentinel","Power Through"],"picked":"Thunderclap","floor":3},{"not_picked":["Perfected Strike","Flex","Thunderclap"],"picked":"SKIP","floor":4},{"not_picked":["Warcry","Entrench"],"picked":"Anger","floor":6},{"not_picked":["Sword Boomerang","Perfected Strike"],"picked":"Uppercut","floor":7},{"not_picked":["Carnage","Reckless Charge"],"picked":"Cleave","floor":11},{"not_picked":["Perfected Strike","True Grit","Flame Barrier"],"picked":"SKIP","floor":14},{"not_picked":["Juggernaut","Exhume"],"picked":"Immolate","floor":16},{"not_picked":["Wild Strike+1","Clothesline","Searing Blow"],"picked":"SKIP","floor":18},{"not_picked":["Flex","Havoc"],"picked":"Iron Wave","floor":19},{"not_picked":["Wild Strike","Sword Boomerang"],"picked":"Armaments+1","floor":21}],"player_experience":944089,"relics_obtained":[{"floor":6,"key":"MawBank"},{"floor":9,"key":"Whetstone"}],"event_choices":[{"damage_healed":0,"gold_gain":0,"player_choice":"Donut","damage_taken":0,"max_hp_gain":5,"max_hp_loss":0,"event_name":"Big Fish","floor":2,"gold_loss":0},{"damage_healed":0,"gold_gain":75,"player_choice":"Gather Gold","damage_taken":11,"max_hp_gain":0,"max_hp_loss":0,"event_name":"World of Goop","floor":5,"gold_loss":0},{"damage_healed":0,"gold_gain":0,"player_choice":"Got Potions","damage_taken":0,"max_hp_gain":0,"max_hp_loss":0,"event_name":"The Lab","floor":8,"gold_loss":0},{"damage_healed":0,"gold_gain":0,"player_choice":"Lose Max HP","damage_taken":0,"relics_obtained":["Golden Idol"],"max_hp_gain":0,"max_hp_loss":6,"event_name":"Golden Idol","floor":10,"gold_loss":0},{"damage_healed":0,"gold_gain":0,"player_choice":"Gave Potion","damage_taken":0,"relics_obtained":["Singing Bowl"],"max_hp_gain":0,"max_hp_loss":0,"event_name":"WeMeetAgain","floor":20,"gold_loss":0},{"damage_healed":0,"gold_gain":0,"player_choice":"Ignored","damage_taken":0,"max_hp_gain":0,"max_hp_loss":0,"event_name":"The Mausoleum","floor":22,"gold_loss":0}],"is_beta":true,"boss_relics":[{"not_picked":["Calling Bell","Empty Cage"],"picked":"Philosopher\u0027s Stone"}],"items_purged_floors":[],"is_endless":false,"potions_floor_spawned":[1,4,7,11,19,21],"killed_by":"Book of Stabbing","ascension_level":9}