{"gold_per_floor":[211,46,46,46,63,123,86,86,86,86,99,118,134,163,163,163],"floor_reached":16,"playtime":580,"items_purged":[],"score":209,"play_id":"7c3b03ca-70f5-4424-a195-564e29183b26","local_time":"20190913233749","is_ascension_mode":true,"campfire_choices":[{"floor":8.0,"key":"REST"},{"data":"Armaments","floor":15.0,"key":"SMITH"}],"neow_cost":"NONE","seed_source_timestamp":118071973305300,"circlet_count":0,"master_deck":["AscendersBane","Strike_R","Strike_R","Strike_R","Strike_R","Defend_R","Defend_R","Defend_R","Defend_R","Bash","Shockwave","Armaments+1","Cleave","Limit Break","Shrug It Off","Exhume","Feel No Pain","Double Tap","Thunderclap","Corruption"],"special_seed":0,"relics":["Burning Blood","Tiny Chest","Shuriken","Dodecahedron"],"potions_floor_usage":[16],"damage_taken":[{"damage":9.0,"enemies":"Jaw Worm","floor":1.0,"turns":4.0},{"damage":3.0,"enemies":"Small Slimes","floor":5.0,"turns":3.0},{"damage":45.0,"enemies":"Lagavulin","floor":6.0,"turns":7.0},{"damage":3.0,"enemies":"2 Louse","floor":11.0,"turns":2.0},{"damage":9.0,"enemies":"Blue Slaver","floor":12.0,"turns":5.0},{"damage":10.0,"enemies":"2 Fungi Beasts","floor":13.0,"turns":3.0},{"damage":18.0,"enemies":"3 Sentries","floor":14.0,"turns":8.0},{"damage":53,"enemies":"The Guardian","floor":16,"turns":13}],"seed_played":"-8537100652348646104","potions_obtained":[{"floor":1.0,"key":"Poison Potion"},{"floor":5.0,"key":"Poison Potion"},{"floor":14.0,"key":"BloodPotion"}],"is_trial":false,"path_per_floor":["M","$","?","?","M","E","$","R","T","?","M","M","M","E","R","B"],"character_chosen":"IRONCLAD","items_purchased":["Shockwave","Armaments","Cleave","Feel No Pain"],"campfire_rested":1,"item_purchase_floors":[2,2,2,7],"current_hp_per_floor":[65,65,65,65,68,29,29,51,51,51,54,51,47,35,35,0],"gold":163,"neow_bonus":"HUNDRED_GOLD","is_prod":false,"is_daily":false,"chose_seed":false,"campfire_upgraded":1,"win_rate":0,"timestamp":1568435869,"path_taken":["M","$","?","?","M","E","$","R","T","?","M","?","M","E","R","BOSS"],"build_version":"2019-09-12","purchased_purges":0,"victory":false,"max_hp_per_floor":[75,75,75,75,75,75,75,75,75,75,75,75,75,75,75,75],"card_choices":[{"not_picked":["Iron Wave","Combust","Clash"],"picked":"SKIP","floor":1.0},{"not_picked":["Power Through","Intimidate"],"picked":"Shrug It Off","floor":5.0},{"not_picked":["Warcry","Armaments"],"picked":"Exhume","floor":6.0},{"not_picked":["Havoc","Cleave"],"picked":"Double Tap","floor":11.0},{"not_picked":["Iron Wave","Blood for Blood"],"picked":"Thunderclap","floor":12.0},{"not_picked":["Headbutt","Shrug It Off","Warcry"],"picked":"SKIP","floor":13.0},{"not_picked":["Second Wind","Seeing Red"],"picked":"Corruption","floor":14.0}],"player_experience":1306272,"relics_obtained":[{"floor":6.0,"key":"Tiny Chest"},{"floor":9.0,"key":"Shuriken"},{"floor":14.0,"key":"Dodecahedron"}],"event_choices":[{"damage_healed":0.0,"max_hp_gain":0.0,"max_hp_loss":0.0,"gold_gain":0.0,"cards_transformed":["Strike_R"],"event_name":"Living Wall","player_choice":"Change","floor":3.0,"gold_loss":0.0,"damage_taken":0.0,"cards_obtained":["Limit Break"]},{"damage_healed":0.0,"max_hp_gain":0.0,"max_hp_loss":0.0,"gold_gain":0.0,"event_name":"The Cleric","player_choice":"Leave","floor":4.0,"gold_loss":0.0,"damage_taken":0.0},{"damage_healed":0.0,"max_hp_gain":0.0,"max_hp_loss":0.0,"gold_gain":0.0,"event_name":"Liars Game","player_choice":"Ignored","floor":10.0,"gold_loss":0.0,"damage_taken":0.0}],"is_beta":true,"boss_relics":[],"items_purged_floors":[],"is_endless":false,"potions_floor_spawned":[1,5,14],"killed_by":"The Guardian","ascension_level":18}