{"path_per_floor":["M","?","M","M","M","R","M","M","T","?","R","?","R","M","R","B",null,"M","M","?","?","$","R","M","R","T","M","R"],"character_chosen":"DEFECT","items_purchased":["Letter Opener","Mind Blast","Impulse"],"gold_per_floor":[117,117,134,149,168,168,178,197,277,377,377,435,435,448,448,545,545,557,569,569,569,113,113,128,128,128,147,147,147],"floor_reached":29,"campfire_rested":1,"playtime":2280,"current_hp_per_floor":[75,75,74,69,65,65,51,49,49,49,49,49,49,47,47,28,75,41,21,5,5,5,27,14,14,24,24,24,0],"items_purged":["Strike_B"],"gold":147,"score":239,"play_id":"1b5b0e7d-dced-41b8-a3be-eb446c90ae51","local_time":"20180428002727","is_prod":false,"is_daily":false,"chose_seed":false,"is_ascension_mode":true,"campfire_upgraded":6,"timestamp":1524900447,"path_taken":["M","?","?","M","?","R","M","M","T","?","R","?","R","M","R","BOSS","M","M","?","?","$","R","M","R","T","?","R","M"],"build_version":"2018-04-26v2","seed_source_timestamp":184170081359240,"purchased_purges":1,"victory":false,"master_deck":["Strike_B","Strike_B","Strike_B","Defend_B","Defend_B","Defend_B","Defend_B","Zap+1","Dualcast","Defragment+1","Chill","Auto Shields+1","Genetic Algorithm+1","Streamline","White Noise+1","Turbo+1","Thunder Strike","Amplify","Conserve Battery","Flux Capacitor","Necronomicurse","Mind Blast","Impulse+1","Aggregate"],"max_hp_per_floor":[75,75,75,75,75,75,75,75,75,75,75,75,75,75,75,75,75,75,75,75,75,75,75,75,75,85,85,85,85],"relics":["Cracked Core","Kunai","Vajra","Sozu","Necronomicon","Letter Opener","Pear"],"card_choices":[{"not_picked":["Streamline","Melter"],"picked":"Defragment","floor":1},{"not_picked":["Rebound","Go for the Eyes"],"picked":"Chill","floor":3},{"not_picked":["Skim","Capacitor"],"picked":"Auto Shields","floor":4},{"not_picked":["Streamline","Coolheaded"],"picked":"Genetic Algorithm","floor":5},{"not_picked":["Skim","Stack"],"picked":"Streamline","floor":7},{"not_picked":["Capacitor","Axe Kick"],"picked":"White Noise","floor":8},{"not_picked":["Leap","Capacitor"],"picked":"Turbo","floor":12},{"not_picked":["Turbo","Reinforced Body"],"picked":"Thunder Strike","floor":14},{"not_picked":["Fusion","Multi-Cast"],"picked":"Amplify","floor":16},{"not_picked":["Streamline","Ball Lightning"],"picked":"Conserve Battery","floor":18},{"not_picked":["Reinforced Body","Hello World"],"picked":"Flux Capacitor","floor":19},{"not_picked":["Coolheaded","White Noise"],"picked":"Aggregate","floor":24}],"player_experience":440290,"potions_floor_usage":[16,27],"damage_taken":[{"damage":0,"enemies":"Small Slimes","floor":1,"turns":3},{"damage":1,"enemies":"Cultist","floor":3,"turns":3},{"damage":5,"enemies":"Jaw Worm","floor":4,"turns":3},{"damage":4,"enemies":"Red Slaver","floor":5,"turns":4},{"damage":14,"enemies":"Gremlin Gang","floor":7,"turns":9},{"damage":2,"enemies":"Blue Slaver","floor":8,"turns":4},{"damage":0,"enemies":"3 Sentries","floor":12,"turns":8},{"damage":2,"enemies":"Red Slaver","floor":14,"turns":3},{"damage":19,"enemies":"Hexaghost","floor":16,"turns":9},{"damage":34,"enemies":"2 Thieves","floor":18,"turns":5},{"damage":20,"enemies":"Chosen","floor":19,"turns":6},{"damage":13,"enemies":"Snecko","floor":24,"turns":6},{"damage":0,"enemies":"Chosen and Byrds","floor":27,"turns":7},{"damage":24,"enemies":"Snake Plant","floor":29,"turns":2}],"event_choices":[{"event_name":"Upgrade Shrine","player_choice":"Upgraded","floor":2,"damage_taken":0},{"event_name":"Golden Shrine","player_choice":"Pray","floor":10,"damage_taken":0},{"event_name":"Dead Adventurer","player_choice":"Searched \u00271\u0027 times","floor":12,"damage_taken":0},{"event_name":"Cursed Tome","player_choice":"Obtained Book","floor":20,"damage_taken":0},{"event_name":"Drug Dealer","player_choice":"Ignored","floor":21,"damage_taken":0}],"boss_relics":[{"not_picked":["Eternal Feather","Runic Pyramid"],"picked":"Sozu"}],"potions_floor_spawned":[4,5,8,12,14,18,19],"seed_played":"6221803639632063003","killed_by":"Snake Plant","ascension_level":2,"is_trial":false}