{"gold_per_floor":[112,112,122,140,140,140,140,169,192,207,207,226,259,205,205,302,302,320,331,343,343,95,127,127,152,152,171,187,187,187,203,203,301,301,314,314,168,168,185,185,210,210,260,271,285,285,285,285,285,285],"floor_reached":50,"playtime":3950,"items_purged":[],"score":622,"play_id":"67818caf-f51b-45ba-9fa0-bd011994ca21","local_time":"20190702183954","is_ascension_mode":true,"campfire_choices":[{"floor":6.0,"key":"RECALL"},{"floor":15.0,"key":"REST"},{"data":"Fiend Fire","floor":24.0,"key":"SMITH"},{"floor":30.0,"key":"REST"},{"floor":32.0,"key":"REST"},{"floor":40,"key":"REST"},{"floor":42,"key":"REST"},{"data":"Discovery","floor":47,"key":"SMITH"},{"data":"Bash","floor":49,"key":"SMITH"}],"neow_cost":"NONE","seed_source_timestamp":1650334882710270,"circlet_count":0,"master_deck":["Strike_R","Strike_R","Strike_R","Strike_R","Strike_R","Defend_R","Defend_R","Defend_R","Defend_R+1","Bash+1","Impervious","Rampage+1","Anger","Pommel Strike","Clothesline","Cleave","Anger","Fiend Fire+1","Thunderclap","Reckless Charge","Spot Weakness","Shrug It Off+1","Heavy Blade","Spot Weakness","True Grit","Shockwave","Battle Trance+1","Rage","Double Tap","Armaments+1","Discovery+1","Good Instincts+1","Rage+1","Armaments+1","Seeing Red","Battle Trance","Havoc+1","Whirlwind+1"],"special_seed":0,"relics":["Black Blood","Lantern","Singing Bowl","Dodecahedron","Regal Pillow","Runic Pyramid","Self Forming Clay","Blood Vial","Gremlin Horn","Dream Catcher","War Paint","Pear","Anchor"],"potions_floor_usage":[],"damage_taken":[{"damage":0.0,"enemies":"Small Slimes","floor":1.0,"turns":3.0},{"damage":0.0,"enemies":"2 Louse","floor":3.0,"turns":3.0},{"damage":4.0,"enemies":"Jaw Worm","floor":4.0,"turns":3.0},{"damage":46.0,"enemies":"Lagavulin","floor":8.0,"turns":7.0},{"damage":6.0,"enemies":"Looter","floor":10.0,"turns":4.0},{"damage":13.0,"enemies":"Gremlin Gang","floor":12.0,"turns":5.0},{"damage":40.0,"enemies":"3 Sentries","floor":13.0,"turns":7.0},{"damage":15.0,"enemies":"Hexaghost","floor":16.0,"turns":10.0},{"damage":0.0,"enemies":"3 Byrds","floor":18.0,"turns":5.0},{"damage":1.0,"enemies":"Spheric Guardian","floor":19.0,"turns":3.0},{"damage":2.0,"enemies":"Snecko","floor":20.0,"turns":3.0},{"damage":13.0,"enemies":"Gremlin Leader","floor":23.0,"turns":6.0},{"damage":7.0,"enemies":"Book of Stabbing","floor":25.0,"turns":3.0},{"damage":20.0,"enemies":"Shelled Parasite and Fungi","floor":27.0,"turns":4.0},{"damage":31.0,"enemies":"Centurion and Healer","floor":28.0,"turns":6.0},{"damage":5.0,"enemies":"Snecko","floor":31.0,"turns":3.0},{"damage":21.0,"enemies":"Champ","floor":33.0,"turns":9.0},{"damage":47,"enemies":"3 Darklings","floor":35,"turns":5},{"damage":5,"enemies":"3 Shapes","floor":39,"turns":2},{"damage":60,"enemies":"Giant Head","floor":41,"turns":9},{"damage":78,"enemies":"Maw","floor":44,"turns":10},{"damage":31,"enemies":"4 Shapes","floor":45,"turns":5},{"damage":104,"enemies":"Donu and Deca","floor":50,"turns":8}],"seed_played":"-1649014910266578666","potions_obtained":[{"floor":1.0,"key":"SkillPotion"},{"floor":3.0,"key":"Weak Potion"},{"floor":8.0,"key":"Poison Potion"},{"floor":13.0,"key":"Block Potion"},{"floor":19.0,"key":"SkillPotion"},{"floor":27.0,"key":"Ancient Potion"},{"floor":28.0,"key":"PowerPotion"},{"floor":39,"key":"FairyPotion"}],"is_trial":false,"path_per_floor":["M","?","M","M","?","R","?","E","T","M","?","M","E","?","R","B",null,"M","M","M","?","$","E","R","E","T","M","M","?","R","M","R","B",null,"M","?","$","?","M","R","E","R","T","M","M","?","R","?","R","B"],"character_chosen":"IRONCLAD","items_purchased":["Self Forming Clay","War Paint"],"campfire_rested":5,"item_purchase_floors":[22,37],"current_hp_per_floor":[80,80,80,80,80,80,73,35,35,35,55,48,14,14,53,44,82,82,82,82,79,79,72,72,73,73,61,38,23,63,66,84,69,84,47,42,42,42,49,84,44,87,87,21,19,94,94,94,94,0],"gold":285,"neow_bonus":"ONE_RANDOM_RARE_CARD","is_prod":false,"is_daily":false,"chose_seed":false,"campfire_upgraded":3,"win_rate":0,"timestamp":1562107194,"path_taken":["M","?","M","M","?","R","?","E","T","M","?","?","E","?","R","BOSS","M","?","M","?","$","E","R","E","T","?","?","?","R","M","R","BOSS","M","?","$","?","?","R","E","R","T","M","M","?","R","?","R","BOSS"],"build_version":"2019-07-01","purchased_purges":0,"victory":false,"max_hp_per_floor":[80,80,80,80,80,80,80,82,82,82,82,82,82,82,82,82,82,82,82,82,79,79,79,79,79,79,79,79,84,84,84,84,84,84,84,84,84,84,84,84,94,94,94,94,94,94,94,94,94,94],"card_choices":[{"not_picked":["Ghostly Armor","Flame Barrier"],"picked":"Rampage","floor":1.0},{"not_picked":["Wild Strike","Power Through"],"picked":"Anger","floor":3.0},{"not_picked":["Dual Wield","Bloodletting"],"picked":"Pommel Strike","floor":4.0},{"not_picked":["Whirlwind","Warcry","Juggernaut"],"picked":"Singing Bowl","floor":8.0},{"not_picked":["Sword Boomerang","Flame Barrier"],"picked":"Clothesline","floor":10.0},{"not_picked":["Havoc","Rampage"],"picked":"Cleave","floor":12.0},{"not_picked":["Flex","Cleave"],"picked":"Anger","floor":13.0},{"not_picked":["Impervious","Limit Break"],"picked":"Fiend Fire","floor":16.0},{"not_picked":["Clothesline","Anger"],"picked":"Thunderclap","floor":18.0},{"not_picked":["Body Slam+1","Twin Strike"],"picked":"Reckless Charge","floor":19.0},{"not_picked":["Warcry+1","Rampage+1"],"picked":"Spot Weakness","floor":20.0},{"not_picked":["Clothesline","Twin Strike"],"picked":"Shrug It Off+1","floor":23.0},{"not_picked":["Hemokinesis+1","Sever Soul+1"],"picked":"Heavy Blade","floor":25.0},{"not_picked":["Havoc","Iron Wave"],"picked":"Spot Weakness","floor":27.0},{"not_picked":["Power Through","Twin Strike"],"picked":"True Grit","floor":28.0},{"not_picked":["Barricade","Twin Strike"],"picked":"Shockwave","floor":30.0},{"not_picked":["Pommel Strike","Armaments+1"],"picked":"Battle Trance+1","floor":31.0},{"not_picked":["Body Slam","Searing Blow"],"picked":"Rage","floor":32.0},{"not_picked":["Offering","Brutality"],"picked":"Double Tap","floor":33.0},{"not_picked":["Clothesline","Fire Breathing+1"],"picked":"Armaments+1","floor":35},{"not_picked":["Mind Blast","Sadistic Nature"],"picked":"Discovery","floor":36},{"not_picked":["Deep Breath","Violence"],"picked":"Good Instincts","floor":36},{"not_picked":["Twin Strike","Fire Breathing"],"picked":"Rage+1","floor":39},{"not_picked":["Clothesline","Sentinel+1"],"picked":"Armaments+1","floor":40},{"not_picked":["Flex","Brutality"],"picked":"Seeing Red","floor":41},{"not_picked":["Twin Strike","Sword Boomerang+1"],"picked":"Battle Trance","floor":42},{"not_picked":["Metallicize+1","Cleave"],"picked":"Havoc+1","floor":44},{"not_picked":["Shrug It Off","Perfected Strike+1"],"picked":"Whirlwind+1","floor":45}],"player_experience":75509,"relics_obtained":[{"floor":8.0,"key":"Singing Bowl"},{"floor":13.0,"key":"Dodecahedron"},{"floor":23.0,"key":"Blood Vial"},{"floor":25.0,"key":"Gremlin Horn"},{"floor":26.0,"key":"Dream Catcher"},{"floor":41,"key":"Pear"},{"floor":43,"key":"Anchor"}],"event_choices":[{"damage_healed":0.0,"max_hp_gain":0.0,"max_hp_loss":0.0,"gold_gain":0.0,"event_name":"Living Wall","player_choice":"Grow","floor":2.0,"gold_loss":0.0,"damage_taken":0.0,"cards_upgraded":["Rampage"]},{"damage_healed":0.0,"max_hp_gain":0.0,"max_hp_loss":0.0,"gold_gain":0.0,"event_name":"The Cleric","player_choice":"Leave","floor":5.0,"gold_loss":0.0,"damage_taken":0.0},{"damage_healed":0.0,"max_hp_gain":0.0,"max_hp_loss":0.0,"gold_gain":0.0,"event_name":"Scrap Ooze","player_choice":"Success","floor":7.0,"gold_loss":0.0,"damage_taken":7.0,"relics_obtained":["Lantern"]},{"damage_healed":20.0,"max_hp_gain":0.0,"max_hp_loss":0.0,"gold_gain":0.0,"event_name":"Mushrooms","player_choice":"Healed and dodged fight","floor":11.0,"gold_loss":0.0,"damage_taken":0.0,"cards_obtained":["Parasite"]},{"damage_healed":0.0,"max_hp_gain":0.0,"max_hp_loss":0.0,"gold_gain":0.0,"event_name":"WeMeetAgain","player_choice":"Paid Gold","floor":14.0,"gold_loss":54.0,"damage_taken":0.0,"relics_obtained":["Regal Pillow"]},{"cards_removed":["Parasite"],"damage_healed":0.0,"max_hp_gain":0.0,"max_hp_loss":0.0,"gold_gain":0.0,"event_name":"Purifier","player_choice":"Purged","floor":21.0,"gold_loss":0.0,"damage_taken":0.0},{"damage_healed":0.0,"max_hp_gain":5.0,"max_hp_loss":0.0,"gold_gain":0.0,"event_name":"Forgotten Altar","player_choice":"Shed Blood","floor":29.0,"gold_loss":0.0,"damage_taken":20.0},{"damage_healed":0,"gold_gain":0,"player_choice":"Memory 2","damage_taken":5,"max_hp_gain":0,"max_hp_loss":0,"event_name":"SensoryStone","floor":36,"gold_loss":0},{"damage_healed":0,"gold_gain":0,"player_choice":"Ignored","damage_taken":0,"max_hp_gain":0,"max_hp_loss":0,"event_name":"The Moai Head","floor":38,"gold_loss":0},{"damage_healed":75,"gold_gain":0,"player_choice":"Heal","damage_taken":0,"max_hp_gain":0,"max_hp_loss":0,"event_name":"MindBloom","floor":46,"gold_loss":0,"cards_obtained":["Doubt"]},{"cards_removed":["Doubt"],"damage_healed":0,"gold_gain":0,"player_choice":"Removed Curses","damage_taken":0,"max_hp_gain":0,"max_hp_loss":0,"event_name":"Fountain of Cleansing","floor":48,"gold_loss":0}],"is_beta":false,"boss_relics":[{"not_picked":["Tiny House","Philosopher\u0027s Stone"],"picked":"Runic Pyramid"},{"not_picked":["Runic Dome","Empty Cage"],"picked":"Black Blood"}],"items_purged_floors":[],"is_endless":false,"potions_floor_spawned":[1,3,8,13,19,27,28,39],"killed_by":"Donu and Deca","ascension_level":2}