{"path_per_floor":["M","$","?","M","T","R","M","R","T","R","M","E","?","E","R","B",null,"M","?","?","$","?","R","E","T","T","?","M","M","M","M","R"],"character_chosen":"DEFECT","items_purchased":["Secret Technique","Reboot","Nova"],"gold_per_floor":[360,10,10,20,44,44,61,61,61,61,76,103,103,134,134,233,233,247,247,172,11,11,11,38,65,65,0,12,23,39,51,51,51],"floor_reached":33,"campfire_rested":1,"playtime":2835,"current_hp_per_floor":[64,64,57,57,57,57,55,55,55,55,54,56,61,63,63,37,77,55,55,55,55,55,55,18,18,18,18,32,22,31,17,51,0],"items_purged":[],"gold":51,"score":396,"play_id":"e89c6535-3a57-4cc0-93fb-5a826ee6f14d","local_time":"20180429011723","is_prod":false,"is_daily":false,"chose_seed":false,"is_ascension_mode":true,"campfire_upgraded":5,"timestamp":1524989843,"path_taken":["M","$","?","M","?","R","M","R","T","R","M","E","?","E","R","BOSS","M","?","?","$","?","R","E","?","T","?","?","M","M","M","R","BOSS"],"build_version":"2018-04-27v3","seed_source_timestamp":0,"purchased_purges":0,"victory":false,"master_deck":["Defend_B","Defend_B","Defend_B","Zap+1","Dualcast","Streamline+1","Secret Technique","Reboot+1","Buffer+1","Amplify","Creative AI+1","Bite","Bite","Bite","Bite","Bite","Nova"],"max_hp_per_floor":[68,68,68,68,68,68,68,68,68,68,68,70,75,77,77,77,77,79,55,55,55,55,55,57,57,57,57,59,61,63,65,65,65],"relics":["Cracked Core","Bag of Preparation","Mercury Hourglass","Singing Bowl","Gambling Chip","Inserter","Blue Candle","Regal Pillow","Frozen Egg 2"],"card_choices":[{"not_picked":["Sweeping Beam","Cold Snap"],"picked":"Streamline","floor":1.0},{"not_picked":["Skim","Doom and Gloom"],"picked":"Buffer","floor":7.0},{"not_picked":["Genetic Algorithm","Static Discharge"],"picked":"Amplify","floor":11.0},{"not_picked":["Thunder Strike","Echo Form"],"picked":"Creative AI","floor":16.0}],"player_experience":465837,"potions_floor_usage":[],"damage_taken":[{"damage":4.0,"enemies":"2 Louse","floor":1.0,"turns":3.0},{"damage":0.0,"enemies":"Small Slimes","floor":4.0,"turns":3.0},{"damage":2.0,"enemies":"Jaw Worm","floor":7.0,"turns":3.0},{"damage":1.0,"enemies":"Exordium Thugs","floor":11.0,"turns":2.0},{"damage":0.0,"enemies":"Lagavulin","floor":12.0,"turns":6.0},{"damage":0.0,"enemies":"Gremlin Nob","floor":14.0,"turns":3.0},{"damage":26.0,"enemies":"The Guardian","floor":16.0,"turns":10.0},{"damage":24.0,"enemies":"Shell Parasite","floor":18.0,"turns":9.0},{"damage":47.0,"enemies":"Slavers","floor":24.0,"turns":5.0},{"damage":0.0,"enemies":"2 Thieves","floor":28.0,"turns":4.0},{"damage":20.0,"enemies":"Snake Plant","floor":29.0,"turns":4.0},{"damage":1.0,"enemies":"3 Cultists","floor":30.0,"turns":4.0},{"damage":30.0,"enemies":"Chosen and Byrds","floor":31.0,"turns":6.0},{"damage":67,"enemies":"Collector","floor":33,"turns":8}],"event_choices":[{"event_name":"Golden Wing","player_choice":"Card Removal","floor":3.0,"damage_taken":0.0},{"event_name":"Big Fish","player_choice":"Donut","floor":13.0,"damage_taken":0.0},{"event_name":"Vampires","player_choice":"Became a vampire","floor":19.0,"damage_taken":0.0},{"event_name":"Beggar","player_choice":"Gave Gold","floor":20.0,"damage_taken":0.0},{"event_name":"Addict","player_choice":"Ignored","floor":22.0,"damage_taken":0.0},{"event_name":"Masked Bandits","player_choice":"Paid Bandits 65 gold","floor":27.0,"damage_taken":0.0}],"boss_relics":[],"potions_floor_spawned":[7,12,14,18,24,29],"seed_played":"-3044489645806473058","killed_by":"Collector","ascension_level":3,"is_trial":false}