{"gold_per_floor":[118,118,138,157,168,168,195,195,195,195,206,481,29,57,57,136,136,153,153,153,428,445,445,445],"floor_reached":24,"playtime":2417,"items_purged":[],"score":337,"play_id":"3e187ec8-5f88-4911-add8-531d01690373","local_time":"20190907103146","is_ascension_mode":true,"campfire_choices":[{"data":"Neutralize","floor":6.0,"key":"SMITH"},{"data":"Well Laid Plans","floor":8.0,"key":"SMITH"},{"data":"Adrenaline","floor":10.0,"key":"SMITH"},{"data":"1","floor":15,"key":"LIFT"},{"data":"Burst","floor":23,"key":"SMITH"}],"neow_cost":"NONE","seed_source_timestamp":1395203849155854,"circlet_count":0,"master_deck":["AscendersBane","Strike_G","Strike_G","Strike_G","Strike_G","Defend_G","Defend_G","Defend_G","Defend_G","Defend_G","Survivor","Neutralize+1","Backstab","Adrenaline+1","Backflip","Quick Slash","Poisoned Stab","Well Laid Plans+1","Dash","Regret","Slice","Burst+1","Calculated Gamble","J.A.X.","Endless Agony","Regret","PiercingWail"],"special_seed":0,"relics":["Ring of the Snake","Blue Candle","Mummified Hand","Membership Card","Meat on the Bone","Pear","Girya","WristBlade"],"potions_floor_usage":[16,22],"damage_taken":[{"damage":0.0,"enemies":"2 Louse","floor":1.0,"turns":3.0},{"damage":0.0,"enemies":"Cultist","floor":3.0,"turns":4.0},{"damage":0.0,"enemies":"Jaw Worm","floor":4.0,"turns":3.0},{"damage":1.0,"enemies":"2 Fungi Beasts","floor":5.0,"turns":4.0},{"damage":7.0,"enemies":"3 Sentries","floor":7.0,"turns":10.0},{"damage":0.0,"enemies":"Red Slaver","floor":11.0,"turns":2.0},{"damage":13,"enemies":"Lagavulin","floor":14,"turns":6},{"damage":28,"enemies":"Hexaghost","floor":16,"turns":12},{"damage":1,"enemies":"Chosen","floor":18,"turns":5},{"damage":26,"enemies":"2 Thieves","floor":22,"turns":4},{"damage":46,"enemies":"Book of Stabbing","floor":24,"turns":5}],"seed_played":"-6840744939728401075","potions_obtained":[{"floor":1.0,"key":"LiquidBronze"},{"floor":3.0,"key":"AttackPotion"},{"floor":7.0,"key":"GamblersBrew"}],"is_trial":false,"path_per_floor":["M","?","M","M","M","R","E","R","T","R","M","?","$","E","R","B",null,"M","?","?","?","M","R","E"],"character_chosen":"THE_SILENT","items_purchased":["Membership Card","Meat on the Bone","Pear"],"campfire_rested":0,"item_purchase_floors":[13,13,13],"current_hp_per_floor":[63,63,63,63,62,62,55,55,55,55,55,55,65,52,52,36,69,68,68,68,68,42,42,0],"gold":445,"neow_bonus":"TRANSFORM_CARD","is_prod":false,"is_daily":false,"chose_seed":false,"campfire_upgraded":4,"win_rate":0,"timestamp":1567866706,"path_taken":["M","?","?","M","M","R","E","R","T","R","M","?","$","E","R","BOSS","M","?","?","?","M","R","E"],"build_version":"2019-07-17","purchased_purges":0,"victory":false,"max_hp_per_floor":[70,70,70,70,70,70,70,70,70,70,70,70,80,80,80,80,80,80,80,80,80,80,80,80],"card_choices":[{"not_picked":["Eviscerate","Deadly Poison"],"picked":"Backstab","floor":1.0},{"not_picked":["Deadly Poison","Bane"],"picked":"Backflip","floor":3.0},{"not_picked":["Blade Dance","Outmaneuver"],"picked":"Quick Slash","floor":4.0},{"not_picked":["Backflip","Prepared"],"picked":"Poisoned Stab","floor":5.0},{"not_picked":["Flechettes","Choke"],"picked":"Well Laid Plans","floor":7.0},{"not_picked":["Deadly Poison","Tactician"],"picked":"Dash","floor":11},{"not_picked":["Dagger Throw","Bane"],"picked":"Slice","floor":14},{"not_picked":["Unload","Storm of Steel"],"picked":"Burst","floor":16},{"not_picked":["Underhanded Strike","Poisoned Stab"],"picked":"Calculated Gamble","floor":18},{"not_picked":["Skewer","Acrobatics+1"],"picked":"PiercingWail","floor":22}],"player_experience":556886,"relics_obtained":[{"floor":7.0,"key":"Blue Candle"},{"floor":9.0,"key":"Mummified Hand"},{"floor":14,"key":"Girya"}],"event_choices":[{"damage_healed":0.0,"max_hp_gain":0.0,"max_hp_loss":0.0,"gold_gain":0.0,"cards_transformed":["Underhanded Strike"],"event_name":"Transmorgrifier","player_choice":"Transformed","floor":2.0,"gold_loss":0.0,"damage_taken":0.0,"cards_obtained":["Adrenaline"]},{"damage_healed":0,"gold_gain":275,"player_choice":"Desecrate","damage_taken":0,"max_hp_gain":0,"max_hp_loss":0,"event_name":"Golden Shrine","floor":12,"gold_loss":0,"cards_obtained":["Regret"]},{"damage_healed":0,"gold_gain":0,"player_choice":"Obtain J.A.X.","damage_taken":0,"max_hp_gain":0,"max_hp_loss":0,"event_name":"Drug Dealer","floor":19,"gold_loss":0,"cards_obtained":["J.A.X."]},{"damage_healed":0,"gold_gain":0,"player_choice":"Read","damage_taken":0,"max_hp_gain":0,"max_hp_loss":0,"event_name":"The Library","floor":20,"gold_loss":0,"cards_obtained":["Endless Agony"]},{"damage_healed":0,"gold_gain":275,"player_choice":"Desecrate","damage_taken":0,"max_hp_gain":0,"max_hp_loss":0,"event_name":"Golden Shrine","floor":21,"gold_loss":0,"cards_obtained":["Regret"]}],"is_beta":false,"boss_relics":[{"not_picked":["Black Star","Astrolabe"],"picked":"WristBlade"}],"items_purged_floors":[],"is_endless":false,"potions_floor_spawned":[1,3,7],"killed_by":"Book of Stabbing","ascension_level":13}