{"gold_per_floor":[215,235,253,253,253,253,278,278,304,333,333,298,331,347,347,347],"floor_reached":16,"playtime":1017,"items_purged":[],"score":130,"play_id":"ea03a442-ac79-4d07-878c-e012ef4eca6f","local_time":"20190205224048","is_ascension_mode":true,"campfire_choices":[{"floor":6,"key":"RECALL"},{"data":"Armaments","floor":8,"key":"SMITH"},{"floor":11,"key":"REST"},{"floor":15,"key":"REST"}],"neow_cost":"NONE","seed_source_timestamp":3593257913689,"circlet_count":0,"master_deck":["Strike_R","Strike_R","Strike_R","Strike_R","Strike_R","Defend_R","Defend_R","Defend_R","Defend_R","Bash","Armaments+1","Body Slam"],"relics":["Burning Blood","Ancient Tea Set","Frozen Egg 2","Omamori"],"potions_floor_usage":[10,10],"damage_taken":[{"damage":0,"enemies":"Small Slimes","floor":1,"turns":3},{"damage":1,"enemies":"2 Louse","floor":2,"turns":3},{"damage":12,"enemies":"Jaw Worm","floor":3,"turns":2},{"damage":34,"enemies":"Gremlin Nob","floor":7,"turns":5},{"damage":39,"enemies":"Lagavulin","floor":10,"turns":9},{"damage":40,"enemies":"3 Sentries","floor":13,"turns":10},{"damage":18,"enemies":"3 Louse","floor":14,"turns":5},{"damage":60,"enemies":"Slime Boss","floor":16,"turns":11}],"seed_played":"-8739856257384655540","potions_obtained":[{"floor":3,"key":"Regen Potion"},{"floor":7,"key":"Block Potion"},{"floor":10,"key":"GamblersBrew"}],"is_trial":false,"path_per_floor":["M","M","M","?","?","R","E","R","T","E","R","?","E","M","R","B"],"character_chosen":"IRONCLAD","items_purchased":[],"campfire_rested":2,"item_purchase_floors":[],"current_hp_per_floor":[80,80,74,79,79,79,51,51,51,33,58,79,45,33,58,0],"gold":347,"neow_bonus":"HUNDRED_GOLD","is_prod":false,"is_daily":false,"chose_seed":false,"campfire_upgraded":1,"win_rate":0,"timestamp":1549402848,"path_taken":["M","M","M","?","?","R","E","R","T","E","R","?","E","M","R","BOSS"],"build_version":"2019-01-23","purchased_purges":0,"victory":false,"max_hp_per_floor":[80,80,80,85,85,85,85,85,85,85,85,85,85,85,85,85],"card_choices":[{"not_picked":["Havoc","Bloodletting","Disarm"],"picked":"SKIP","floor":1},{"not_picked":["Clash","Flame Barrier","Dropkick"],"picked":"SKIP","floor":2},{"not_picked":["Bloodletting","Warcry"],"picked":"Armaments","floor":3},{"not_picked":["Barricade","Fire Breathing","Anger"],"picked":"SKIP","floor":7},{"not_picked":["Armaments","True Grit","Shockwave"],"picked":"SKIP","floor":10},{"not_picked":["Flame Barrier","Second Wind","Clash"],"picked":"SKIP","floor":13},{"not_picked":["Wild Strike","Brutality+1"],"picked":"Body Slam","floor":14}],"player_experience":138483,"relics_obtained":[{"floor":7,"key":"Ancient Tea Set"},{"floor":10,"key":"Frozen Egg 2"},{"floor":13,"key":"Omamori"}],"event_choices":[{"damage_healed":0,"gold_gain":0,"player_choice":"Donut","damage_taken":0,"max_hp_gain":5,"max_hp_loss":0,"event_name":"Big Fish","floor":4,"gold_loss":0},{"damage_healed":0,"gold_gain":0,"player_choice":"Ignored","damage_taken":0,"max_hp_gain":0,"max_hp_loss":0,"event_name":"Golden Idol","floor":5,"gold_loss":0},{"damage_healed":21,"gold_gain":0,"player_choice":"Healed","damage_taken":0,"max_hp_gain":0,"max_hp_loss":0,"event_name":"The Cleric","floor":12,"gold_loss":35}],"is_beta":false,"boss_relics":[],"items_purged_floors":[],"is_endless":false,"potions_floor_spawned":[3,7,10],"killed_by":"Slime Boss","ascension_level":2}