{"path_per_floor":["M","M","M","?","M","R","E","R","T","R","M","M","$","M","R"],"character_chosen":"THE_SILENT","items_purchased":["Burst","Jack Of All Trades"],"gold_per_floor":[112,126,144,144,155,155,189,189,235,235,253,271,22,32,32,32],"floor_reached":16,"campfire_rested":0,"playtime":1614,"current_hp_per_floor":[60,60,60,60,45,45,27,27,27,27,35,35,35,35,35,0],"items_purged":["Defend_G"],"gold":32,"score":135,"play_id":"f496f0b3-2760-4802-a6c3-c3c23712cae9","local_time":"20180415111538","is_prod":false,"is_daily":false,"chose_seed":false,"is_ascension_mode":true,"campfire_upgraded":4,"timestamp":1523816138,"path_taken":["M","M","M","?","M","R","E","R","T","R","M","M","$","M","R","BOSS"],"build_version":"2018-04-12","seed_source_timestamp":48522097660600,"purchased_purges":1,"victory":false,"master_deck":["Defend_G","Defend_G","Defend_G","Defend_G","Strike_G","Strike_G","Strike_G","Strike_G","Survivor","Neutralize+1","Flying Knee","Dodge and Roll+1","Slice","Caltrops","Prepared+1","PiercingWail","Leg Sweep","Burst","Jack Of All Trades+1","Deflect"],"max_hp_per_floor":[70,70,70,70,70,70,70,70,70,70,70,70,70,70,70,70],"relics":["Ring of the Snake","Regal Pillow","Anchor","Bag of Preparation"],"card_choices":[{"not_picked":["Poisoned Stab","Quick Slash"],"picked":"Flying Knee","floor":1},{"not_picked":["Sucker Punch","Outmaneuver"],"picked":"Dodge and Roll","floor":2},{"not_picked":["Flying Knee","Finisher"],"picked":"Slice","floor":3},{"not_picked":["Riddle With Holes","Dodge and Roll"],"picked":"Caltrops","floor":5},{"not_picked":["Bane","Bullet Time"],"picked":"Prepared","floor":7},{"not_picked":["Terror","Reflex"],"picked":"PiercingWail","floor":11},{"not_picked":["Outmaneuver","Underhanded Strike"],"picked":"Leg Sweep","floor":12},{"not_picked":["Bane","Backflip"],"picked":"Deflect","floor":14}],"player_experience":303572,"potions_floor_usage":[7,11,11,16],"damage_taken":[{"damage":3,"enemies":"2 Louse","floor":1,"turns":3},{"damage":0,"enemies":"Small Slimes","floor":2,"turns":3},{"damage":0,"enemies":"Cultist","floor":3,"turns":4},{"damage":15,"enemies":"Large Slime","floor":5,"turns":11},{"damage":18,"enemies":"Gremlin Nob","floor":7,"turns":4},{"damage":7,"enemies":"Exordium Thugs","floor":11,"turns":6},{"damage":0,"enemies":"Exordium Wildlife","floor":12,"turns":4},{"damage":0,"enemies":"3 Louse","floor":14,"turns":4},{"damage":36,"enemies":"Slime Boss","floor":16,"turns":11}],"event_choices":[{"event_name":"Living Wall","player_choice":"Forget","floor":4,"damage_taken":0}],"boss_relics":[],"potions_floor_spawned":[2,3,7,11],"seed_played":"-1449447627544071117","killed_by":"Slime Boss","ascension_level":6,"is_trial":false}