{"path_per_floor":["M","?","M","$","?","E","R","M","T","E","R","M","$","M","R","B",null,"M","?","M","M","?","R","M"],"character_chosen":"THE_SILENT","items_purchased":[],"gold_per_floor":[99,99,99,24,24,24,24,24,24,24,24,24,24,24,24,24,24,24,24,24,24,0,0,0,0],"floor_reached":25,"campfire_rested":1,"playtime":1211,"current_hp_per_floor":[70,70,70,70,70,36,36,36,36,25,46,44,44,44,44,34,70,60,60,53,37,37,37,17,0],"items_purged":["Strike_G"],"gold":0,"score":213,"play_id":"bcdfa965-f321-48f8-8f06-4cd5a31307a4","local_time":"20180514115322","is_prod":false,"is_daily":false,"chose_seed":false,"is_ascension_mode":false,"campfire_upgraded":3,"timestamp":1526313202,"path_taken":["M","?","M","$","?","E","R","M","T","E","R","?","?","M","R","BOSS","M","?","?","M","?","R","M","M"],"build_version":"2018-05-12v2","seed_source_timestamp":1088509243590499,"purchased_purges":1,"victory":false,"master_deck":["Defend_G","Defend_G","Defend_G","Strike_G","Strike_G","Strike_G","Survivor","Neutralize+1","Well Laid Plans","Backstab+1","Backflip","Footwork+1","Caltrops","PiercingWail","Night Terror+1","Predator+1","Well Laid Plans+1","Tools of the Trade+1","Quick Slash+1","Distraction+1","Expertise","Leg Sweep"],"max_hp_per_floor":[70,70,70,70,70,70,70,70,70,70,70,70,70,70,70,70,70,70,70,70,70,70,70,70,70],"relics":["Ectoplasm","Mummified Hand","Potion Belt","Molten Egg 2","Astrolabe"],"card_choices":[{"not_picked":["Endless Agony","Deflect"],"picked":"Well Laid Plans","floor":1},{"not_picked":["Cloak And Dagger","Well Laid Plans"],"picked":"Backstab","floor":3},{"not_picked":["Dodge and Roll","Dagger Throw"],"picked":"Backflip","floor":6},{"not_picked":["Dagger Throw","Bane"],"picked":"Footwork","floor":8},{"not_picked":["PiercingWail","Eviscerate","Prepared"],"picked":"SKIP","floor":10},{"not_picked":["Heel Hook+1","Distraction"],"picked":"Caltrops","floor":12},{"not_picked":["Concentrate","Deflect"],"picked":"PiercingWail","floor":14},{"not_picked":["Burst","After Image"],"picked":"Night Terror","floor":16},{"not_picked":["Finisher+1","Outmaneuver"],"picked":"Quick Slash+1","floor":18},{"not_picked":["Accuracy","Deadly Poison"],"picked":"Distraction+1","floor":20},{"not_picked":["Sucker Punch+1","Slice+1"],"picked":"Expertise","floor":21},{"not_picked":["Prepared","Backflip"],"picked":"Leg Sweep","floor":24}],"player_experience":463699,"potions_floor_usage":[6,14,14,16],"damage_taken":[{"damage":0,"enemies":"Cultist","floor":1,"turns":5},{"damage":0,"enemies":"Jaw Worm","floor":3,"turns":6},{"damage":34,"enemies":"Gremlin Nob","floor":6,"turns":6},{"damage":0,"enemies":"2 Louse","floor":8,"turns":2},{"damage":11,"enemies":"3 Sentries","floor":10,"turns":11},{"damage":2,"enemies":"Exordium Thugs","floor":12,"turns":7},{"damage":0,"enemies":"Looter","floor":14,"turns":1},{"damage":10,"enemies":"The Guardian","floor":16,"turns":16},{"damage":10,"enemies":"Shell Parasite","floor":18,"turns":3},{"damage":7,"enemies":"3 Byrds","floor":20,"turns":5},{"damage":16,"enemies":"Snake Plant","floor":21,"turns":3},{"damage":20,"enemies":"Sentry and Sphere","floor":24,"turns":6},{"damage":18,"enemies":"3 Cultists","floor":25,"turns":5}],"event_choices":[{"event_name":"Living Wall","player_choice":"Grow","floor":2,"damage_taken":0},{"event_name":"The Cleric","player_choice":"Leave","floor":5,"damage_taken":0},{"event_name":"Addict","player_choice":"Ignored","floor":19,"damage_taken":0},{"event_name":"Masked Bandits","player_choice":"Paid Bandits 24 gold","floor":22,"damage_taken":0}],"boss_relics":[{"not_picked":["Calling Bell","Snecko Eye"],"picked":"Astrolabe"}],"potions_floor_spawned":[1,8,12,16,18,24],"seed_played":"6837328326138409600","killed_by":"3 Cultists","ascension_level":0,"is_trial":false}