{"gold_per_floor":[392,392,407,153,163,163,196,196,219,233,261,281,281,292,292,397,397,417,428,112,112,126,126,145,145,171,182,197,197,197,214,214,313,313,326,426,441,291,305,305,321,340,340,340,351,351,364,13,13,13],"floor_reached":51,"playtime":1265,"items_purged":["Defend_R"],"score":715,"play_id":"36f00295-6001-40d2-a4f7-f5498670966b","local_time":"20190222203359","is_ascension_mode":false,"campfire_choices":[{"data":"Neutralize","floor":6,"key":"SMITH"},{"data":"infinitespire:OneForAll","floor":13,"key":"SMITH"},{"data":"infinitespire:Gouge","floor":15,"key":"SMITH"},{"data":"Replay:Many Hands","floor":23,"key":"SMITH"},{"data":"Inflame","floor":25,"key":"SMITH"},{"floor":29,"key":"REST"},{"data":"Clash","floor":32,"key":"SMITH"},{"data":"Cleave","floor":40,"key":"SMITH"},{"data":"Thunderclap","floor":44,"key":"SMITH"},{"data":"Strike_R","floor":46,"key":"SMITH"},{"floor":49,"key":"REST"}],"neow_cost":"NONE","seed_source_timestamp":280036186642439,"circlet_count":0,"master_deck":["Strike_R","Strike_R","Strike_R+1","Strike_R","Strike_R+1","Defend_R","Defend_R","Defend_R","Regret","Clash+1","Survivor+1","Neutralize+1","Thunderclap+1","Cleave+1","strawberrySpire:AscendersBanana","hubris:Wrath","infinitespire:Gouge+1","infinitespire:OneForAll+1","Clash+1","Inflame+1","Sword Boomerang+1","Blood for Blood+1","Reaper+1","Clothesline+1","hubris:StunningStrike+1","Pummel+1","Corruption","hubris:StunningStrike+1","Immolate+1"],"relics":["Burning Blood","Blue Candle","hubris:Metronome","hubris:TenFootPole","strawberrySpire:Treaders","Sozu","Molten Egg 2","hubris:Towel","Gremlin Food","Regal Pillow","strawberrySpire:JuiceKeg","hubris:Spice","Strawberry"],"potions_floor_usage":[11,41,50],"damage_taken":[{"damage":5,"enemies":"2 Louse","floor":1,"turns":3},{"damage":0,"enemies":"Small Slimes","floor":3,"turns":3},{"damage":7,"enemies":"Cultist","floor":5,"turns":3},{"damage":26,"enemies":"Gremlin Nob","floor":7,"turns":5},{"damage":19,"enemies":"Exordium Wildlife","floor":10,"turns":4},{"damage":6,"enemies":"Lagavulin","floor":11,"turns":3},{"damage":1,"enemies":"Red Slaver","floor":12,"turns":2},{"damage":0,"enemies":"Large Slime","floor":14,"turns":2},{"damage":39,"enemies":"The Guardian","floor":16,"turns":9},{"damage":15,"enemies":"2 Thieves","floor":18,"turns":3},{"damage":14,"enemies":"Chosen","floor":19,"turns":2},{"damage":17,"enemies":"Centurion and Healer","floor":22,"turns":6},{"damage":12,"enemies":"Snecko","floor":24,"turns":3},{"damage":27,"enemies":"Shelled Parasite and Fungi","floor":27,"turns":4},{"damage":15,"enemies":"Snake Plant","floor":28,"turns":2},{"damage":5,"enemies":"Cultist and Chosen","floor":31,"turns":4},{"damage":26,"enemies":"hubris:MusketHawk","floor":33,"turns":6},{"damage":15,"enemies":"3 Shapes","floor":35,"turns":3},{"damage":18,"enemies":"3 Darklings","floor":37,"turns":4},{"damage":7,"enemies":"Spire Growth","floor":39,"turns":3},{"damage":17,"enemies":"Sphere and 2 Shapes","floor":41,"turns":3},{"damage":1,"enemies":"Transient","floor":42,"turns":5},{"damage":34,"enemies":"Spire Growth","floor":45,"turns":3},{"damage":34,"enemies":"4 Shapes","floor":47,"turns":4},{"damage":93,"enemies":"hubris:GrandSnecko","floor":50,"turns":12}],"seed_played":"-5196180310298812595","potions_obtained":[{"floor":5,"key":"Swift Potion"},{"floor":7,"key":"Explosive Potion"},{"floor":10,"key":"SpeedPotion"},{"floor":16,"key":"Dexterity Potion"}],"is_trial":false,"path_per_floor":["M","?","M","$","M","R","E","?","T","M","E","M","R","M","R","B",null,"M","M","$","?","M","R","M","R","T","M","M","R","?","M","R","B",null,"M","?","M","$","M","R","M","M","T","R","M","R","M","$","R","B",null],"character_chosen":"IRONCLAD","items_purchased":["Blue Candle","Molten Egg 2","hubris:StunningStrike+1","Strawberry","hubris:StunningStrike+1","Immolate+1"],"campfire_rested":2,"item_purchase_floors":[4,20,38,48,48,48],"current_hp_per_floor":[80,80,80,80,79,79,59,59,59,46,46,51,51,57,57,24,80,71,63,63,63,52,52,46,46,46,25,16,55,90,90,90,70,90,84,84,72,72,81,81,79,90,98,98,70,70,42,49,95,26],"gold":13,"neow_bonus":"RANDOM_EVENT","is_prod":false,"is_daily":false,"chose_seed":false,"campfire_upgraded":9,"win_rate":0,"timestamp":1550885639,"path_taken":["M","?","M","$","M","R","E","?","T","M","E","?","R","M","R","BOSS","M","M","$","?","M","R","?","R","T","M","M","R","?","?","R","BOSS","M","?","M","$","M","R","M","?","T","R","?","R","M","?","R","BOSS"],"build_version":"2019-01-23","purchased_purges":1,"victory":true,"max_hp_per_floor":[80,80,80,80,80,80,80,80,80,80,80,80,80,80,80,80,80,80,80,80,80,80,80,80,80,80,80,80,80,90,90,90,90,90,90,90,90,90,90,90,90,90,98,98,98,98,98,105,105,105],"card_choices":[{"not_picked":["Run Through","ReplayTheSpireMod:Corrosion Curse"],"picked":"Clash","floor":1},{"not_picked":["Burning Pact","strawberrySpire:Endurance"],"picked":"Thunderclap","floor":3},{"not_picked":["Warcry","Pommel Strike"],"picked":"Cleave","floor":5},{"not_picked":["strawberrySpire:DraftPunk","Warcry","Thunderclap"],"picked":"SKIP","floor":7},{"not_picked":["infinitespire:FutureSight","ReplayTheSpireMod:Chaos Vortex"],"picked":"infinitespire:Gouge","floor":8},{"not_picked":["strawberrySpire:Overwork","Thunderclap"],"picked":"infinitespire:OneForAll","floor":10},{"not_picked":["Eclipse","hubris:CleavingFinish","strawberrySpire:ZonePlayer"],"picked":"SKIP","floor":11},{"not_picked":["Shrug It Off","Wild Strike","Burning Pact"],"picked":"SKIP","floor":12},{"not_picked":["strawberrySpire:DangerMountain","Iron Wave","Combust"],"picked":"SKIP","floor":14},{"not_picked":["Feed","Bludgeon"],"picked":"Replay:Many Hands","floor":16},{"not_picked":["Run Through","Warcry","Flex+1"],"picked":"SKIP","floor":18},{"not_picked":["Shrug It Off","Thunderclap"],"picked":"Clash","floor":19},{"not_picked":["Body Slam+1","Thunderclap+1","Sentinel"],"picked":"SKIP","floor":22},{"not_picked":["Whirlwind+1","Impervious"],"picked":"Inflame","floor":24},{"not_picked":["Searing Blow+1","Shrug It Off","Cleave+1"],"picked":"SKIP","floor":27},{"not_picked":["Ghostly Armor","Double Tap"],"picked":"Sword Boomerang+1","floor":28},{"not_picked":["Shrug It Off","strawberrySpire:FireDrill+1"],"picked":"Blood for Blood+1","floor":31},{"not_picked":["Dark Embrace","Barricade"],"picked":"Reaper+1","floor":33},{"not_picked":["ReplayTheSpireMod:Strike From Hell+1","Flex+1"],"picked":"Clothesline+1","floor":35},{"not_picked":["Pommel Strike+1","strawberrySpire:Endurance+1","Fire Breathing+1"],"picked":"SKIP","floor":37},{"not_picked":["strawberrySpire:DebrisPile","Cleave+1","Havoc+1"],"picked":"SKIP","floor":39},{"not_picked":["Clash+1","Warcry"],"picked":"Pummel+1","floor":41},{"not_picked":["Spot Weakness","strawberrySpire:Incursion+1","strawberrySpire:Spite+1"],"picked":"SKIP","floor":42},{"not_picked":["Spot Weakness","Clothesline+1"],"picked":"Corruption","floor":45},{"not_picked":["strawberrySpire:Aggression","Twin Strike+1","strawberrySpire:Conflagrate"],"picked":"SKIP","floor":47}],"player_experience":718327,"relics_obtained":[{"floor":7,"key":"hubris:Metronome"},{"floor":9,"key":"hubris:TenFootPole"},{"floor":11,"key":"strawberrySpire:Treaders"},{"floor":26,"key":"Regal Pillow"},{"floor":43,"key":"hubris:Spice"}],"event_choices":[{"damage_healed":0,"gold_gain":275,"player_choice":"Desecrate","damage_taken":0,"max_hp_gain":0,"max_hp_loss":0,"event_name":"Golden Shrine","floor":0,"gold_loss":0,"cards_obtained":["Regret"]},{"cards_removed":["Replay:Many Hands"],"damage_healed":25,"gold_gain":0,"player_choice":"Offered Rare","damage_taken":0,"max_hp_gain":10,"max_hp_loss":0,"event_name":"Bonfire Elementals","floor":30,"gold_loss":0},{"damage_healed":0,"gold_gain":0,"player_choice":"Upgraded","damage_taken":0,"max_hp_gain":0,"max_hp_loss":0,"event_name":"Upgrade Shrine","floor":36,"gold_loss":0,"cards_upgraded":["Clash"]}],"is_beta":false,"boss_relics":[{"not_picked":["hubris:Stopwatch","ReplayTheSpireMod:Onyx Gauntlets"],"picked":"Sozu"},{"not_picked":["hubris:BlackHole","Orrery"],"picked":"strawberrySpire:JuiceKeg"}],"items_purged_floors":[20],"is_endless":false,"potions_floor_spawned":[5,7,10,16,27,28,31,39,41,45],"ascension_level":0}