{"gold_per_floor":[112,123,142,107,63,63,118,130,130,130,130,205,219,234,234,311,361,378,378,62,75,91,91,102,137,208,208,221,238,69,86,86,165,165,178,178,103,103,120,120,136,186,186,197,10,26,45,65,65,65],"floor_reached":51,"playtime":3130,"items_purged":["Strike_R","Strike_R"],"score":1366,"play_id":"4dd92f2e-7e1b-49e6-979f-59729c7c3ca3","local_time":"20190417160042","is_ascension_mode":true,"campfire_choices":[{"data":"Bash","floor":6,"key":"SMITH"},{"floor":11,"key":"REST"},{"floor":15,"key":"REST"},{"data":"Corruption","floor":23,"key":"SMITH"},{"floor":32,"key":"REST"},{"data":"Inflame","floor":40,"key":"SMITH"},{"data":"Armaments","floor":49,"key":"SMITH"}],"neow_cost":"NONE","seed_source_timestamp":24515972061368,"circlet_count":0,"master_deck":["AscendersBane","Strike_R","Strike_R","Strike_R+1","Defend_R","Defend_R","Defend_R+1","Bash+1","Pommel Strike","Whirlwind","Shrug It Off","Combust","Armaments+1","Ghostly Armor","Infernal Blade","Battle Trance+1","Offering+1","Headbutt","Fiend Fire","Juggernaut","Corruption+1","Havoc+1","Spot Weakness+1","Feel No Pain","Reaper","Inflame+1","Metallicize","Dark Embrace","Parasite","Seeing Red","Anger+1"],"relics":["Burning Blood","Charon\u0027s Ashes","Mercury Hourglass","Tiny House","Magic Flower","Matryoshka","Anchor","Singing Bowl","Blood Vial","Snecko Eye","Bag of Marbles","Gremlin Horn"],"potions_floor_usage":[13,16,21,22,25,50],"damage_taken":[{"damage":0,"enemies":"Small Slimes","floor":1,"turns":3},{"damage":19,"enemies":"Jaw Worm","floor":2,"turns":4},{"damage":7,"enemies":"2 Louse","floor":3,"turns":2},{"damage":61,"enemies":"Lagavulin Event","floor":7,"turns":6},{"damage":1,"enemies":"2 Fungi Beasts","floor":8,"turns":2},{"damage":0,"enemies":"Gremlin Gang","floor":13,"turns":1},{"damage":3,"enemies":"Looter","floor":14,"turns":3},{"damage":46,"enemies":"The Guardian","floor":16,"turns":13},{"damage":22,"enemies":"Chosen","floor":18,"turns":4},{"damage":2,"enemies":"Spheric Guardian","floor":21,"turns":3},{"damage":25,"enemies":"Centurion and Healer","floor":22,"turns":6},{"damage":38,"enemies":"Snake Plant","floor":24,"turns":4},{"damage":6,"enemies":"Slavers","floor":25,"turns":2},{"damage":33,"enemies":"Shelled Parasite and Fungi","floor":28,"turns":4},{"damage":6,"enemies":"Chosen and Byrds","floor":29,"turns":3},{"damage":7,"enemies":"Snake Plant","floor":31,"turns":2},{"damage":44,"enemies":"Automaton","floor":33,"turns":8},{"damage":6,"enemies":"Orb Walker","floor":35,"turns":2},{"damage":15,"enemies":"3 Darklings","floor":39,"turns":2},{"damage":9,"enemies":"Maw","floor":41,"turns":4},{"damage":0,"enemies":"Sphere and 2 Shapes","floor":44,"turns":2},{"damage":12,"enemies":"Transient","floor":46,"turns":6},{"damage":16,"enemies":"Writhing Mass","floor":47,"turns":4},{"damage":6,"enemies":"4 Shapes","floor":48,"turns":2},{"damage":59,"enemies":"Donu and Deca","floor":50,"turns":6}],"seed_played":"7635656039844249474","potions_obtained":[{"floor":2,"key":"Ancient Potion"},{"floor":8,"key":"Explosive Potion"},{"floor":14,"key":"Explosive Potion"},{"floor":16,"key":"SneckoOil"},{"floor":17,"key":"EssenceOfSteel"},{"floor":18,"key":"Explosive Potion"},{"floor":21,"key":"Regen Potion"},{"floor":29,"key":"FairyPotion"},{"floor":46,"key":"PowerPotion"}],"is_trial":false,"path_per_floor":["M","M","M","?","$","R","?","M","T","?","R","?","M","M","R","B",null,"M","?","$","M","M","R","M","E","T","?","M","M","$","M","R","B",null,"M","?","$","?","M","R","M","?","T","M","$","M","M","M","R","B",null],"character_chosen":"IRONCLAD","items_purchased":["Combust","Magic Flower","Blood Vial","Metallicize"],"campfire_rested":3,"item_purchase_floors":[5,20,30,45],"current_hp_per_floor":[81,68,67,82,82,82,27,32,32,7,31,20,26,29,53,13,70,54,54,54,61,69,69,40,43,43,43,21,24,24,31,58,26,75,83,83,83,83,87,87,92,92,92,97,97,94,96,97,97,68],"gold":65,"neow_bonus":"TEN_PERCENT_HP_BONUS","is_prod":false,"is_daily":false,"chose_seed":false,"campfire_upgraded":4,"win_rate":0,"timestamp":1555509642,"path_taken":["M","M","M","?","$","R","?","M","T","?","R","?","M","M","R","BOSS","M","?","$","?","M","R","M","E","T","?","M","M","$","?","R","BOSS","M","?","$","?","M","R","M","?","T","?","?","?","M","M","R","BOSS"],"build_version":"2019-01-23","purchased_purges":2,"victory":true,"max_hp_per_floor":[82,82,82,82,82,82,82,82,82,82,82,82,82,82,82,82,87,87,87,87,87,87,87,87,87,87,87,89,89,89,91,91,91,91,93,93,93,93,93,93,95,95,95,97,97,97,97,97,97,97],"card_choices":[{"not_picked":["Cleave","Disarm"],"picked":"Pommel Strike","floor":1},{"not_picked":["Anger","Wild Strike"],"picked":"Whirlwind","floor":2},{"not_picked":["Iron Wave","Clash"],"picked":"Shrug It Off","floor":3},{"not_picked":["Dual Wield","Heavy Blade"],"picked":"Armaments","floor":7},{"not_picked":["Perfected Strike","Cleave"],"picked":"Ghostly Armor","floor":8},{"not_picked":["Entrench","Clash"],"picked":"Infernal Blade","floor":13},{"not_picked":["Ghostly Armor","Clothesline"],"picked":"Battle Trance","floor":14},{"not_picked":["Barricade","Limit Break"],"picked":"Offering","floor":16},{"not_picked":["Flex","Sword Boomerang"],"picked":"Headbutt","floor":17},{"not_picked":["Headbutt","Twin Strike"],"picked":"Fiend Fire","floor":18},{"not_picked":["True Grit","Clothesline"],"picked":"Corruption","floor":21},{"not_picked":["Cleave","Body Slam"],"picked":"Havoc+1","floor":22},{"not_picked":["Flex","Body Slam"],"picked":"Warcry","floor":24},{"not_picked":["Havoc","Bludgeon"],"picked":"Spot Weakness+1","floor":25},{"not_picked":["Perfected Strike+1","Blood for Blood","Uppercut"],"picked":"Singing Bowl","floor":28},{"not_picked":["Pommel Strike","Headbutt"],"picked":"Feel No Pain","floor":29},{"not_picked":["Wild Strike","Heavy Blade","Sentinel"],"picked":"Singing Bowl","floor":31},{"not_picked":["Offering","Impervious"],"picked":"Reaper","floor":33},{"not_picked":["Shrug It Off","Body Slam","Rupture+1"],"picked":"Singing Bowl","floor":35},{"not_picked":["Havoc+1","Disarm"],"picked":"Inflame","floor":39},{"not_picked":["Body Slam","Disarm","Second Wind+1"],"picked":"Singing Bowl","floor":41},{"not_picked":["Shrug It Off","Headbutt","Clothesline+1"],"picked":"Singing Bowl","floor":44},{"not_picked":["True Grit","Thunderclap"],"picked":"Dark Embrace","floor":46},{"not_picked":["Pommel Strike+1","Cleave"],"picked":"Seeing Red","floor":47},{"not_picked":["Sword Boomerang","Fire Breathing"],"picked":"Anger+1","floor":48}],"player_experience":587752,"relics_obtained":[{"floor":7,"key":"Charon\u0027s Ashes"},{"floor":9,"key":"Mercury Hourglass"},{"floor":25,"key":"Matryoshka"},{"floor":26,"key":"Anchor"},{"floor":26,"key":"Singing Bowl"},{"floor":43,"key":"Bag of Marbles"},{"floor":43,"key":"Gremlin Horn"}],"event_choices":[{"damage_healed":20,"gold_gain":0,"player_choice":"Healed","damage_taken":0,"max_hp_gain":0,"max_hp_loss":0,"event_name":"The Cleric","floor":4,"gold_loss":35},{"damage_healed":0,"gold_gain":0,"player_choice":"Searched \u00271\u0027 times","damage_taken":0,"max_hp_gain":0,"max_hp_loss":0,"event_name":"Dead Adventurer","floor":7,"gold_loss":0},{"damage_healed":0,"gold_gain":0,"player_choice":"Entered Light","damage_taken":25,"max_hp_gain":0,"max_hp_loss":0,"event_name":"Shining Light","floor":10,"gold_loss":0,"cards_upgraded":["Strike_R","Defend_R"]},{"damage_healed":0,"gold_gain":75,"player_choice":"Gather Gold","damage_taken":11,"max_hp_gain":0,"max_hp_loss":0,"event_name":"World of Goop","floor":12,"gold_loss":0},{"damage_healed":0,"gold_gain":0,"cards_transformed":["Defend_R"],"player_choice":"Transformed","damage_taken":0,"max_hp_gain":0,"max_hp_loss":0,"event_name":"Transmorgrifier","floor":19,"gold_loss":0,"cards_obtained":["Juggernaut"]},{"damage_healed":0,"gold_gain":0,"player_choice":"Forge","damage_taken":0,"max_hp_gain":0,"max_hp_loss":0,"event_name":"Accursed Blacksmith","floor":27,"gold_loss":0,"cards_upgraded":["Battle Trance"]},{"cards_removed":["Warcry"],"damage_healed":0,"gold_gain":0,"player_choice":"Removed Skill","damage_taken":0,"max_hp_gain":0,"max_hp_loss":0,"event_name":"Falling","floor":36,"gold_loss":0},{"damage_healed":0,"gold_gain":0,"player_choice":"Ignored","damage_taken":0,"max_hp_gain":0,"max_hp_loss":0,"event_name":"Mysterious Sphere","floor":38,"gold_loss":0},{"damage_healed":0,"gold_gain":50,"player_choice":"Pray","damage_taken":0,"max_hp_gain":0,"max_hp_loss":0,"event_name":"Golden Shrine","floor":42,"gold_loss":0}],"is_beta":false,"boss_relics":[{"not_picked":["Black Star","Cursed Key"],"picked":"Tiny House"},{"not_picked":["Runic Dome","White Beast Statue"],"picked":"Snecko Eye"}],"items_purged_floors":[37,45],"is_endless":false,"potions_floor_spawned":[2,8,14,16,18,21,29,46,47,48],"ascension_level":18}