{"gold_per_floor":[115,65,65,82,94,94,119,119,169,183,183,183,283,295,295,399,399,416,416,429,444,82,82,111,11,11,11,111,122,134,148,148,249,249,265,276,3,3,0,0,15,42,65,65,76,91,91,191,191,191],"floor_reached":51,"playtime":2070,"items_purged":["Strike_B","Strike_B","Strike_B"],"score":1061,"play_id":"061c3210-41d0-4cab-ae1d-9c5759f08c9c","local_time":"20181231042311","is_ascension_mode":true,"campfire_choices":[{"data":"Zap","floor":6.0,"key":"SMITH"},{"data":"Darkness","floor":8.0,"key":"SMITH"},{"data":"Darkness","floor":11.0,"key":"SMITH"},{"floor":15,"key":"REST"},{"floor":23,"key":"REST"},{"floor":27,"key":"REST"},{"floor":32,"key":"REST"},{"data":"Buffer","floor":40,"key":"SMITH"},{"floor":44,"key":"REST"},{"data":"Hologram","floor":47,"key":"SMITH"},{"data":"Double Energy","floor":49,"key":"SMITH"}],"neow_cost":"NONE","seed_source_timestamp":900607181471520,"circlet_count":0,"master_deck":["Defend_B","Defend_B","Defend_B","Defend_B","Zap+1","Dualcast+1","Redo","Darkness+1","Double Energy+1","Lockon","Darkness+1","Multi-Cast","Biased Cognition","Undo","Leap+1","Hologram+1","Master of Strategy","Steam+1","Buffer+1","Redo+1","Conserve Battery+1","Echo Form"],"special_seed":0,"relics":["Cracked Core","Happy Flower","Blood Vial","Lizard Tail","Anchor","Turnip","Busted Crown","Juzu Bracelet","Red Mask","Unceasing Top","Lantern","FossilizedHelix"],"potions_floor_usage":[20,24,24,24,30,33,42,45,50,50,50,50,50],"damage_taken":[{"damage":4.0,"enemies":"Jaw Worm","floor":1.0,"turns":3.0},{"damage":0.0,"enemies":"Small Slimes","floor":4.0,"turns":3.0},{"damage":0.0,"enemies":"Cultist","floor":5.0,"turns":3.0},{"damage":25.0,"enemies":"3 Sentries","floor":7.0,"turns":8.0},{"damage":0.0,"enemies":"3 Louse","floor":10.0,"turns":3.0},{"damage":35,"enemies":"Gremlin Gang","floor":14,"turns":5},{"damage":0,"enemies":"Slime Boss","floor":16,"turns":6},{"damage":0,"enemies":"Spheric Guardian","floor":18,"turns":2},{"damage":26,"enemies":"2 Thieves","floor":20,"turns":3},{"damage":40,"enemies":"Snecko","floor":21,"turns":5},{"damage":21,"enemies":"Slavers","floor":24,"turns":4},{"damage":18,"enemies":"Snake Plant","floor":29,"turns":4},{"damage":5,"enemies":"Centurion and Healer","floor":30,"turns":4},{"damage":0,"enemies":"Snecko","floor":31,"turns":3},{"damage":14,"enemies":"Collector","floor":33,"turns":6},{"damage":0,"enemies":"3 Darklings","floor":35,"turns":3},{"damage":13,"enemies":"3 Shapes","floor":36,"turns":3},{"damage":0,"enemies":"Spire Growth","floor":41,"turns":5},{"damage":31,"enemies":"Reptomancer","floor":42,"turns":7},{"damage":3,"enemies":"4 Shapes","floor":45,"turns":8},{"damage":0,"enemies":"Jaw Worm Horde","floor":46,"turns":3},{"damage":0,"enemies":"Mind Bloom Boss Battle","floor":48,"turns":6},{"damage":29,"enemies":"Awakened One","floor":50,"turns":9}],"seed_played":"1348902033762210848","potions_obtained":[{"floor":1.0,"key":"SpeedPotion"},{"floor":7.0,"key":"SteroidPotion"},{"floor":10.0,"key":"Ancient Potion"},{"floor":16,"key":"Dexterity Potion"},{"floor":18,"key":"Weak Potion"},{"floor":20,"key":"Fire Potion"},{"floor":24,"key":"PowerPotion"},{"floor":31,"key":"Dexterity Potion"},{"floor":35,"key":"SteroidPotion"},{"floor":36,"key":"GamblersBrew"},{"floor":42,"key":"EssenceOfSteel"},{"floor":46,"key":"EntropicBrew"}],"is_trial":false,"path_per_floor":["M","?","$","M","M","R","E","R","T","M","R","?","?","M","R","B",null,"M","?","M","M","$","R","E","$","T","R","?","M","M","M","R","B",null,"M","M","$","?","?","R","M","E","T","R","M","M","R","?","R","B",null],"character_chosen":"DEFECT","items_purchased":["Hologram","PowerPotion","Energy Potion","Master of Strategy","Juzu Bracelet"],"campfire_rested":5,"item_purchase_floors":[22,22,22,22,37],"current_hp_per_floor":[64,64,64,64,64,64,39,39,39,41,41,41,41,8,30,32,64,66,66,42,4,4,26,7,7,7,29,29,13,10,12,34,22,62,64,53,53,53,53,53,55,26,26,48,47,49,49,51,51,24],"gold":191,"neow_bonus":"UPGRADE_CARD","is_prod":false,"is_daily":false,"chose_seed":false,"campfire_upgraded":6,"win_rate":0,"timestamp":1546226591,"path_taken":["M","?","$","M","M","R","E","R","T","M","R","?","?","M","R","BOSS","M","?","M","M","$","R","E","$","T","R","?","M","M","M","R","BOSS","M","M","$","?","?","R","M","E","T","R","M","M","R","?","R","BOSS"],"build_version":"2018-12-20","purchased_purges":3,"victory":true,"max_hp_per_floor":[75,75,75,75,75,75,75,75,75,75,75,75,75,75,75,75,75,75,75,75,75,75,75,75,75,75,75,75,75,75,75,75,75,75,75,75,75,75,75,75,75,75,75,75,75,75,75,75,75,75],"card_choices":[{"not_picked":["Blizzard","Beam Cell"],"picked":"Redo","floor":1.0},{"not_picked":["Compile Driver","Coolheaded"],"picked":"Darkness","floor":4.0},{"not_picked":["Sweeping Beam","Undo"],"picked":"Double Energy","floor":5.0},{"not_picked":["Rebound","Stack"],"picked":"Lockon","floor":7.0},{"not_picked":["Tempest","Beam Cell"],"picked":"Darkness","floor":10.0},{"not_picked":["Recycle","Coolheaded"],"picked":"Multi-Cast","floor":14},{"not_picked":["Amplify","Machine Learning"],"picked":"Biased Cognition","floor":16},{"not_picked":["Steam","Sweeping Beam+1"],"picked":"Undo","floor":18},{"not_picked":["Coolheaded","Stack"],"picked":"Leap+1","floor":20},{"not_picked":["Go for the Eyes+1","Cold Snap","Conserve Battery"],"picked":"SKIP","floor":21},{"not_picked":["Chill","Heatsinks","Rip and Tear"],"picked":"SKIP","floor":24},{"not_picked":["Echo Form","Force Field","Sweeping Beam"],"picked":"SKIP","floor":29},{"not_picked":["Blizzard","Undo"],"picked":"Steam+1","floor":30},{"not_picked":["Compile Driver","Barrage","Multi-Cast"],"picked":"SKIP","floor":31},{"not_picked":["Biased Cognition","Reboot"],"picked":"Buffer","floor":33},{"not_picked":[],"picked":"Redo+1","floor":35},{"not_picked":["Auto Shields"],"picked":"SKIP","floor":36},{"not_picked":[],"picked":"Conserve Battery+1","floor":41},{"not_picked":["Go for the Eyes"],"picked":"SKIP","floor":42},{"not_picked":["Cold Snap"],"picked":"SKIP","floor":45},{"not_picked":[],"picked":"Echo Form","floor":46}],"player_experience":360768,"relics_obtained":[{"floor":7.0,"key":"Happy Flower"},{"floor":9.0,"key":"Blood Vial"},{"floor":24,"key":"Anchor"},{"floor":26,"key":"Turnip"},{"floor":42,"key":"Unceasing Top"},{"floor":43,"key":"Lantern"},{"floor":48,"key":"FossilizedHelix"}],"event_choices":[{"cards_removed":["Strike_B"],"damage_healed":0.0,"max_hp_gain":0.0,"max_hp_loss":0.0,"gold_gain":0.0,"event_name":"The Cleric","player_choice":"Card Removal","floor":2.0,"gold_loss":50.0,"damage_taken":0.0},{"damage_healed":0,"gold_gain":0,"player_choice":"Ignored","damage_taken":0,"max_hp_gain":0,"max_hp_loss":0,"event_name":"Shining Light","floor":12,"gold_loss":0},{"damage_healed":0,"gold_gain":100,"player_choice":"Gold","damage_taken":0,"max_hp_gain":0,"max_hp_loss":0,"event_name":"Wheel of Change","floor":13,"gold_loss":0},{"damage_healed":0,"gold_gain":0,"player_choice":"Ignored","damage_taken":0,"max_hp_gain":0,"max_hp_loss":0,"event_name":"Cursed Tome","floor":19,"gold_loss":0},{"damage_healed":0,"gold_gain":100,"player_choice":"Pray","damage_taken":0,"max_hp_gain":0,"max_hp_loss":0,"event_name":"Golden Shrine","floor":28,"gold_loss":0},{"damage_healed":0,"gold_gain":0,"player_choice":"Memory 1","damage_taken":0,"max_hp_gain":0,"max_hp_loss":0,"event_name":"SensoryStone","floor":38,"gold_loss":0},{"damage_healed":0,"gold_gain":0,"player_choice":"Paid","damage_taken":0,"relics_obtained":["Red Mask"],"max_hp_gain":0,"max_hp_loss":0,"event_name":"Tomb of Lord Red Mask","floor":39,"gold_loss":3},{"damage_healed":0,"gold_gain":0,"player_choice":"Fight","damage_taken":0,"max_hp_gain":0,"max_hp_loss":0,"event_name":"MindBloom","floor":48,"gold_loss":0}],"is_beta":false,"boss_relics":[{"not_picked":["Astrolabe","Cursed Key"],"picked":"Lizard Tail"},{"not_picked":["Nuclear Battery","Velvet Choker"],"picked":"Busted Crown"}],"items_purged_floors":[22,25,37],"is_endless":false,"potions_floor_spawned":[1,7,10,16,18,20,24,31,35,36,42,46],"ascension_level":8}