{"gold_per_floor":[12,12,12,12,36,77,95,134,161,161,161,196,196,219,219,340,340,353,373,472,472,126,166,166],"floor_reached":24,"playtime":2173,"items_purged":["Strike_B"],"score":360,"play_id":"9b64a567-1630-4ce3-9f8b-78012af56c88","local_time":"20190802092816","is_ascension_mode":true,"campfire_choices":[{"floor":10.0,"key":"REST"},{"data":"Zap","floor":13.0,"key":"SMITH"},{"data":"Defragment","floor":15.0,"key":"SMITH"}],"neow_cost":"NO_GOLD","seed_source_timestamp":0,"circlet_count":0,"master_deck":["AscendersBane","Strike_B+1","Strike_B","Strike_B+1","Defend_B","Defend_B","Zap+1","Dualcast","Recycle","BootSequence","Beam Cell","Ball Lightning","Sweeping Beam","Chill","Defragment+1","Echo Form","Self Repair+1","Doom and Gloom+1","Fission","Chill","Genetic Algorithm"],"special_seed":0,"relics":["Cracked Core","Golden Idol","Smiling Mask","Bag of Marbles","Blood Vial","Omamori","Inserter","Necronomicon","Bronze Scales","Anchor"],"potions_floor_usage":[19,19],"damage_taken":[{"damage":1.0,"enemies":"Cultist","floor":1.0,"turns":3.0},{"damage":1.0,"enemies":"2 Louse","floor":5.0,"turns":2.0},{"damage":31.0,"enemies":"Gremlin Nob","floor":6.0,"turns":4.0},{"damage":0.0,"enemies":"Jaw Worm","floor":7.0,"turns":2.0},{"damage":25.0,"enemies":"Lagavulin","floor":8.0,"turns":5.0},{"damage":5.0,"enemies":"3 Sentries","floor":12.0,"turns":4.0},{"damage":0.0,"enemies":"Large Slime","floor":14.0,"turns":2.0},{"damage":10.0,"enemies":"Slime Boss","floor":16.0,"turns":7.0},{"damage":14,"enemies":"Shell Parasite","floor":18,"turns":5},{"damage":23,"enemies":"2 Thieves","floor":19,"turns":5},{"damage":19,"enemies":"Slavers","floor":23,"turns":3},{"damage":8,"enemies":"3 Cultists","floor":24,"turns":2}],"seed_played":"-3873036807156011707","potions_obtained":[{"floor":5.0,"key":"SteroidPotion"},{"floor":7.0,"key":"Explosive Potion"},{"floor":14.0,"key":"Dexterity Potion"},{"floor":16.0,"key":"Energy Potion"}],"is_trial":false,"path_per_floor":["M","?","?","?","M","E","M","E","T","R","?","E","R","M","R","B",null,"M","M","?","?","$","E","M"],"character_chosen":"DEFECT","items_purchased":["Fission","Bronze Scales","Chill"],"campfire_rested":1,"item_purchase_floors":[22,22,22],"current_hp_per_floor":[67,49,34,59,58,27,27,2,2,24,24,21,21,23,23,15,60,48,37,37,21,21,4,0],"gold":166,"neow_bonus":"REMOVE_TWO","is_prod":false,"is_daily":false,"chose_seed":false,"campfire_upgraded":2,"win_rate":0,"timestamp":1564763296,"path_taken":["M","?","?","?","?","E","M","E","T","R","?","E","R","M","R","BOSS","M","M","?","?","$","E","M"],"build_version":"2019-07-17","purchased_purges":1,"victory":false,"max_hp_per_floor":[75,75,75,75,75,75,75,75,75,75,75,75,75,75,75,75,75,75,75,75,75,75,75,75],"card_choices":[{"not_picked":["Barrage","Redo"],"picked":"Recycle","floor":1.0},{"not_picked":["Gash","Reprogram"],"picked":"BootSequence","floor":5.0},{"not_picked":["Chaos","Stack"],"picked":"Beam Cell","floor":6.0},{"not_picked":["Seek","Turbo"],"picked":"Ball Lightning","floor":7.0},{"not_picked":["Storm","Streamline"],"picked":"Sweeping Beam","floor":8.0},{"not_picked":["Beam Cell","Force Field"],"picked":"Chill","floor":12.0},{"not_picked":["White Noise","Skim"],"picked":"Defragment","floor":14.0},{"not_picked":["Multi-Cast","Reboot"],"picked":"Echo Form","floor":16.0},{"not_picked":["White Noise","BootSequence+1"],"picked":"Self Repair+1","floor":18},{"not_picked":["Reprogram+1","Aggregate"],"picked":"Doom and Gloom+1","floor":19},{"not_picked":["Tempest","Auto Shields"],"picked":"Genetic Algorithm","floor":23}],"player_experience":564272,"relics_obtained":[{"floor":6.0,"key":"Smiling Mask"},{"floor":8.0,"key":"Bag of Marbles"},{"floor":9.0,"key":"Blood Vial"},{"floor":12.0,"key":"Omamori"},{"floor":21,"key":"Necronomicon"},{"floor":23,"key":"Anchor"}],"event_choices":[{"damage_healed":0.0,"max_hp_gain":0.0,"max_hp_loss":0.0,"gold_gain":0.0,"event_name":"Golden Idol","player_choice":"Take Damage","floor":2.0,"gold_loss":0.0,"damage_taken":18.0,"relics_obtained":["Golden Idol"]},{"damage_healed":0.0,"max_hp_gain":0.0,"max_hp_loss":0.0,"gold_gain":0.0,"event_name":"Shining Light","player_choice":"Entered Light","floor":3.0,"gold_loss":0.0,"damage_taken":15.0,"cards_upgraded":["Strike_B","Strike_B"]},{"damage_healed":25.0,"max_hp_gain":0.0,"max_hp_loss":0.0,"gold_gain":0.0,"event_name":"Big Fish","player_choice":"Banana","floor":4.0,"gold_loss":0.0,"damage_taken":0.0},{"damage_healed":0.0,"max_hp_gain":0.0,"max_hp_loss":0.0,"gold_gain":0.0,"event_name":"Scrap Ooze","player_choice":"Fled","floor":11.0,"gold_loss":0.0,"damage_taken":0.0},{"damage_healed":0,"gold_gain":99,"player_choice":"Stole From Cult","damage_taken":0,"max_hp_gain":0,"max_hp_loss":0,"event_name":"Nest","floor":20,"gold_loss":0},{"damage_healed":0,"gold_gain":0,"player_choice":"Obtained Book","damage_taken":16,"max_hp_gain":0,"max_hp_loss":0,"event_name":"Cursed Tome","floor":21,"gold_loss":0}],"is_beta":false,"boss_relics":[{"not_picked":["Fusion Hammer","Runic Dome"],"picked":"Inserter"}],"items_purged_floors":[22],"is_endless":false,"potions_floor_spawned":[5,7,14,16],"killed_by":"3 Cultists","ascension_level":11}