{"gold_per_floor":[114,114,5,5,22,53,18,18,18,49,49,49,65,83,83,186,186,199,199,15,25,25,59,73,15,15,49,49,66,91,107,107,210,210,225,225,225,241,264,264,277,277,304,339,99,99,133,148,148,148,148,148,19,54,54],"floor_reached":56,"playtime":8782,"items_purged":["Regret","Regret","Regret"],"score":1919,"play_id":"c6024696-7d48-4af1-bdc1-077b7f845c59","local_time":"20190206011623","is_ascension_mode":true,"campfire_choices":[{"data":"Footwork","floor":8.0,"key":"SMITH"},{"data":"Blur","floor":11.0,"key":"SMITH"},{"data":"Venomology","floor":15.0,"key":"SMITH"},{"data":"A Thousand Cuts","floor":28.0,"key":"SMITH"},{"data":"RitualDagger","floor":32.0,"key":"SMITH"},{"data":"Apotheosis","floor":40.0,"key":"SMITH"},{"data":"After Image","floor":42.0,"key":"SMITH"},{"floor":49.0,"key":"RECALL"},{"data":"Footwork","floor":52.0,"key":"SMITH"}],"neow_cost":"CURSE","seed_source_timestamp":0,"circlet_count":0,"master_deck":["AscendersBane","Defend_G","Defend_G","Defend_G","Defend_G","Strike_G+1","Strike_G","Strike_G","Strike_G","Strike_G","Survivor","Neutralize+1","Footwork+1","Blur+1","Leg Sweep","Venomology+1","Leg Sweep","Escape Plan","Deflect","A Thousand Cuts+1","Masterful Stab","After Image+1","Finesse","Heel Hook+1","Dodge and Roll","RitualDagger+1","Dodge and Roll","Deadly Poison+1","Footwork+1","Deflect+1","Deadly Poison","Burst","PiercingWail","Bullet Time","Catalyst+1","Apotheosis+1","The Bomb","Dark Shackles","Unload+1","Noxious Fumes+1","A Thousand Cuts+1","Concentrate+1"],"special_seed":0,"relics":["Ring of the Snake","Incense Burner","Centennial Puzzle","Oddly Smooth Stone","The Courier","Runic Pyramid","Bag of Marbles","Smiling Mask","Bottled Tornado","Frozen Egg 2","Cursed Key","Art of War","Mercury Hourglass","Regal Pillow","Whetstone"],"potions_floor_usage":[55,55,55],"damage_taken":[{"damage":14.0,"enemies":"Small Slimes","floor":1.0,"turns":5.0},{"damage":0.0,"enemies":"Cultist","floor":5.0,"turns":5.0},{"damage":0.0,"enemies":"3 Sentries","floor":6.0,"turns":17.0},{"damage":29.0,"enemies":"Gremlin Nob","floor":10.0,"turns":10.0},{"damage":0.0,"enemies":"2 Louse","floor":13.0,"turns":6.0},{"damage":0.0,"enemies":"Large Slime","floor":14.0,"turns":10.0},{"damage":2.0,"enemies":"The Guardian","floor":16.0,"turns":29.0},{"damage":0.0,"enemies":"Spheric Guardian","floor":18.0,"turns":8.0},{"damage":6.0,"enemies":"2 Thieves","floor":21.0,"turns":5.0},{"damage":0.0,"enemies":"Gremlin Leader","floor":23.0,"turns":13.0},{"damage":2.0,"enemies":"3 Cultists","floor":24.0,"turns":9.0},{"damage":0.0,"enemies":"Book of Stabbing","floor":27.0,"turns":10.0},{"damage":0.0,"enemies":"Snecko","floor":29.0,"turns":10.0},{"damage":2.0,"enemies":"Slavers","floor":30.0,"turns":6.0},{"damage":0.0,"enemies":"Snake Plant","floor":31.0,"turns":7.0},{"damage":25.0,"enemies":"Champ","floor":33.0,"turns":23.0},{"damage":0.0,"enemies":"3 Darklings","floor":35.0,"turns":6.0},{"damage":1.0,"enemies":"Orb Walker","floor":38.0,"turns":4.0},{"damage":1.0,"enemies":"Sphere and 2 Shapes","floor":41.0,"turns":6.0},{"damage":5.0,"enemies":"Reptomancer","floor":44.0,"turns":7.0},{"damage":0.0,"enemies":"Giant Head","floor":47.0,"turns":8.0},{"damage":3.0,"enemies":"Writhing Mass","floor":48.0,"turns":5.0},{"damage":12.0,"enemies":"Time Eater","floor":50.0,"turns":7.0},{"damage":5.0,"enemies":"Shield and Spear","floor":54.0,"turns":5.0},{"damage":13,"enemies":"The Heart","floor":55,"turns":14}],"seed_played":"2319262150117021487","potions_obtained":[{"floor":1.0,"key":"GhostInAJar"},{"floor":4.0,"key":"Poison Potion"},{"floor":4.0,"key":"Energy Potion"},{"floor":6.0,"key":"Dexterity Potion"},{"floor":18.0,"key":"PowerPotion"},{"floor":27.0,"key":"GamblersBrew"},{"floor":29.0,"key":"Regen Potion"},{"floor":33.0,"key":"EssenceOfSteel"},{"floor":41.0,"key":"Fruit Juice"},{"floor":48.0,"key":"EssenceOfSteel"}],"is_trial":false,"path_per_floor":["M","?","$","?","M","E","?","R","T","E","R","?","M","M","R","B",null,"M","?","$","M","?","E","M","$","T","E","R","M","E","M","R","B",null,"M","?","?","M","T","R","M","R","T","E","$","?","E","M","R","B",null,"R","$","E","B",null],"character_chosen":"THE_SILENT","items_purchased":["Blur","After Image","Finesse","Heel Hook","Footwork","Noxious Fumes+1","A Thousand Cuts+1","Poison Potion","Strength Potion"],"campfire_rested":0,"item_purchase_floors":[3,20,20,20,25,45,45,53,53],"current_hp_per_floor":[49,35,35,35,35,35,52,52,52,23,23,23,23,23,23,21,58,58,45,45,39,33,33,31,31,31,31,31,31,44,44,44,19,61,61,61,51,50,50,50,54,54,54,49,49,49,49,46,46,34,69,69,69,64,51],"gold":54,"neow_bonus":"ONE_RARE_RELIC","is_prod":false,"is_daily":false,"chose_seed":false,"campfire_upgraded":8,"win_rate":0,"timestamp":1549444583,"path_taken":["M","?","$","?","?","E","?","R","T","E","R","?","?","M","R","BOSS","M","?","$","M","?","E","M","?","T","E","R","M","E","M","R","BOSS","M","?","?","M","?","R","?","R","T","E","$","?","E","M","R","BOSS","R","$","E","BOSS"],"build_version":"2019-01-23","purchased_purges":3,"victory":true,"max_hp_per_floor":[70,70,70,70,70,70,70,70,70,70,70,70,70,70,70,70,70,70,75,75,75,75,75,75,75,75,75,75,75,75,75,75,75,75,75,75,75,75,75,75,80,80,80,80,80,80,80,80,80,80,80,80,80,80,80],"card_choices":[{"not_picked":["Cloak And Dagger","Heel Hook"],"picked":"Footwork","floor":1.0},{"not_picked":["Concentrate","Riddle With Holes"],"picked":"Leg Sweep","floor":5.0},{"not_picked":["Underhanded Strike","Prepared"],"picked":"Venomology","floor":6.0},{"not_picked":["Prepared","Slice"],"picked":"Leg Sweep","floor":10.0},{"not_picked":["Footwork","Outmaneuver"],"picked":"Escape Plan","floor":13.0},{"not_picked":["Blade Dance","Poisoned Stab"],"picked":"Deflect","floor":14.0},{"not_picked":["Tools of the Trade","Venomology"],"picked":"A Thousand Cuts","floor":16.0},{"not_picked":["Crippling Poison","Bane"],"picked":"Masterful Stab","floor":18.0},{"not_picked":["Cloak And Dagger","Terror"],"picked":"Dodge and Roll","floor":21.0},{"not_picked":["Dagger Throw","Blade Dance+1"],"picked":"Dodge and Roll","floor":23.0},{"not_picked":["Reflex","Finisher"],"picked":"Deadly Poison+1","floor":24.0},{"not_picked":["Cloak And Dagger","Masterful Stab"],"picked":"Deflect+1","floor":27.0},{"not_picked":["Outmaneuver","Bane"],"picked":"Deadly Poison","floor":29.0},{"not_picked":["Outmaneuver","Deflect"],"picked":"Burst","floor":30.0},{"not_picked":["Dodge and Roll+1","Backflip+1"],"picked":"PiercingWail","floor":31.0},{"not_picked":["Glass Knife","Tools of the Trade+1"],"picked":"Bullet Time","floor":33.0},{"not_picked":["Escape Plan","Accuracy+1"],"picked":"Catalyst+1","floor":35.0},{"not_picked":["Dramatic Entrance","PanicButton"],"picked":"Apotheosis","floor":37.0},{"not_picked":["Transmutation","Flash of Steel"],"picked":"The Bomb","floor":37.0},{"not_picked":["Panacea","Deep Breath"],"picked":"Dark Shackles","floor":37.0},{"not_picked":["Sucker Punch","Heel Hook","Flying Knee"],"picked":"SKIP","floor":38.0},{"not_picked":["Acrobatics","Dagger Throw+1","Flying Knee+1"],"picked":"SKIP","floor":41.0},{"not_picked":["PiercingWail+1","Finisher"],"picked":"Unload","floor":44.0},{"not_picked":["Dagger Spray","Blade Dance","Poisoned Stab"],"picked":"SKIP","floor":47.0},{"not_picked":["Poisoned Stab+1","Bane+1","Slice"],"picked":"SKIP","floor":48.0},{"not_picked":["Doppelganger","Deadly Poison"],"picked":"Concentrate+1","floor":54.0}],"player_experience":480069,"relics_obtained":[{"floor":6.0,"key":"Centennial Puzzle"},{"floor":9.0,"key":"Oddly Smooth Stone"},{"floor":10.0,"key":"The Courier"},{"floor":23.0,"key":"Bag of Marbles"},{"floor":26.0,"key":"Smiling Mask"},{"floor":27.0,"key":"Bottled Tornado"},{"floor":30.0,"key":"Frozen Egg 2"},{"floor":43.0,"key":"Art of War"},{"floor":44.0,"key":"Mercury Hourglass"},{"floor":47.0,"key":"Regal Pillow"},{"floor":54.0,"key":"Whetstone"}],"event_choices":[{"damage_healed":0.0,"max_hp_gain":0.0,"max_hp_loss":0.0,"gold_gain":0.0,"event_name":"Shining Light","player_choice":"Entered Light","floor":2.0,"gold_loss":0.0,"damage_taken":14.0,"cards_upgraded":["Strike_G","Neutralize"]},{"damage_healed":0.0,"max_hp_gain":0.0,"max_hp_loss":0.0,"gold_gain":0.0,"event_name":"Lab","player_choice":"Got Potions","floor":4.0,"gold_loss":0.0,"damage_taken":0.0},{"damage_healed":17.0,"max_hp_gain":0.0,"max_hp_loss":0.0,"gold_gain":0.0,"event_name":"The Cleric","player_choice":"Healed","floor":7.0,"gold_loss":35.0,"damage_taken":0.0},{"damage_healed":0.0,"max_hp_gain":0.0,"max_hp_loss":0.0,"gold_gain":0.0,"event_name":"Scrap Ooze","player_choice":"Fled","floor":12.0,"gold_loss":0.0,"damage_taken":0.0},{"damage_healed":0.0,"max_hp_gain":5.0,"max_hp_loss":0.0,"gold_gain":0.0,"event_name":"Forgotten Altar","player_choice":"Shed Blood","floor":19.0,"gold_loss":0.0,"damage_taken":18.0},{"damage_healed":0.0,"max_hp_gain":0.0,"max_hp_loss":0.0,"gold_gain":0.0,"event_name":"Nest","player_choice":"Joined the Cult","floor":22.0,"gold_loss":0.0,"damage_taken":6.0,"cards_obtained":["RitualDagger"]},{"damage_healed":0.0,"max_hp_gain":0.0,"max_hp_loss":0.0,"gold_gain":0.0,"event_name":"Tomb of Lord Red Mask","player_choice":"Ignored","floor":36.0,"gold_loss":0.0,"damage_taken":0.0},{"damage_healed":0.0,"max_hp_gain":0.0,"max_hp_loss":0.0,"gold_gain":0.0,"event_name":"SensoryStone","player_choice":"Memory 3","floor":37.0,"gold_loss":0.0,"damage_taken":10.0},{"cards_removed":["Defend_G"],"damage_healed":0.0,"max_hp_gain":0.0,"max_hp_loss":0.0,"gold_gain":0.0,"event_name":"Falling","player_choice":"Removed Skill","floor":46.0,"gold_loss":0.0,"damage_taken":0.0}],"is_beta":false,"boss_relics":[{"not_picked":["Ring of the Serpent","HoveringKite"],"picked":"Runic Pyramid"},{"not_picked":["Calling Bell","Sozu"],"picked":"Cursed Key"}],"items_purged_floors":[3,45,53],"is_endless":false,"potions_floor_spawned":[1,5,6,18,21,27,29,33,41,44,48],"ascension_level":10}