{"path_per_floor":["M","$","?","$","M","E","R","M","T","$","R","?","M","M","R","B",null,"M","$","M","$","M"],"character_chosen":"IRONCLAD","items_purchased":["Spot Weakness","Membership Card"],"gold_per_floor":[114,36,36,36,46,79,79,96,123,48,48,123,134,148,148,245,245,262,69,87,7,20],"floor_reached":23,"campfire_rested":0,"playtime":784,"current_hp_per_floor":[80,80,80,80,80,80,80,80,80,80,80,69,75,80,80,22,80,61,61,48,48,36],"items_purged":["Defend_R","Strike_R"],"gold":20,"score":216,"play_id":"d008e3e6-dc05-4b88-8a70-58776d63f855","is_prod":false,"is_daily":false,"is_ascension_mode":false,"campfire_upgraded":3,"path_taken":["M","?","?","$","M","E","R","M","T","$","R","?","M","M","R","BOSS","M","$","M","$","M","M"],"build_version":"2018-02-15-PROD1","purchased_purges":2,"victory":false,"master_deck":["Strike_R","Strike_R","Strike_R","Defend_R","Defend_R","Defend_R","Bash","Armaments","Spot Weakness+1","Dropkick","Flame Barrier+1","Infernal Blade+1","Headbutt","Flex","Flex","Demon Form","Heavy Blade+1","Dual Wield","Clash"],"max_hp_per_floor":[80,80,80,80,80,80,80,80,80,80,80,80,80,80,80,80,80,80,80,80,80,80],"relics":["Burning Blood","NeowsBlessing","Torii","Regal Pillow","Sozu","Membership Card"],"card_choices":[{"not_picked":["Power Through","Twin Strike"],"picked":"Armaments"},{"not_picked":["Perfected Strike","Cleave"],"picked":"Flame Barrier"},{"not_picked":["Power Through","Hemokinesis"],"picked":"Infernal Blade"},{"not_picked":["Wild Strike","Battle Trance"],"picked":"Headbutt"},{"not_picked":["Feel No Pain","Body Slam"],"picked":"Flex"},{"not_picked":["Heavy Blade","Dark Embrace"],"picked":"Flex"},{"not_picked":["Reaper","Immolate"],"picked":"Demon Form"},{"not_picked":["Clothesline","Searing Blow"],"picked":"Heavy Blade"},{"not_picked":["Reckless Charge","Evolve"],"picked":"Dual Wield"},{"not_picked":["Warcry","Spot Weakness"],"picked":"Clash"}],"player_experience":102448,"potions_floor_usage":[16],"damage_taken":[{"damage":0,"enemies":"Cultist","floor":1,"turns":1},{"damage":0,"enemies":"2 Louse","floor":5,"turns":1},{"damage":0,"enemies":"Lagavulin","floor":6,"turns":1},{"damage":0,"enemies":"Small Slimes","floor":8,"turns":2},{"damage":0,"enemies":"3 Louse","floor":13,"turns":3},{"damage":1,"enemies":"Exordium Wildlife","floor":14,"turns":2},{"damage":64,"enemies":"The Guardian","floor":16,"turns":11},{"damage":25,"enemies":"Shell Parasite","floor":18,"turns":5},{"damage":23,"enemies":"Chosen","floor":20,"turns":6},{"damage":18,"enemies":"Snecko","floor":22,"turns":4},{"damage":44,"enemies":"Chosen and Byrds","floor":23,"turns":5}],"event_choices":[{"event_name":"Transmorgrifier","player_choice":"Transform","floor":3,"damage_taken":0},{"event_name":"World of Goop","player_choice":"Gather Gold","floor":12,"damage_taken":0}],"boss_relics":[{"not_picked":["Black Star","Black Blood"],"picked":"Sozu"}],"potions_floor_spawned":[1,6,8,18,20],"seed_played":"2286875325033293649","killed_by":"Chosen and Byrds","ascension_level":0,"is_trial":false}