{"gold_per_floor":[114,39,56,56,74,74,91,91,91,91,102,102,102,113,113,213,213,228,228,128,141,141,141,141],"floor_reached":24,"playtime":1257,"items_purged":["Strike_R","Strike_R"],"score":186,"play_id":"2befd975-29e9-4a31-85ec-45b09258842a","local_time":"20190913230706","is_ascension_mode":false,"campfire_choices":[{"data":"Secret Technique","floor":6,"key":"SMITH"},{"data":"Rampage","floor":8,"key":"SMITH"},{"data":"Bash","floor":10,"key":"SMITH"},{"data":"PanicButton","floor":12,"key":"SMITH"},{"data":"Seeing Red","floor":15,"key":"SMITH"},{"floor":23,"key":"REST"}],"neow_cost":"TEN_PERCENT_HP_LOSS","seed_source_timestamp":2399920630512100,"circlet_count":0,"master_deck":["Strike_R","Strike_R","Strike_R","Defend_R","Defend_R","Defend_R","Defend_R","Bash+1","PanicButton+1","Secret Technique+1","Rampage+1","Seeing Red+1","Berserk"],"relics":["Burning Blood"],"potions_floor_usage":[11,14,16,16,21],"damage_taken":[{"damage":0,"enemies":"Small Slimes","floor":1,"turns":4},{"damage":4,"enemies":"2 Louse","floor":3,"turns":4},{"damage":6,"enemies":"Cultist","floor":5,"turns":5},{"damage":4,"enemies":"2 Fungi Beasts","floor":7,"turns":5},{"damage":6,"enemies":"Blue Slaver","floor":11,"turns":5},{"damage":12,"enemies":"Large Slime","floor":14,"turns":7},{"damage":27,"enemies":"Slime Boss","floor":16,"turns":12},{"damage":37,"enemies":"Shell Parasite","floor":18,"turns":7},{"damage":53,"enemies":"3 Byrds","floor":21,"turns":9},{"damage":44,"enemies":"Book of Stabbing","floor":24,"turns":5}],"seed_played":"4595972379205849437","potions_obtained":[{"floor":1,"key":"Weak Potion"},{"floor":7,"key":"Explosive Potion"},{"floor":13,"key":"Fruit Juice"},{"floor":13,"key":"PowerPotion"},{"floor":18,"key":"Regen Potion"}],"is_trial":false,"path_per_floor":["M","$","M","?","M","R","M","R","T","R","M","R","?","M","R","B",null,"M","T","$","M","?","R","E"],"character_chosen":"IRONCLAD","items_purchased":[],"campfire_rested":1,"item_purchase_floors":[],"current_hp_per_floor":[72,72,72,77,77,77,77,77,77,77,77,77,77,71,71,55,82,51,51,51,19,19,43,0],"gold":141,"neow_bonus":"RANDOM_COLORLESS_2","is_prod":false,"is_daily":false,"chose_seed":false,"campfire_upgraded":5,"win_rate":0,"timestamp":1568430426,"path_taken":["M","$","M","?","M","R","M","R","T","R","M","R","?","M","R","BOSS","M","?","$","M","?","R","E"],"build_version":"2019-07-17","purchased_purges":2,"victory":false,"max_hp_per_floor":[72,72,72,77,77,77,77,77,77,77,77,77,77,77,77,82,82,82,82,82,82,82,82,82],"card_choices":[{"not_picked":["Twin Strike","Second Wind","Thunderclap"],"picked":"SKIP","floor":1},{"not_picked":["Infernal Blade","Havoc","Clothesline"],"picked":"SKIP","floor":3},{"not_picked":["Power Through","Shockwave","Pummel"],"picked":"SKIP","floor":5},{"not_picked":["Searing Blow","Twin Strike"],"picked":"Rampage","floor":7},{"not_picked":["True Grit","Fiend Fire","Burning Pact"],"picked":"SKIP","floor":11},{"not_picked":["Thunderclap","Spot Weakness"],"picked":"Seeing Red","floor":14},{"not_picked":["Limit Break","Bludgeon"],"picked":"Berserk","floor":16},{"not_picked":["Flex","Blood for Blood","Inflame"],"picked":"SKIP","floor":18},{"not_picked":["Clothesline","Metallicize","Cleave"],"picked":"SKIP","floor":21}],"player_experience":419038,"relics_obtained":[],"event_choices":[{"damage_healed":0,"gold_gain":0,"player_choice":"Donut","damage_taken":0,"max_hp_gain":5,"max_hp_loss":0,"event_name":"Big Fish","floor":4,"gold_loss":0},{"damage_healed":0,"gold_gain":0,"player_choice":"Got Potions","damage_taken":0,"max_hp_gain":0,"max_hp_loss":0,"event_name":"Lab","floor":13,"gold_loss":0},{"damage_healed":0,"gold_gain":0,"player_choice":"Ignored","damage_taken":0,"max_hp_gain":0,"max_hp_loss":0,"event_name":"Cursed Tome","floor":22,"gold_loss":0}],"is_beta":false,"boss_relics":[{"not_picked":["Snecko Eye","Runic Cube","Astrolabe"]}],"items_purged_floors":[2,20],"is_endless":false,"potions_floor_spawned":[1,7,18],"killed_by":"Book of Stabbing","ascension_level":0}