{"path_per_floor":["M","$","M","?","?","E","R","M","T","M","M","$","E","M","R","B",null,"M","T","M","M","$","R","E","M","T","M","?","M","R","?","R","B",null,"M","?","?","$","M","R","M","$","T","M","M","M","M","T","R"],"character_chosen":"IRONCLAD","items_purchased":["Flex","Whirlwind","Flex","Pear"],"gold_per_floor":[115,69,83,33,33,59,59,73,73,92,104,3,30,50,50,154,154,164,189,200,220,170,170,200,215,260,279,279,290,290,290,290,385,385,403,403,403,403,417,417,430,136,136,155,169,188,207,289,289],"floor_reached":50,"campfire_rested":3,"playtime":1375,"current_hp_per_floor":[80,80,80,80,73,79,79,80,80,73,79,79,80,70,70,20,80,58,58,62,66,66,66,35,43,43,25,25,29,53,53,77,10,80,80,80,80,80,80,80,48,58,58,57,60,33,29,29,56],"items_purged":["Decay","Defend_R"],"gold":289,"score":554,"play_id":"bd3720ad-1858-466d-9dd0-9f82cfbf4b9d","local_time":"20180319173500","is_prod":false,"is_daily":false,"is_ascension_mode":false,"campfire_upgraded":4,"timestamp":1521495300,"path_taken":["M","?","M","?","?","E","R","M","T","M","M","$","E","M","R","BOSS","M","?","?","M","$","R","E","M","T","M","?","M","R","?","R","BOSS","M","?","?","$","?","R","M","$","T","M","M","M","M","?","R","BOSS"],"build_version":"2018-03-15v3","purchased_purges":2,"victory":false,"master_deck":["Defend_R","Bash","Fiend Fire","Flex+1","Battle Trance","Whirlwind+1","Seeing Red","Whirlwind+1","Flex+1","Offering","Pommel Strike+1","Pain","Flex","Bite","Bite","Bite","Bite","Bite","Reaper","Regret","Injury"],"max_hp_per_floor":[80,80,80,80,80,80,80,80,80,80,80,80,80,80,80,80,80,80,80,80,80,80,80,80,80,80,80,80,80,80,80,80,80,80,80,80,80,80,80,80,80,90,90,90,90,90,90,90,90],"relics":["Burning Blood","NeowsBlessing","Lantern","Smiling Mask","Cursed Key","Oddly Smooth Stone","Calipers","Bag of Preparation","Runic Dome","Dead Branch","Pear","Shovel","Toolbox"],"card_choices":[{"not_picked":["Twin Strike","Cleave"],"picked":"Fiend Fire"},{"not_picked":["Twin Strike","Clash"],"picked":"Battle Trance"},{"not_picked":["Headbutt","True Grit"],"picked":"Whirlwind"},{"not_picked":["Rampage","Clash"],"picked":"Seeing Red"},{"not_picked":["Berserk","Feed"],"picked":"Offering"},{"not_picked":["Anger","Iron Wave"],"picked":"Pommel Strike"},{"not_picked":["Perfected Strike","Spot Weakness"],"picked":"Flex"},{"not_picked":["Barricade","Demon Form"],"picked":"Reaper"}],"player_experience":213781,"potions_floor_usage":[16,16,16,50,50,50],"damage_taken":[{"damage":0,"enemies":"Cultist","floor":1,"turns":1},{"damage":0,"enemies":"Small Slimes","floor":3,"turns":1},{"damage":0,"enemies":"Gremlin Nob","floor":6,"turns":1},{"damage":0,"enemies":"2 Louse","floor":8,"turns":1},{"damage":13,"enemies":"Red Slaver","floor":10,"turns":2},{"damage":0,"enemies":"Large Slime","floor":11,"turns":2},{"damage":0,"enemies":"3 Sentries","floor":13,"turns":1},{"damage":16,"enemies":"Exordium Wildlife","floor":14,"turns":3},{"damage":58,"enemies":"Hexaghost","floor":16,"turns":5},{"damage":28,"enemies":"Shell Parasite","floor":18,"turns":3},{"damage":4,"enemies":"Spheric Guardian","floor":20,"turns":1},{"damage":4,"enemies":"Cultist and Chosen","floor":21,"turns":3},{"damage":39,"enemies":"Book of Stabbing","floor":24,"turns":4},{"damage":0,"enemies":"Sentry and Sphere","floor":25,"turns":1},{"damage":26,"enemies":"Chosen and Byrds","floor":27,"turns":4},{"damage":4,"enemies":"Snecko","floor":29,"turns":1},{"damage":79,"enemies":"Collector","floor":33,"turns":6},{"damage":3,"enemies":"3 Darklings","floor":35,"turns":1},{"damage":6,"enemies":"Orb Walker","floor":39,"turns":2},{"damage":42,"enemies":"Maw","floor":41,"turns":5},{"damage":7,"enemies":"Sphere and 2 Shapes","floor":44,"turns":1},{"damage":3,"enemies":"3 Darklings","floor":45,"turns":1},{"damage":37,"enemies":"Maw","floor":46,"turns":7},{"damage":10,"enemies":"4 Shapes","floor":47,"turns":1},{"damage":89,"enemies":"Awakened One","floor":50,"turns":5}],"event_choices":[{"event_name":"The Cleric","player_choice":"Card Removal","floor":4,"damage_taken":0},{"event_name":"Golden Wing","player_choice":"Card Removal","floor":5,"damage_taken":0},{"event_name":"Cursed Tome","player_choice":"Ignored","floor":28,"damage_taken":0},{"event_name":"Vampires","player_choice":"Became a vampire (Vial)","floor":31,"damage_taken":0},{"event_name":"Wheel of Change","player_choice":"Relic","floor":37,"damage_taken":0}],"boss_relics":[{"not_picked":["Astrolabe","Black Star"],"picked":"Cursed Key"},{"not_picked":["Lizard Tail","Calling Bell"],"picked":"Runic Dome"}],"potions_floor_spawned":[6,11,14,18,24,33,41,44,45],"seed_played":"3283382121845819495","killed_by":"Awakened One","ascension_level":0,"is_trial":false}