{"path_per_floor":["M","$","M","?","?","E","M","E","T","E","$","?","M"],"character_chosen":"DEFECT","items_purchased":["Thunder Strike","Steam Power"],"gold_per_floor":[118,49,69,69,69,94,105,130,130,158,49,49,68,68],"floor_reached":14,"campfire_rested":0,"playtime":352,"item_purchase_floors":[2,11],"current_hp_per_floor":[75,75,75,75,68,68,68,43,43,8,8,8,1,0],"items_purged":["Strike_B"],"gold":68,"score":140,"play_id":"1cfb8820-baa0-4daf-9beb-e222483fe947","local_time":"20180601013722","is_prod":false,"is_daily":false,"chose_seed":false,"is_ascension_mode":true,"campfire_upgraded":0,"win_rate":0,"timestamp":1527831442,"campfire_choices":[],"path_taken":["M","?","M","?","?","E","M","E","T","E","$","?","?","M"],"build_version":"2018-05-31","seed_source_timestamp":105327280729175,"purchased_purges":1,"victory":false,"master_deck":["Strike_B","Strike_B","Defend_B","Defend_B","Defend_B","Defend_B","Zap+1","Dualcast","Tempest","Thunder Strike","Double Energy","Double Energy","Gash","Steam Power","White Noise"],"max_hp_per_floor":[75,75,75,75,75,75,75,75,75,75,75,75,75,75],"relics":["Cracked Core","NeowsBlessing","Gremlin Horn","Pantograph","Centennial Puzzle","Peace Pipe"],"card_choices":[{"not_picked":["Conserve Battery","Reprogram"],"picked":"Tempest","floor":1},{"not_picked":["Blizzard","Stack","Barrage"],"picked":"SKIP","floor":3},{"not_picked":["Blizzard","FTL"],"picked":"Double Energy","floor":6},{"not_picked":["Static Discharge","Darkness"],"picked":"Double Energy","floor":7},{"not_picked":["Stack","Compile Driver","Aggregate"],"picked":"SKIP","floor":8},{"not_picked":["Chaos","Storm"],"picked":"Gash","floor":10},{"not_picked":["Steam","Stack"],"picked":"White Noise","floor":13}],"player_experience":534459,"potions_floor_usage":[8,8],"damage_taken":[{"damage":0,"enemies":"Cultist","floor":1,"turns":1},{"damage":0,"enemies":"Small Slimes","floor":3,"turns":1},{"damage":0,"enemies":"Lagavulin","floor":6,"turns":1},{"damage":0,"enemies":"2 Louse","floor":7,"turns":2},{"damage":25,"enemies":"3 Sentries","floor":8,"turns":7},{"damage":35,"enemies":"Gremlin Nob","floor":10,"turns":4},{"damage":7,"enemies":"2 Fungi Beasts","floor":13,"turns":2},{"damage":1,"enemies":"Exordium Thugs","floor":14,"turns":2}],"relics_obtained":[{"floor":6,"key":"Gremlin Horn"},{"floor":8,"key":"Pantograph"},{"floor":9,"key":"Centennial Puzzle"},{"floor":10,"key":"Peace Pipe"}],"event_choices":[{"event_name":"Upgrade Shrine","player_choice":"Upgraded","floor":4,"damage_taken":0},{"event_name":"Golden Wing","player_choice":"Card Removal","floor":5,"damage_taken":0},{"event_name":"Shining Light","player_choice":"Ignored","floor":12,"damage_taken":0}],"boss_relics":[],"items_purged_floors":[11],"potions_floor_spawned":[1,3,7],"seed_played":"-4127767940839786390","killed_by":"Exordium Thugs","ascension_level":1,"potions_obtained":[{"floor":1,"key":"Strength Potion"},{"floor":3,"key":"EssenceOfSteel"},{"floor":7,"key":"LiquidBronze"}],"is_trial":false}