{"path_per_floor":["M","M","M","$","M","E","R","E","T","R","?","R","M","M","R","B",null,"M","$","?","M","$","R","M","R","T","?","$","R","M","M","R"],"character_chosen":"IRONCLAD","items_purchased":["Flex","Paper Frog"],"gold_per_floor":[115,127,139,16,28,59,59,92,92,92,122,122,142,155,155,252,252,270,29,29,27,27,27,37,37,37,37,37,37,51,66,66,66],"floor_reached":33,"campfire_rested":5,"playtime":998,"current_hp_per_floor":[65,67,64,64,64,41,41,13,13,37,37,61,67,73,73,32,68,72,72,48,34,34,58,58,80,80,87,87,87,65,71,87,0],"items_purged":["Doubt"],"gold":66,"score":334,"play_id":"e877e426-5083-452d-9565-51eebc52ff1c","local_time":"20180324165420","is_prod":false,"is_daily":false,"is_ascension_mode":true,"campfire_upgraded":3,"timestamp":1521924860,"path_taken":["M","?","M","$","M","E","R","E","T","R","?","R","M","M","R","BOSS","M","$","?","M","?","R","M","R","T","?","$","R","?","M","R","BOSS"],"build_version":"2018-03-22v2","purchased_purges":1,"victory":false,"master_deck":["Bash","Metallicize","Dark Embrace","Havoc","Whirlwind+1","Flex+1","Demon Form","Shrug It Off","Flex","Impervious","Iron Wave","Thunderclap","Flame Barrier","Twin Strike","Shrug It Off","Dropkick","Ghostly Armor","Pummel+1","Blind","Finesse","Headbutt+1","Offering+1","Writhe","Heavy Blade"],"max_hp_per_floor":[80,80,80,80,80,80,80,80,80,80,80,80,80,80,80,80,80,80,80,80,80,80,80,80,80,80,87,87,87,87,87,87,87],"relics":["Burning Blood","Prayer Wheel","Lantern","Du-Vu Doll","Bag of Preparation","Pandora\u0027s Box","Paper Frog","Charon\u0027s Ashes","Strawberry"],"card_choices":[{"not_picked":["Body Slam","Clash"],"picked":"Havoc","floor":1},{"not_picked":["Perfected Strike","Burning Pact"],"picked":"Whirlwind","floor":3},{"not_picked":["Cleave","Sever Soul"],"picked":"Demon Form","floor":5},{"not_picked":["Corruption","Warcry"],"picked":"Shrug It Off","floor":6},{"not_picked":["Evolve","Iron Wave"],"picked":"Flex","floor":8},{"not_picked":["Demon Form","Dark Embrace"],"picked":"Impervious","floor":16},{"not_picked":["Pommel Strike","Hemokinesis"],"picked":"Pummel","floor":18},{"not_picked":["Second Wind","Twin Strike"],"picked":"Headbutt","floor":21},{"not_picked":["Pommel Strike","Infernal Blade"],"picked":"Offering","floor":26},{"not_picked":["Headbutt","Clothesline"],"picked":"Heavy Blade","floor":30}],"player_experience":263568,"potions_floor_usage":[],"damage_taken":[{"damage":13,"enemies":"Cultist","floor":1,"turns":5},{"damage":4,"enemies":"2 Louse","floor":2,"turns":4},{"damage":9,"enemies":"Jaw Worm","floor":3,"turns":2},{"damage":6,"enemies":"3 Louse","floor":5,"turns":2},{"damage":29,"enemies":"Lagavulin","floor":6,"turns":6},{"damage":34,"enemies":"Gremlin Nob","floor":8,"turns":5},{"damage":0,"enemies":"Exordium Wildlife","floor":13,"turns":3},{"damage":0,"enemies":"Lots of Slimes","floor":14,"turns":1},{"damage":47,"enemies":"The Guardian","floor":16,"turns":10},{"damage":2,"enemies":"Shell Parasite","floor":18,"turns":5},{"damage":20,"enemies":"2 Thieves","floor":21,"turns":4},{"damage":6,"enemies":"Centurion and Healer","floor":24,"turns":9},{"damage":28,"enemies":"Slaver and Parasite","floor":30,"turns":4},{"damage":0,"enemies":"Snecko","floor":31,"turns":2},{"damage":97,"enemies":"Automaton","floor":33,"turns":6}],"event_choices":[{"event_name":"Dead Adventurer","player_choice":"Searched \u00272\u0027 times","floor":11,"damage_taken":0},{"event_name":"Knowing Skull","player_choice":"CARD CARD ","floor":20,"damage_taken":0},{"event_name":"The Mausoleum","player_choice":"Yes","floor":27,"damage_taken":0}],"boss_relics":[{"not_picked":["Orrery","Question Card"],"picked":"Pandora\u0027s Box"}],"potions_floor_spawned":[5,6,8,13,18],"seed_played":"4559294828066343928","killed_by":"Automaton","ascension_level":6,"is_trial":false}