{"gold_per_floor":[115,127,139,159,159,186,186,198,225,244,277,307,6,23,23,127,127,139,139,153,68,68],"floor_reached":22,"playtime":1204,"items_purged":["Defend_R"],"score":305,"play_id":"59fef574-a101-4daf-804e-0b274e1bb39a","local_time":"20190226172106","is_ascension_mode":true,"campfire_choices":[{"floor":7.0,"key":"REST"},{"data":"Perfected Strike","floor":15.0,"key":"SMITH"}],"neow_cost":"NONE","seed_source_timestamp":0,"circlet_count":0,"master_deck":["Strike_R","Strike_R","Strike_R","Strike_R","Strike_R","Defend_R","Defend_R","Defend_R","Bash","Perfected Strike","Twin Strike","Pommel Strike","Feed","Perfected Strike+1","Ghostly Armor","Pommel Strike","Whirlwind","Headbutt","Battle Trance","Reaper","Armaments+1","Shockwave"],"special_seed":0,"relics":["Burning Blood","Strawberry","Blood Vial","Bag of Marbles","MawBank","Matryoshka","Runic Cube","Enchiridion","Calipers"],"potions_floor_usage":[20,22,22],"damage_taken":[{"damage":13.0,"enemies":"Jaw Worm","floor":1.0,"turns":4.0},{"damage":16.0,"enemies":"2 Louse","floor":2.0,"turns":2.0},{"damage":1.0,"enemies":"Small Slimes","floor":3.0,"turns":3.0},{"damage":14.0,"enemies":"3 Louse","floor":4.0,"turns":4.0},{"damage":50.0,"enemies":"3 Sentries","floor":6.0,"turns":8.0},{"damage":6.0,"enemies":"Exordium Thugs","floor":8.0,"turns":3.0},{"damage":5.0,"enemies":"Gremlin Gang","floor":10.0,"turns":4.0},{"damage":25.0,"enemies":"Lagavulin","floor":11.0,"turns":5.0},{"damage":0.0,"enemies":"3 Louse","floor":12.0,"turns":2.0},{"damage":16.0,"enemies":"Exordium Thugs","floor":14.0,"turns":4.0},{"damage":38.0,"enemies":"Hexaghost","floor":16.0,"turns":6.0},{"damage":49.0,"enemies":"3 Byrds","floor":18.0,"turns":6.0},{"damage":9,"enemies":"Shell Parasite","floor":20,"turns":4},{"damage":40,"enemies":"Colosseum Slavers","floor":22,"turns":3}],"seed_played":"8484882855669234866","potions_obtained":[{"floor":4.0,"key":"Weak Potion"},{"floor":6.0,"key":"Poison Potion"},{"floor":11.0,"key":"FearPotion"},{"floor":16.0,"key":"AttackPotion"},{"floor":18,"key":"SneckoOil"},{"floor":20,"key":"AttackPotion"}],"is_trial":false,"path_per_floor":["M","M","M","M","?","E","R","M","T","M","E","M","$","M","R","B",null,"M","?","M","?","?"],"character_chosen":"IRONCLAD","items_purchased":["Matryoshka"],"campfire_rested":1,"item_purchase_floors":[13],"current_hp_per_floor":[73,63,68,60,64,23,52,54,54,60,43,51,51,46,46,16,82,47,31,33,33,0],"gold":68,"neow_bonus":"TEN_PERCENT_HP_BONUS","is_prod":false,"is_daily":false,"chose_seed":false,"campfire_upgraded":1,"win_rate":0,"timestamp":1551198066,"path_taken":["M","M","M","M","?","E","R","M","T","M","E","M","$","M","R","BOSS","M","?","M","?","?"],"build_version":"2019-01-23","purchased_purges":1,"victory":false,"max_hp_per_floor":[88,88,88,88,95,98,98,98,98,101,101,101,101,104,104,104,104,104,104,107,107,107],"card_choices":[{"not_picked":["Clothesline","Dual Wield"],"picked":"Perfected Strike","floor":1.0},{"not_picked":["Warcry","Sentinel"],"picked":"Twin Strike","floor":2.0},{"not_picked":["Wild Strike","Warcry"],"picked":"Pommel Strike","floor":3.0},{"not_picked":["Clothesline","Clash"],"picked":"Feed","floor":4.0},{"not_picked":["Havoc","Anger"],"picked":"Perfected Strike","floor":6.0},{"not_picked":["Rupture","Heavy Blade"],"picked":"Ghostly Armor","floor":8.0},{"not_picked":["Searing Blow","Feel No Pain"],"picked":"Pommel Strike","floor":10.0},{"not_picked":["Sword Boomerang","Burning Pact"],"picked":"Whirlwind","floor":11.0},{"not_picked":["Combust","Cleave"],"picked":"Headbutt","floor":12.0},{"not_picked":["Bloodletting","Limit Break"],"picked":"Battle Trance","floor":14.0},{"not_picked":["Juggernaut","Limit Break"],"picked":"Reaper","floor":16.0},{"not_picked":["Ghostly Armor+1","Heavy Blade+1"],"picked":"Armaments+1","floor":18},{"not_picked":["Clash","Whirlwind"],"picked":"Shockwave","floor":20}],"player_experience":272591,"relics_obtained":[{"floor":6.0,"key":"Blood Vial"},{"floor":9.0,"key":"Bag of Marbles"},{"floor":11.0,"key":"MawBank"},{"floor":19,"key":"Enchiridion"}],"event_choices":[{"damage_healed":0.0,"max_hp_gain":0.0,"max_hp_loss":0.0,"gold_gain":0.0,"event_name":"Scrap Ooze","player_choice":"Success","floor":5.0,"gold_loss":0.0,"damage_taken":3.0,"relics_obtained":["Strawberry"]},{"damage_healed":0,"gold_gain":0,"player_choice":"Obtained Book","damage_taken":16,"max_hp_gain":0,"max_hp_loss":0,"event_name":"Cursed Tome","floor":19,"gold_loss":0},{"damage_healed":0,"gold_gain":0,"player_choice":"Obtained Relic","damage_taken":0,"relics_obtained":["Calipers"],"max_hp_gain":0,"max_hp_loss":0,"event_name":"Addict","floor":21,"gold_loss":85},{"damage_healed":0,"gold_gain":0,"player_choice":"Fight","damage_taken":0,"max_hp_gain":0,"max_hp_loss":0,"event_name":"Colosseum","floor":22,"gold_loss":0}],"is_beta":false,"boss_relics":[{"not_picked":["White Beast Statue","Empty Cage"],"picked":"Runic Cube"}],"items_purged_floors":[13],"is_endless":false,"potions_floor_spawned":[4,6,11,12,14,16,18,20],"killed_by":"Colosseum Slavers","ascension_level":8}