{"gold_per_floor":[111,127,145,105,125,125,158,158,184,217,217,217,217],"floor_reached":13,"playtime":8612,"items_purged":[],"score":172,"play_id":"b815cb6c-d360-420c-b6c3-8890b46b6318","local_time":"20190916011335","is_ascension_mode":true,"campfire_choices":[{"floor":6.0,"key":"REST"},{"floor":8.0,"key":"REST"}],"neow_cost":"NONE","seed_source_timestamp":119974725812500,"circlet_count":0,"master_deck":["AscendersBane","Strike_G","Strike_G","Strike_G","Strike_G+1","Strike_G+1","Defend_G","Defend_G","Defend_G","Defend_G","Defend_G","Survivor","Neutralize","Corpse Explosion","Backflip","Crippling Poison","Escape Plan","Malaise","Bullet Time"],"special_seed":0,"relics":["Ring of the Snake","MealTicket","Lantern","Whetstone"],"potions_floor_usage":[],"damage_taken":[{"damage":6.0,"enemies":"Cultist","floor":1.0,"turns":4.0},{"damage":1.0,"enemies":"Small Slimes","floor":2.0,"turns":4.0},{"damage":6.0,"enemies":"2 Louse","floor":3.0,"turns":3.0},{"damage":3.0,"enemies":"Looter","floor":4.0,"turns":4.0},{"damage":4.0,"enemies":"Lots of Slimes","floor":5.0,"turns":2.0},{"damage":35.0,"enemies":"Gremlin Nob","floor":7.0,"turns":6.0},{"damage":29.0,"enemies":"Lagavulin","floor":10.0,"turns":7.0},{"damage":2,"enemies":"3 Sentries","floor":13,"turns":2}],"seed_played":"534972728007761988","potions_obtained":[{"floor":2.0,"key":"Strength Potion"},{"floor":5.0,"key":"Ancient Potion"}],"is_trial":false,"path_per_floor":["M","M","M","M","M","R","E","R","T","E","?","?","E"],"character_chosen":"THE_SILENT","items_purchased":[],"campfire_rested":2,"item_purchase_floors":[],"current_hp_per_floor":[53,52,46,43,39,58,23,42,42,13,13,13,11],"gold":217,"neow_bonus":"ONE_RANDOM_RARE_CARD","is_prod":false,"is_daily":false,"chose_seed":false,"campfire_upgraded":0,"win_rate":0,"timestamp":1568614415,"path_taken":["M","?","M","M","M","R","E","R","T","E","?","?","E"],"build_version":"2019-09-12","purchased_purges":0,"victory":false,"max_hp_per_floor":[66,66,66,66,66,66,66,66,66,66,66,66,66],"card_choices":[{"not_picked":["Eviscerate","Dodge and Roll"],"picked":"Backflip","floor":1.0},{"not_picked":["Footwork","Underhanded Strike"],"picked":"Crippling Poison","floor":2.0},{"not_picked":["Dodge and Roll","Outmaneuver"],"picked":"Escape Plan","floor":3.0},{"not_picked":["Deadly Poison","Dodge and Roll"],"picked":"Malaise","floor":4.0},{"not_picked":["Accuracy","Endless Agony","Dagger Throw"],"picked":"SKIP","floor":5.0},{"not_picked":["Underhanded Strike","Slice","Die Die Die"],"picked":"SKIP","floor":7.0},{"not_picked":["Slice","Well Laid Plans"],"picked":"Bullet Time","floor":10.0}],"player_experience":1341660,"relics_obtained":[{"floor":7.0,"key":"MealTicket"},{"floor":9.0,"key":"Lantern"},{"floor":10.0,"key":"Whetstone"}],"event_choices":[{"damage_healed":0.0,"max_hp_gain":0.0,"max_hp_loss":0.0,"gold_gain":0.0,"event_name":"Shining Light","player_choice":"Ignored","floor":11.0,"gold_loss":0.0,"damage_taken":0.0},{"damage_healed":0,"gold_gain":0,"player_choice":"Fled","damage_taken":0,"max_hp_gain":0,"max_hp_loss":0,"event_name":"Scrap Ooze","floor":12,"gold_loss":0}],"is_beta":true,"boss_relics":[],"items_purged_floors":[],"is_endless":false,"potions_floor_spawned":[2,5,7,10],"killed_by":"3 Sentries","ascension_level":17}