{"gold_per_floor":[117,5,19,19,36,36,48,48,48,48,60,77,77,94,94,94],"floor_reached":16,"playtime":471,"items_purged":[],"score":288,"play_id":"932c295f-2a4c-46d8-be30-21697460ba4a","local_time":"20190914152440","is_ascension_mode":true,"campfire_choices":[{"data":"Bash","floor":6,"key":"SMITH"},{"data":"Cleave","floor":8,"key":"SMITH"},{"data":"Shockwave","floor":10,"key":"SMITH"},{"floor":13,"key":"REST"},{"data":"Flame Barrier","floor":15,"key":"SMITH"}],"neow_cost":"NONE","seed_source_timestamp":6383394440500,"circlet_count":0,"master_deck":["AscendersBane","Strike_R","Strike_R","Strike_R","Strike_R","Defend_R","Defend_R","Defend_R","Defend_R","Bash+1","Exhume","Shrug It Off","Flame Barrier+1","Dropkick","Cleave+1","Warcry","Thunderclap","Shockwave+1"],"special_seed":0,"relics":["Burning Blood","Singing Bowl"],"potions_floor_usage":[14],"damage_taken":[{"damage":17,"enemies":"Cultist","floor":1,"turns":4},{"damage":0,"enemies":"Small Slimes","floor":3,"turns":3},{"damage":14,"enemies":"2 Louse","floor":5,"turns":3},{"damage":19,"enemies":"Red Slaver","floor":7,"turns":4},{"damage":24,"enemies":"Exordium Thugs","floor":11,"turns":6},{"damage":12,"enemies":"Looter","floor":12,"turns":3},{"damage":17,"enemies":"2 Fungi Beasts","floor":14,"turns":3},{"damage":62,"enemies":"Slime Boss","floor":16,"turns":10}],"seed_played":"8476547470772758210","potions_obtained":[{"floor":3,"key":"FearPotion"},{"floor":11,"key":"BloodPotion"}],"is_trial":false,"path_per_floor":["M","$","M","?","M","R","M","R","T","R","M","M","R","M","R","B"],"character_chosen":"IRONCLAD","items_purchased":["Flame Barrier","Dropkick"],"campfire_rested":1,"item_purchase_floors":[2,2],"current_hp_per_floor":[57,57,63,63,55,55,42,42,42,42,26,22,45,55,55,0],"gold":94,"neow_bonus":"ONE_RANDOM_RARE_CARD","is_prod":false,"is_daily":false,"chose_seed":false,"campfire_upgraded":4,"win_rate":0,"timestamp":1568492680,"path_taken":["M","$","?","?","M","R","M","R","T","R","M","M","R","?","R","BOSS"],"build_version":"2019-09-12","purchased_purges":0,"victory":false,"max_hp_per_floor":[75,75,75,75,75,75,75,75,75,75,77,79,79,81,81,81],"card_choices":[{"not_picked":["Thunderclap","Power Through"],"picked":"Shrug It Off","floor":1},{"not_picked":["Iron Wave","Rupture"],"picked":"Cleave","floor":3},{"not_picked":["Sentinel","Pommel Strike"],"picked":"Thunderclap","floor":5},{"not_picked":["Thunderclap","Pommel Strike"],"picked":"Shockwave","floor":7},{"not_picked":["True Grit","Dropkick","Dual Wield"],"picked":"Singing Bowl","floor":11},{"not_picked":["Body Slam","Bloodletting","Havoc"],"picked":"Singing Bowl","floor":12},{"not_picked":["Havoc","Perfected Strike","Anger"],"picked":"Singing Bowl","floor":14}],"player_experience":1317745,"relics_obtained":[{"floor":9,"key":"Singing Bowl"}],"event_choices":[{"damage_healed":0,"gold_gain":0,"cards_transformed":["Strike_R"],"player_choice":"Transformed","damage_taken":0,"max_hp_gain":0,"max_hp_loss":0,"event_name":"Transmorgrifier","floor":4,"gold_loss":0,"cards_obtained":["Warcry"]}],"is_beta":true,"boss_relics":[],"items_purged_floors":[],"is_endless":false,"potions_floor_spawned":[3,11],"killed_by":"Slime Boss","ascension_level":20}