{"path_per_floor":["M","M","$","?","M","E","R","E","T","$","?","M","M","M","R","B",null,"M","?","M","?","M","M","R","$","T","R","M","?","M","E","R"],"character_chosen":"IRONCLAD","items_purchased":["Reaper","Impervious","Happy Flower"],"gold_per_floor":[213,229,88,88,107,140,140,174,174,92,92,112,128,145,145,248,248,267,267,280,180,190,200,200,52,52,52,70,70,86,117,117],"floor_reached":33,"campfire_rested":5,"playtime":1950,"current_hp_per_floor":[80,80,80,85,80,23,48,36,36,36,57,40,46,38,65,21,91,73,73,65,65,75,37,65,65,65,93,90,90,84,56,84],"items_purged":[],"gold":117,"score":279,"play_id":"50eadbc7-e692-4b5c-b388-8719addb0cc7","is_prod":false,"is_daily":false,"is_ascension_mode":false,"campfire_upgraded":0,"path_taken":["M","M","$","?","M","E","R","E","T","?","?","?","M","M","R","BOSS","M","?","M","?","?","M","R","$","T","R","M","?","M","E","R","BOSS"],"build_version":"2018-02-15-PROD1","purchased_purges":0,"victory":false,"master_deck":["Strike_R","Strike_R","Strike_R","Strike_R","Strike_R","Defend_R","Defend_R","Defend_R","Defend_R","Bash","Pommel Strike","Battle Trance","Reaper","Cleave","Feed","Blood for Blood","Impervious","Parasite","Second Wind","Clash","Clash","Bludgeon","Hemokinesis+1","Bash","Cleave","Sword Boomerang+1","J.A.X.","Sentinel+1","Dual Wield+1","Sword Boomerang","Havoc+1","Uppercut"],"max_hp_per_floor":[80,80,80,85,85,85,85,85,85,85,85,88,88,91,91,91,91,91,91,91,91,94,94,94,94,94,94,94,94,94,94,94],"relics":["Black Blood","Bronze Scales","Oddly Smooth Stone","Ice Cream","Happy Flower","Thread and Needle","Gremlin Horn","Self Forming Clay"],"card_choices":[{"not_picked":["Clothesline","Thunderclap"],"picked":"Pommel Strike"},{"not_picked":["Body Slam","Intimidate"],"picked":"Battle Trance"},{"not_picked":["Shrug It Off","Clothesline"],"picked":"Cleave"},{"not_picked":["Power Through","Clothesline"],"picked":"Feed"},{"not_picked":["Wild Strike","Second Wind"],"picked":"Blood for Blood"},{"not_picked":["True Grit","Limit Break"],"picked":"Second Wind"},{"not_picked":["Power Through","Burning Pact"],"picked":"Clash"},{"not_picked":["Feel No Pain","Seeing Red"],"picked":"Clash"},{"not_picked":["Brutality","Offering"],"picked":"Bludgeon"},{"not_picked":["Intimidate","Flex"],"picked":"Hemokinesis"},{"not_picked":["Warcry","Body Slam"],"picked":"Sword Boomerang"},{"not_picked":["Sword Boomerang","Dropkick"],"picked":"Sentinel"},{"not_picked":["Rampage","Reckless Charge"],"picked":"Dual Wield"},{"not_picked":["Dropkick","True Grit"],"picked":"Sword Boomerang"},{"not_picked":["Thunderclap","Blood for Blood"],"picked":"Havoc"},{"not_picked":["Cleave","Twin Strike"],"picked":"Uppercut"}],"player_experience":93155,"potions_floor_usage":[],"damage_taken":[{"damage":1,"enemies":"Cultist","floor":1,"turns":3},{"damage":0,"enemies":"2 Louse","floor":2,"turns":3},{"damage":11,"enemies":"Jaw Worm","floor":5,"turns":2},{"damage":63,"enemies":"Lagavulin","floor":6,"turns":7},{"damage":30,"enemies":"3 Sentries","floor":8,"turns":6},{"damage":30,"enemies":"Large Slime","floor":12,"turns":6},{"damage":4,"enemies":"Looter","floor":13,"turns":4},{"damage":21,"enemies":"Exordium Wildlife","floor":14,"turns":4},{"damage":54,"enemies":"Hexaghost","floor":16,"turns":10},{"damage":28,"enemies":"Shell Parasite","floor":18,"turns":4},{"damage":18,"enemies":"Spheric Guardian","floor":20,"turns":4},{"damage":21,"enemies":"3 Cultists","floor":22,"turns":5},{"damage":58,"enemies":"Centurion and Healer","floor":23,"turns":6},{"damage":13,"enemies":"Snake Plant","floor":28,"turns":4},{"damage":16,"enemies":"Chosen and Byrds","floor":30,"turns":6},{"damage":46,"enemies":"Slavers","floor":31,"turns":6},{"damage":113,"enemies":"Collector","floor":33,"turns":10}],"event_choices":[{"event_name":"Big Fish","player_choice":"Donut","floor":4,"damage_taken":0},{"event_name":"Mushrooms","player_choice":"Healed and dodged fight","floor":11,"damage_taken":0},{"event_name":"Match and Keep!","player_choice":"2 cards matched","floor":19,"damage_taken":0},{"event_name":"Drug Dealer","player_choice":"Got JAXXED","floor":21,"damage_taken":0},{"event_name":"The Mausoleum","player_choice":"Yes","floor":29,"damage_taken":0}],"boss_relics":[{"not_picked":["Orrery","Astrolabe"],"picked":"Black Blood"}],"potions_floor_spawned":[5,12,14,16,20,22,30,31],"seed_played":"1422080613503365335","killed_by":"Collector","ascension_level":0,"is_trial":false}