{"gold_per_floor":[113,113,129,55,55,55,110,110,184,359,140,160,39,39,39,139,139,157,157,76,95,118,118,118,118,118,118,137,170,170],"floor_reached":30,"playtime":876,"items_purged":["Doubt"],"score":267,"play_id":"f842e2a2-05e8-416d-a210-1c27a1879d35","local_time":"20190913142150","is_ascension_mode":false,"campfire_choices":[{"data":"Blade Dance","floor":6.0,"key":"SMITH"},{"data":"Noxious Fumes","floor":8.0,"key":"SMITH"},{"data":"Cloak And Dagger","floor":15.0,"key":"SMITH"},{"data":"After Image","floor":23.0,"key":"SMITH"},{"data":"Terror","floor":25.0,"key":"SMITH"}],"neow_cost":"NONE","seed_source_timestamp":84490702247500,"circlet_count":0,"master_deck":["Strike_G","Strike_G","Strike_G","Strike_G","Strike_G","Defend_G","Defend_G","Defend_G","Defend_G","Survivor","Neutralize+1","Heel Hook","Blade Dance+1","Terror+1","Noxious Fumes+1","Leg Sweep","Cloak And Dagger+1","Choke","After Image+1","Finisher","Accuracy"],"special_seed":0,"relics":["Ring of the Snake","NeowsBlessing","Tiny Chest","TungstenRod","Smiling Mask","Black Star","Ancient Tea Set","Centennial Puzzle","Bronze Scales","PreservedInsect"],"potions_floor_usage":[29,29],"damage_taken":[{"damage":0.0,"enemies":"Jaw Worm","floor":1.0,"turns":1.0},{"damage":0.0,"enemies":"Small Slimes","floor":3.0,"turns":1.0},{"damage":0.0,"enemies":"Gremlin Nob","floor":7.0,"turns":1.0},{"damage":0.0,"enemies":"2 Louse","floor":12.0,"turns":3.0},{"damage":31.0,"enemies":"Slime Boss","floor":16.0,"turns":11.0},{"damage":16.0,"enemies":"Chosen","floor":18.0,"turns":5.0},{"damage":16.0,"enemies":"Spheric Guardian","floor":21.0,"turns":5.0},{"damage":0.0,"enemies":"Centurion and Healer","floor":28.0,"turns":5.0},{"damage":34,"enemies":"Gremlin Leader","floor":29,"turns":6},{"damage":4,"enemies":"Snake Plant","floor":30,"turns":2}],"seed_played":"1967969987293206532","potions_obtained":[{"floor":7.0,"key":"DuplicationPotion"},{"floor":12.0,"key":"FearPotion"},{"floor":16.0,"key":"Poison Potion"},{"floor":18.0,"key":"Strength Potion"}],"is_trial":false,"path_per_floor":["M","?","M","$","?","R","E","R","T","?","$","M","$","?","R","B",null,"M","?","$","M","T","R","$","R","T","?","M","E","M"],"character_chosen":"THE_SILENT","items_purchased":["Terror","TungstenRod","Cloak And Dagger","Choke","Finisher"],"campfire_rested":0,"item_purchase_floors":[4,11,13,13,20],"current_hp_per_floor":[70,70,70,70,63,63,63,63,63,63,63,63,63,63,63,32,70,54,54,54,38,38,38,38,38,38,38,38,4,0],"gold":170,"neow_bonus":"THREE_ENEMY_KILL","is_prod":false,"is_daily":false,"chose_seed":false,"campfire_upgraded":5,"win_rate":0,"timestamp":1568402510,"path_taken":["M","?","M","$","?","R","E","R","T","?","$","M","?","?","R","BOSS","M","?","$","M","?","R","$","R","T","?","M","E","M"],"build_version":"2019-09-11v2","purchased_purges":1,"victory":false,"max_hp_per_floor":[70,70,70,70,70,70,70,70,70,70,70,70,70,70,70,70,70,70,70,70,70,70,70,70,70,70,70,70,70,70],"card_choices":[{"not_picked":["Blade Dance","Concentrate"],"picked":"Heel Hook","floor":1.0},{"not_picked":["Crippling Poison","Acrobatics"],"picked":"Blade Dance","floor":3.0},{"not_picked":["PiercingWail","Bouncing Flask"],"picked":"Noxious Fumes","floor":7.0},{"not_picked":["Infinite Blades","Quick Slash"],"picked":"Leg Sweep","floor":12.0},{"not_picked":["Storm of Steel","Bullet Time"],"picked":"After Image","floor":16.0},{"not_picked":["PiercingWail","Concentrate+1","Prepared"],"picked":"SKIP","floor":18.0},{"not_picked":["Leg Sweep","PiercingWail","Blade Dance"],"picked":"SKIP","floor":21.0},{"not_picked":["Poisoned Stab","Deadly Poison+1"],"picked":"Accuracy","floor":28.0},{"not_picked":["Caltrops","Terror+1","Quick Slash"],"picked":"SKIP","floor":29}],"player_experience":1284531,"relics_obtained":[{"floor":7.0,"key":"Tiny Chest"},{"floor":22.0,"key":"Ancient Tea Set"},{"floor":26.0,"key":"Centennial Puzzle"},{"floor":29,"key":"Bronze Scales"},{"floor":29,"key":"PreservedInsect"}],"event_choices":[{"damage_healed":0.0,"max_hp_gain":0.0,"max_hp_loss":0.0,"gold_gain":0.0,"event_name":"Living Wall","player_choice":"Grow","floor":2.0,"gold_loss":0.0,"damage_taken":0.0,"cards_upgraded":["Neutralize"]},{"cards_removed":["Defend_G"],"damage_healed":0.0,"max_hp_gain":0.0,"max_hp_loss":0.0,"gold_gain":0.0,"event_name":"Golden Wing","player_choice":"Card Removal","floor":5.0,"gold_loss":0.0,"damage_taken":7.0},{"damage_healed":0.0,"max_hp_gain":0.0,"max_hp_loss":0.0,"gold_gain":175.0,"event_name":"Liars Game","player_choice":"AGREE","floor":10.0,"gold_loss":0.0,"damage_taken":0.0,"cards_obtained":["Doubt"]},{"damage_healed":0.0,"max_hp_gain":0.0,"max_hp_loss":0.0,"gold_gain":0.0,"event_name":"Dead Adventurer","player_choice":"Searched \u00271\u0027 times","floor":14.0,"gold_loss":0.0,"damage_taken":0.0,"relics_obtained":["Smiling Mask"]},{"damage_healed":0.0,"max_hp_gain":0.0,"max_hp_loss":0.0,"gold_gain":0.0,"event_name":"Cursed Tome","player_choice":"Ignored","floor":19.0,"gold_loss":0.0,"damage_taken":0.0},{"damage_healed":0.0,"max_hp_gain":0.0,"max_hp_loss":0.0,"gold_gain":0.0,"event_name":"Vampires","player_choice":"Ignored","floor":27.0,"gold_loss":0.0,"damage_taken":0.0}],"is_beta":true,"boss_relics":[{"not_picked":["Runic Dome","Fusion Hammer"],"picked":"Black Star"}],"items_purged_floors":[11],"is_endless":false,"potions_floor_spawned":[7,12,16,18],"killed_by":"Snake Plant","ascension_level":0}