{"gold_per_floor":[115,131,13,23,35,35,50,50,50,83,98,98,273,299,311,323],"floor_reached":16,"playtime":2788,"items_purged":[],"score":185,"play_id":"c20109df-a4c9-46c7-b1b6-1151053157e6","local_time":"20190907120909","is_ascension_mode":true,"campfire_choices":[{"data":"Neutralize","floor":6,"key":"SMITH"},{"data":"Sucker Punch","floor":8,"key":"SMITH"},{"floor":15,"key":"REST"}],"neow_cost":"NONE","seed_source_timestamp":0,"circlet_count":0,"master_deck":["AscendersBane","Strike_G","Strike_G","Strike_G","Strike_G","Strike_G","Defend_G","Defend_G","Defend_G","Defend_G","Defend_G","Survivor","Neutralize+1","Phantasmal Killer","PiercingWail","Cloak And Dagger","Well Laid Plans","Calculated Gamble","Quick Slash","Dash","Sucker Punch+1","Backstab","Deadly Poison","Regret","Doubt","Terror"],"special_seed":0,"relics":["Ring of the Snake","Darkstone Periapt","Letter Opener","Frozen Egg 2","MawBank"],"potions_floor_usage":[7,16],"damage_taken":[{"damage":1.0,"enemies":"Small Slimes","floor":1.0,"turns":5.0},{"damage":1.0,"enemies":"2 Louse","floor":2.0,"turns":5.0},{"damage":0.0,"enemies":"Cultist","floor":4.0,"turns":4.0},{"damage":0.0,"enemies":"2 Fungi Beasts","floor":5.0,"turns":4.0},{"damage":11,"enemies":"Exordium Thugs","floor":7,"turns":7},{"damage":20,"enemies":"Lagavulin","floor":10,"turns":9},{"damage":11,"enemies":"Gremlin Gang","floor":11,"turns":6},{"damage":30,"enemies":"3 Sentries","floor":14,"turns":11},{"damage":25,"enemies":"Hexaghost","floor":16,"turns":12}],"seed_played":"2181937844727930926","potions_obtained":[{"floor":4.0,"key":"PowerPotion"},{"floor":7,"key":"SteroidPotion"}],"is_trial":false,"path_per_floor":["M","M","$","M","M","R","M","R","T","E","M","?","?","E","R","B"],"character_chosen":"THE_SILENT","items_purchased":["Well Laid Plans","Calculated Gamble"],"campfire_rested":1,"item_purchase_floors":[3,3],"current_hp_per_floor":[62,61,61,61,61,61,50,50,50,30,19,25,31,1,25,0],"gold":323,"neow_bonus":"ONE_RANDOM_RARE_CARD","is_prod":false,"is_daily":false,"chose_seed":false,"campfire_upgraded":2,"win_rate":0,"timestamp":1567872549,"path_taken":["M","M","$","M","M","R","M","R","T","E","M","?","?","E","R","BOSS"],"build_version":"2019-07-17","purchased_purges":0,"victory":false,"max_hp_per_floor":[70,70,70,70,70,70,70,70,70,70,70,76,82,82,82,82],"card_choices":[{"not_picked":["Slice","Cloak And Dagger"],"picked":"PiercingWail","floor":1.0},{"not_picked":["Heel Hook","Distraction"],"picked":"Cloak And Dagger","floor":2.0},{"not_picked":["Acrobatics","Slice"],"picked":"Quick Slash","floor":4.0},{"not_picked":["Crippling Poison","Slice"],"picked":"Dash","floor":5.0},{"not_picked":["PiercingWail","Riddle With Holes"],"picked":"Sucker Punch","floor":7},{"not_picked":["Wraith Form v2","Sucker Punch"],"picked":"Backstab","floor":10},{"not_picked":["Reflex","Masterful Stab"],"picked":"Deadly Poison","floor":11},{"not_picked":["Sucker Punch","Catalyst"],"picked":"Terror","floor":14}],"player_experience":559303,"relics_obtained":[{"floor":9,"key":"Darkstone Periapt"},{"floor":10,"key":"Letter Opener"},{"floor":14,"key":"MawBank"}],"event_choices":[{"damage_healed":0,"gold_gain":0,"player_choice":"Box","damage_taken":0,"relics_obtained":["Frozen Egg 2"],"max_hp_gain":0,"max_hp_loss":0,"event_name":"Big Fish","floor":12,"gold_loss":0,"cards_obtained":["Regret"]},{"damage_healed":0,"gold_gain":175,"player_choice":"AGREE","damage_taken":0,"max_hp_gain":0,"max_hp_loss":0,"event_name":"Liars Game","floor":13,"gold_loss":0,"cards_obtained":["Doubt"]}],"is_beta":false,"boss_relics":[],"items_purged_floors":[],"is_endless":false,"potions_floor_spawned":[4,7],"killed_by":"Hexaghost","ascension_level":13}