{"gold_per_floor":[115,133,133,133,146,146,49,49,49,23,23,23,58,58,58,58],"floor_reached":16,"playtime":380,"items_purged":[],"score":167,"play_id":"c71406fb-f4a5-4979-9a1f-a33362396f42","local_time":"20181010194323","is_ascension_mode":true,"campfire_choices":[{"data":"Barricade","floor":6,"key":"SMITH"},{"data":"Body Slam","floor":8,"key":"SMITH"},{"floor":15,"key":"REST"}],"neow_cost":"NONE","seed_source_timestamp":275211628529280,"circlet_count":0,"master_deck":["Strike_R","Strike_R","Strike_R","Strike_R","Defend_R","Defend_R","Defend_R","Defend_R","Bash","Body Slam+1","Sword Boomerang","Barricade+1","True Grit+1"],"relics":["Burning Blood","Pear","The Courier","Ornamental Fan","Shuriken"],"potions_floor_usage":[13],"damage_taken":[{"damage":9,"enemies":"2 Louse","floor":1,"turns":3},{"damage":6,"enemies":"Cultist","floor":2,"turns":4},{"damage":12,"enemies":"Jaw Worm","floor":5,"turns":6},{"damage":25,"enemies":"Exordium Thugs","floor":10,"turns":5},{"damage":38,"enemies":"3 Sentries","floor":13,"turns":10},{"damage":73,"enemies":"Slime Boss","floor":16,"turns":9}],"seed_played":"5675118386719140437","potions_obtained":[{"floor":10,"key":"AttackPotion"},{"floor":13,"key":"SmokeBomb"}],"is_trial":false,"path_per_floor":["M","M","?","T","M","R","?","R","T","M","$","$","E","?","R"],"character_chosen":"IRONCLAD","items_purchased":[],"campfire_rested":1,"item_purchase_floors":[],"current_hp_per_floor":[77,77,77,87,81,81,81,81,81,62,62,62,30,30,59,0],"gold":58,"neow_bonus":"TEN_PERCENT_HP_BONUS","is_prod":false,"is_daily":false,"chose_seed":false,"campfire_upgraded":2,"win_rate":0,"timestamp":1539215003,"path_taken":["M","M","?","?","?","R","?","R","T","M","?","$","E","?","R","BOSS"],"build_version":"2018-10-09","purchased_purges":0,"victory":false,"max_hp_per_floor":[88,88,88,98,98,98,98,98,98,98,98,98,98,98,98,98],"card_choices":[{"not_picked":["Warcry","Anger"],"picked":"Body Slam","floor":1},{"not_picked":["Clash","Anger"],"picked":"Sword Boomerang","floor":2},{"not_picked":["Rupture","Anger"],"picked":"Barricade","floor":5},{"not_picked":["Wild Strike","Dropkick"],"picked":"True Grit","floor":10},{"not_picked":["Clothesline","Burning Pact","Exhume"],"picked":"SKIP","floor":13}],"player_experience":920528,"relics_obtained":[{"floor":4,"key":"Pear"},{"floor":9,"key":"Ornamental Fan"},{"floor":13,"key":"Shuriken"}],"event_choices":[{"event_name":"Bonfire Elementals","player_choice":"BASIC","floor":3,"damage_taken":0},{"event_name":"WeMeetAgain","player_choice":"Gold","floor":7,"damage_taken":0},{"event_name":"Living Wall","player_choice":"Grow","floor":14,"damage_taken":0}],"is_beta":true,"boss_relics":[],"items_purged_floors":[],"is_endless":false,"potions_floor_spawned":[10,13],"killed_by":"Slime Boss","ascension_level":9}