{"path_per_floor":["M","M","?","M","M","R","M","R","T","M","M","M","E","M","R","B",null,"M","M","$","M","M","R","M","M","T","?","?","R","M","M","R","B",null,"M","$","?","M","M"],"character_chosen":"DEFECT","items_purchased":["Bandage Up","Leap"],"gold_per_floor":[113,133,83,97,107,107,122,122,422,436,447,460,495,507,507,611,611,625,644,569,569,586,586,602,615,639,639,639,639,651,662,662,760,760,777,527,527,538,550,550],"floor_reached":40,"campfire_rested":1,"playtime":2121,"current_hp_per_floor":[77,77,77,82,79,79,74,74,74,69,69,69,69,69,69,69,87,87,82,82,78,68,68,57,51,51,51,34,34,47,47,74,13,92,88,88,88,61,22,0],"items_purged":["Strike_B","Strike_B"],"gold":550,"score":500,"play_id":"70b6db99-09d7-4c3e-aaa6-80ae2f8f7051","local_time":"20180511184819","is_prod":false,"is_daily":false,"chose_seed":false,"is_ascension_mode":false,"campfire_upgraded":5,"timestamp":1526078899,"path_taken":["M","M","?","M","?","R","M","R","T","M","M","?","E","M","R","BOSS","M","M","$","M","M","R","M","M","T","?","?","R","M","M","R","BOSS","M","$","?","M","M","E"],"build_version":"2018-05-10","seed_source_timestamp":853297841592678,"purchased_purges":2,"victory":false,"master_deck":["Strike_B","Defend_B","Defend_B","Defend_B","Defend_B","Zap+1","Dualcast","Coolheaded","Glacier","Blizzard+1","Reboot","Go for the Eyes+1","Cold Snap","Cold Snap","BootSequence","Loop+1","Beam Cell","Seek","Rebound","Loop+1","Ball Lightning","Coolheaded","Chaos","Barrage+1","Creative AI","Glacier+1","Bandage Up","Leap","Go for the Eyes+1"],"max_hp_per_floor":[82,82,82,87,87,87,87,87,87,87,87,87,87,87,87,87,87,87,87,87,87,87,87,87,87,87,87,92,92,92,92,92,92,92,92,92,92,92,92,92],"relics":["Cracked Core","Old Coin","Ornamental Fan","Inserter","Prayer Wheel","Philosopher\u0027s Stone"],"card_choices":[{"not_picked":["Beam Cell","Capacitor"],"picked":"Coolheaded","floor":1},{"not_picked":["Hello World","Hologram"],"picked":"Glacier","floor":2},{"not_picked":["BootSequence","Glacier"],"picked":"Blizzard","floor":4},{"not_picked":["Go for the Eyes","Streamline"],"picked":"Reboot","floor":5},{"not_picked":["Loop","Lockon"],"picked":"Go for the Eyes","floor":7},{"not_picked":["Static Discharge","Axe Kick"],"picked":"Cold Snap","floor":10},{"not_picked":["Leap","Beam Cell"],"picked":"Cold Snap","floor":11},{"not_picked":["Heatsinks","Sweeping Beam"],"picked":"BootSequence","floor":12},{"not_picked":["Force Field","Barrage"],"picked":"Loop","floor":13},{"not_picked":["Hyperbeam","Tempest"],"picked":"Beam Cell","floor":14},{"not_picked":["Buffer","Machine Learning"],"picked":"Seek","floor":16},{"not_picked":["Undo","Axe Kick"],"picked":"Rebound","floor":18},{"not_picked":["Lockon","Tempest"],"picked":"Loop","floor":19},{"not_picked":["Streamline","Rebound"],"picked":"Ball Lightning","floor":22},{"not_picked":["Skim","Darkness"],"picked":"Coolheaded","floor":24},{"not_picked":["White Noise","Force Field"],"picked":"Chaos","floor":30},{"not_picked":["Rip and Tear","Storm"],"picked":"Barrage","floor":31},{"not_picked":["All For One","Reboot"],"picked":"Creative AI","floor":33},{"not_picked":["Cold Snap","Capacitor"],"picked":"Glacier","floor":35},{"not_picked":["Capacitor","Steam"],"picked":"Go for the Eyes","floor":38}],"player_experience":439928,"potions_floor_usage":[4,4,13,19,21,24,30,33,33,40],"damage_taken":[{"damage":5,"enemies":"Small Slimes","floor":1,"turns":3},{"damage":0,"enemies":"2 Louse","floor":2,"turns":2},{"damage":0,"enemies":"Cultist","floor":4,"turns":4},{"damage":3,"enemies":"Lots of Slimes","floor":5,"turns":4},{"damage":5,"enemies":"3 Louse","floor":7,"turns":3},{"damage":5,"enemies":"Exordium Thugs","floor":10,"turns":4},{"damage":0,"enemies":"Exordium Wildlife","floor":11,"turns":3},{"damage":0,"enemies":"Looter","floor":12,"turns":3},{"damage":0,"enemies":"Lagavulin","floor":13,"turns":7},{"damage":0,"enemies":"3 Louse","floor":14,"turns":4},{"damage":0,"enemies":"The Guardian","floor":16,"turns":11},{"damage":0,"enemies":"3 Byrds","floor":18,"turns":5},{"damage":5,"enemies":"Spheric Guardian","floor":19,"turns":4},{"damage":4,"enemies":"Snake Plant","floor":21,"turns":2},{"damage":10,"enemies":"Sentry and Sphere","floor":22,"turns":8},{"damage":11,"enemies":"Cultist and Chosen","floor":24,"turns":8},{"damage":6,"enemies":"3 Cultists","floor":25,"turns":5},{"damage":2,"enemies":"Snake Plant","floor":30,"turns":8},{"damage":0,"enemies":"Centurion and Healer","floor":31,"turns":8},{"damage":61,"enemies":"Collector","floor":33,"turns":15},{"damage":4,"enemies":"Orb Walker","floor":35,"turns":3},{"damage":31,"enemies":"3 Darklings","floor":38,"turns":6},{"damage":43,"enemies":"Maw","floor":39,"turns":11},{"damage":29,"enemies":"Nemesis","floor":40,"turns":9}],"event_choices":[{"event_name":"The Cleric","player_choice":"Card Removal","floor":3,"damage_taken":0},{"event_name":"The Lab","player_choice":"Got Potions","floor":27,"damage_taken":0},{"event_name":"Forgotten Altar","player_choice":"Shed Blood","floor":28,"damage_taken":0},{"event_name":"Mysterious Sphere","player_choice":"Ignore","floor":37,"damage_taken":0}],"boss_relics":[{"not_picked":["Orrery","White Beast Statue"],"picked":"Inserter"},{"not_picked":["Black Star","Runic Pyramid"],"picked":"Philosopher\u0027s Stone"}],"potions_floor_spawned":[2,4,5,10,13,16,18,22,25,31],"seed_played":"-423089697474750238","killed_by":"Nemesis","ascension_level":0,"is_trial":false}