{"path_per_floor":["M","M","?","M","M","R","M","R","T","R","E","M","$","?","R"],"character_chosen":"IRONCLAD","items_purchased":["Bag of Marbles"],"gold_per_floor":[110,124,74,94,111,111,121,121,146,146,177,196,39,39,39,39],"floor_reached":16,"campfire_rested":0,"playtime":368,"item_purchase_floors":[13],"current_hp_per_floor":[80,80,80,80,57,57,61,61,61,61,49,51,51,51,51,0],"items_purged":[],"gold":39,"score":102,"play_id":"4ccee803-a0db-4915-b0ba-ff45e7288277","local_time":"20180523163102","is_prod":false,"is_daily":false,"chose_seed":false,"is_ascension_mode":false,"campfire_upgraded":4,"win_rate":0.14423077,"timestamp":1527107462,"campfire_choices":[{"data":"Body Slam","floor":6,"key":"SMITH"},{"data":"Rampage","floor":8,"key":"SMITH"},{"data":"Bludgeon","floor":10,"key":"SMITH"},{"data":"Entrench","floor":15,"key":"SMITH"}],"path_taken":["M","M","?","?","M","R","M","R","T","R","E","M","$","?","R","BOSS"],"build_version":"2018-05-22","seed_source_timestamp":56659955039588,"purchased_purges":0,"victory":false,"master_deck":["Strike_R","Strike_R","Strike_R","Strike_R","Defend_R+1","Defend_R","Defend_R+1","Defend_R","Bash","Bludgeon+1","Body Slam+1","Metallicize","Rampage+1","Uppercut","Entrench+1"],"max_hp_per_floor":[80,80,80,80,80,80,80,80,80,80,80,82,82,82,82,82],"relics":["Burning Blood","Singing Bowl","War Paint","Bag of Marbles"],"card_choices":[{"not_picked":["Heavy Blade","Clothesline"],"picked":"Body Slam","floor":1},{"not_picked":["Perfected Strike","Clash"],"picked":"Metallicize","floor":2},{"not_picked":["Wild Strike","Seeing Red"],"picked":"Rampage","floor":4},{"not_picked":["Pommel Strike","Armaments"],"picked":"Uppercut","floor":5},{"not_picked":["Perfected Strike","Twin Strike","Infernal Blade"],"picked":"SKIP","floor":7},{"not_picked":["Searing Blow","Dual Wield"],"picked":"Entrench","floor":11},{"not_picked":["Blood for Blood","Pommel Strike","Sword Boomerang"],"picked":"Singing Bowl","floor":12}],"player_experience":491369,"potions_floor_usage":[16],"damage_taken":[{"damage":6,"enemies":"Jaw Worm","floor":1,"turns":3},{"damage":3,"enemies":"Small Slimes","floor":2,"turns":2},{"damage":0,"enemies":"Cultist","floor":4,"turns":4},{"damage":29,"enemies":"Gremlin Gang","floor":5,"turns":6},{"damage":2,"enemies":"Large Slime","floor":7,"turns":5},{"damage":18,"enemies":"Gremlin Nob","floor":11,"turns":4},{"damage":6,"enemies":"2 Fungi Beasts","floor":12,"turns":4},{"damage":51,"enemies":"Hexaghost","floor":16,"turns":7}],"relics_obtained":[{"floor":9,"key":"Singing Bowl"},{"floor":11,"key":"War Paint"}],"event_choices":[{"event_name":"The Cleric","player_choice":"Card Removal","floor":3,"damage_taken":0},{"event_name":"Liars Game","player_choice":"disagreed","floor":14,"damage_taken":0}],"boss_relics":[],"items_purged_floors":[],"potions_floor_spawned":[4,11],"seed_played":"-4908655738766277032","killed_by":"Hexaghost","ascension_level":0,"potions_obtained":[{"floor":4,"key":"Ancient Potion"},{"floor":11,"key":"Swift Potion"}],"is_trial":false}