{"gold_per_floor":[110,123,138,213,24,59,79,105,129,164,164,178,194,194,194,194],"floor_reached":16,"playtime":1040,"items_purged":[],"score":178,"play_id":"4ed81211-d52c-404e-bbd2-56ebdc4aab09","local_time":"20190219214051","is_ascension_mode":true,"campfire_choices":[{"floor":15.0,"key":"REST"}],"neow_cost":"NONE","seed_source_timestamp":0,"circlet_count":0,"master_deck":["Strike_R","Strike_R","Strike_R","Strike_R","Strike_R","Defend_R","Defend_R","Defend_R","Defend_R","Bash","Intimidate","Battle Trance","Pommel Strike","Feel No Pain","Havoc","Burning Pact","Disarm","Cleave","Havoc","Shockwave+1","Ghostly Armor","Burning Pact"],"special_seed":0,"relics":["Burning Blood","Ornamental Fan","Strawberry","Juzu Bracelet","Ancient Tea Set"],"potions_floor_usage":[],"damage_taken":[{"damage":0.0,"enemies":"Small Slimes","floor":1.0,"turns":3.0},{"damage":15.0,"enemies":"2 Louse","floor":2.0,"turns":3.0},{"damage":1.0,"enemies":"Cultist","floor":3.0,"turns":3.0},{"damage":15.0,"enemies":"Gremlin Nob","floor":6.0,"turns":3.0},{"damage":18.0,"enemies":"Lots of Slimes","floor":7.0,"turns":6.0},{"damage":6.0,"enemies":"3 Sentries","floor":8.0,"turns":7.0},{"damage":41.0,"enemies":"Lagavulin","floor":10.0,"turns":8.0},{"damage":16.0,"enemies":"Looter","floor":12.0,"turns":4.0},{"damage":25.0,"enemies":"Exordium Thugs","floor":13.0,"turns":7.0},{"damage":0,"enemies":"Hexaghost","floor":16,"turns":1}],"seed_played":"6522767197435797587","potions_obtained":[{"floor":1.0,"key":"AttackPotion"},{"floor":6.0,"key":"AttackPotion"},{"floor":7.0,"key":"Energy Potion"},{"floor":12.0,"key":"Dexterity Potion"}],"is_trial":false,"path_per_floor":["M","M","M","?","$","E","M","E","T","E","?","M","M","?","R","B"],"character_chosen":"IRONCLAD","items_purchased":["Feel No Pain","Havoc","Burning Pact"],"campfire_rested":1,"item_purchase_floors":[5,5,5],"current_hp_per_floor":[88,79,84,73,73,64,52,59,59,24,55,45,26,26,54,54],"gold":194,"neow_bonus":"TEN_PERCENT_HP_BONUS","is_prod":false,"is_daily":false,"chose_seed":false,"campfire_upgraded":0,"win_rate":0,"timestamp":1550608851,"path_taken":["M","M","M","?","$","E","M","E","T","E","?","M","M","?","R","BOSS"],"build_version":"2019-01-23","purchased_purges":0,"victory":false,"max_hp_per_floor":[88,88,88,88,88,88,88,95,95,95,95,95,95,95,95,95],"card_choices":[{"not_picked":["Pommel Strike","Wild Strike"],"picked":"Intimidate","floor":1.0},{"not_picked":["Havoc","Clash"],"picked":"Battle Trance","floor":2.0},{"not_picked":["Bloodletting","Seeing Red"],"picked":"Pommel Strike","floor":3.0},{"not_picked":["Pommel Strike","Rampage"],"picked":"Disarm","floor":6.0},{"not_picked":["Perfected Strike","Havoc"],"picked":"Cleave","floor":7.0},{"not_picked":["Rupture","Heavy Blade"],"picked":"Havoc","floor":8.0},{"not_picked":["Body Slam","Limit Break"],"picked":"Shockwave","floor":10.0},{"not_picked":["Body Slam","Whirlwind"],"picked":"Ghostly Armor","floor":12.0},{"not_picked":["Iron Wave","Rupture"],"picked":"Burning Pact","floor":13.0}],"player_experience":226094,"relics_obtained":[{"floor":6.0,"key":"Ornamental Fan"},{"floor":8.0,"key":"Strawberry"},{"floor":9.0,"key":"Juzu Bracelet"},{"floor":10.0,"key":"Ancient Tea Set"}],"event_choices":[{"damage_healed":0.0,"max_hp_gain":0.0,"max_hp_loss":0.0,"gold_gain":75.0,"event_name":"World of Goop","player_choice":"Gather Gold","floor":4.0,"gold_loss":0.0,"damage_taken":11.0},{"damage_healed":31.0,"max_hp_gain":0.0,"max_hp_loss":0.0,"gold_gain":0.0,"event_name":"Big Fish","player_choice":"Banana","floor":11.0,"gold_loss":0.0,"damage_taken":0.0},{"damage_healed":0.0,"max_hp_gain":0.0,"max_hp_loss":0.0,"gold_gain":0.0,"event_name":"Accursed Blacksmith","player_choice":"Forge","floor":14.0,"gold_loss":0.0,"damage_taken":0.0,"cards_upgraded":["Shockwave"]}],"is_beta":false,"boss_relics":[],"items_purged_floors":[],"is_endless":false,"potions_floor_spawned":[1,6,7,12],"killed_by":"Hexaghost","ascension_level":5}