{"gold_per_floor":[116,116,116,130,130,165,240,240,313,53,31,43,59,77,77,77],"floor_reached":16,"playtime":371,"items_purged":[],"score":194,"play_id":"09f2dc15-0d12-4e28-99c7-8eaace7614cf","local_time":"20190910122428","is_ascension_mode":true,"campfire_choices":[{"data":"White Noise","floor":8,"key":"SMITH"},{"data":"Go for the Eyes","floor":15,"key":"SMITH"}],"neow_cost":"NONE","seed_source_timestamp":640462769867900,"circlet_count":0,"master_deck":["AscendersBane","Strike_B","Strike_B","Strike_B","Strike_B","Defend_B","Defend_B","Defend_B","Defend_B","Zap+1","Dualcast+1","White Noise+1","Melter","Coolheaded","Go for the Eyes+1","Beam Cell"],"special_seed":0,"relics":["Cracked Core","NeowsBlessing","Orichalcum","The Courier","Meat on the Bone"],"potions_floor_usage":[16],"damage_taken":[{"damage":0.0,"enemies":"Jaw Worm","floor":1.0,"turns":1.0},{"damage":0,"enemies":"2 Louse","floor":4,"turns":1},{"damage":0,"enemies":"Lagavulin","floor":6,"turns":1},{"damage":1,"enemies":"Cultist","floor":12,"turns":4},{"damage":6,"enemies":"Looter","floor":13,"turns":2},{"damage":0,"enemies":"2 Fungi Beasts","floor":14,"turns":2},{"damage":50,"enemies":"The Guardian","floor":16,"turns":16}],"seed_played":"-3179276576567678582","potions_obtained":[{"floor":14,"key":"EssenceOfSteel"}],"is_trial":false,"path_per_floor":["M","?","?","M","?","E","?","R","T","$","$","M","M","M","R","B"],"character_chosen":"DEFECT","items_purchased":["Melter","Meat on the Bone","Coolheaded"],"campfire_rested":0,"item_purchase_floors":[10,10,11],"current_hp_per_floor":[68,68,68,68,68,68,57,57,57,57,57,56,50,50,50,0],"gold":77,"neow_bonus":"THREE_ENEMY_KILL","is_prod":false,"is_daily":false,"chose_seed":false,"campfire_upgraded":2,"win_rate":0,"timestamp":1568136268,"path_taken":["M","?","?","?","?","E","?","R","T","?","$","M","?","M","R","BOSS"],"build_version":"2019-09-09","purchased_purges":0,"victory":false,"max_hp_per_floor":[75,75,75,75,75,75,75,75,75,75,75,75,75,75,75,75],"card_choices":[{"not_picked":["Stack","Cold Snap","Steam"],"picked":"SKIP","floor":1.0},{"not_picked":["Steam","Storm"],"picked":"White Noise","floor":4},{"not_picked":["Ball Lightning","Thunder Strike","Hello World"],"picked":"SKIP","floor":6},{"not_picked":["Sweeping Beam","Sunder"],"picked":"Go for the Eyes","floor":12},{"not_picked":["Sunder","Compile Driver"],"picked":"Beam Cell","floor":13},{"not_picked":["Hologram","Cold Snap","Undo"],"picked":"SKIP","floor":14}],"player_experience":1272778,"relics_obtained":[{"floor":6,"key":"Orichalcum"},{"floor":9,"key":"The Courier"}],"event_choices":[{"damage_healed":0,"gold_gain":0,"player_choice":"Grow","damage_taken":0,"max_hp_gain":0,"max_hp_loss":0,"event_name":"Living Wall","floor":2,"gold_loss":0,"cards_upgraded":["Zap"]},{"damage_healed":0,"gold_gain":0,"player_choice":"Upgraded","damage_taken":0,"max_hp_gain":0,"max_hp_loss":0,"event_name":"Upgrade Shrine","floor":3,"gold_loss":0,"cards_upgraded":["Dualcast"]},{"damage_healed":0,"gold_gain":0,"player_choice":"Ignored","damage_taken":0,"max_hp_gain":0,"max_hp_loss":0,"event_name":"Liars Game","floor":5,"gold_loss":0},{"damage_healed":0,"gold_gain":75,"player_choice":"Gather Gold","damage_taken":11,"max_hp_gain":0,"max_hp_loss":0,"event_name":"World of Goop","floor":7,"gold_loss":0}],"is_beta":true,"boss_relics":[],"items_purged_floors":[],"is_endless":false,"potions_floor_spawned":[14],"killed_by":"The Guardian","ascension_level":11}