{"path_per_floor":["M","M","M","$","M","R","M","M","T","M","M","R","?","M","R","B",null,"M","M","$","?"],"character_chosen":"IRONCLAD","items_purchased":["Dexterity Potion"],"gold_per_floor":[111,124,137,62,72,72,89,100,172,188,202,202,202,212,212,317,317,329,340,188,188],"floor_reached":22,"campfire_rested":2,"playtime":752,"current_hp_per_floor":[76,65,71,71,60,60,51,28,28,19,17,41,41,47,71,41,80,49,25,25,25],"items_purged":["Strike_R","Defend_R"],"gold":188,"score":182,"play_id":"1fbfdfc9-336a-4eaf-a274-91ddeccfdfe2","is_prod":false,"is_daily":false,"is_ascension_mode":false,"campfire_upgraded":1,"path_taken":["M","M","M","$","?","R","M","M","T","M","M","R","?","M","R","BOSS","M","M","$","?","M"],"build_version":"2018-02-22-PROD2","purchased_purges":2,"victory":false,"master_deck":["Strike_R","Strike_R","Strike_R","Defend_R","Defend_R","Defend_R","Bash+1","Demon Form+1","Pommel Strike","Pummel","Sword Boomerang","Fiend Fire","True Grit+1","Shrug It Off","Fiend Fire"],"max_hp_per_floor":[80,80,80,80,80,80,80,80,80,80,80,80,80,80,80,80,80,80,80,80,80],"relics":["Burning Blood","Shuriken","Philosopher\u0027s Stone"],"card_choices":[{"not_picked":["Warcry","Headbutt"],"picked":"Demon Form"},{"not_picked":["Sword Boomerang","Headbutt"],"picked":"Pommel Strike"},{"not_picked":["Anger","Clash"],"picked":"Pummel"},{"not_picked":["Pommel Strike","Headbutt"],"picked":"Sword Boomerang"},{"not_picked":["Havoc","Body Slam"],"picked":"Fiend Fire"},{"not_picked":["Warcry","Clash"],"picked":"True Grit"},{"not_picked":["Seeing Red","Pommel Strike"],"picked":"Shrug It Off"},{"not_picked":["Dark Embrace","Exhume"],"picked":"Fiend Fire"}],"player_experience":152683,"potions_floor_usage":[10,11,11,22],"damage_taken":[{"damage":10,"enemies":"Cultist","floor":1,"turns":4},{"damage":17,"enemies":"Small Slimes","floor":2,"turns":4},{"damage":0,"enemies":"2 Louse","floor":3,"turns":2},{"damage":17,"enemies":"Large Slime","floor":5,"turns":8},{"damage":15,"enemies":"2 Fungi Beasts","floor":7,"turns":3},{"damage":29,"enemies":"3 Louse","floor":8,"turns":3},{"damage":15,"enemies":"Lots of Slimes","floor":10,"turns":2},{"damage":8,"enemies":"Exordium Thugs","floor":11,"turns":3},{"damage":0,"enemies":"Large Slime","floor":14,"turns":4},{"damage":36,"enemies":"Hexaghost","floor":16,"turns":6},{"damage":37,"enemies":"3 Byrds","floor":18,"turns":6},{"damage":30,"enemies":"2 Thieves","floor":19,"turns":4},{"damage":32,"enemies":"Sentry and Sphere","floor":22,"turns":3}],"event_choices":[{"event_name":"Accursed Blacksmith","player_choice":"Forge","floor":13,"damage_taken":0},{"event_name":"Back to Basics","player_choice":"Elegance","floor":21,"damage_taken":0}],"boss_relics":[{"not_picked":["Calling Bell","Eternal Feather"],"picked":"Philosopher\u0027s Stone"}],"potions_floor_spawned":[2,5,10],"seed_played":"-8801524478900953655","killed_by":"Sentry and Sphere","ascension_level":0,"is_trial":false}