{"path_per_floor":["M","M","?","?","$","R","M","R","T","M","R","?","$","E","R","B",null,"M","?","?","M","$","R","M","M","T","E","R","M","R","$","R","B",null,"M","?","?","T","$","E","R","E","T","R","E","M","M","M","R"],"character_chosen":"THE_SILENT","items_purchased":["Noxious Fumes","Terror","Slice","Flash of Steel","Well Laid Plans","Cloak And Dagger","Bandage Up","Finesse","Footwork"],"gold_per_floor":[110,120,120,120,7,7,23,23,23,46,46,46,24,62,62,185,185,206,206,121,146,0,0,15,28,83,119,119,142,142,5,5,135,135,154,154,154,208,25,66,66,106,106,106,142,161,180,195,195,195],"floor_reached":50,"campfire_rested":4,"playtime":6567,"current_hp_per_floor":[62,58,58,41,41,41,41,41,41,41,41,41,41,41,41,27,59,59,59,59,48,48,48,45,45,52,38,38,22,45,45,45,3,59,25,15,15,15,15,32,55,13,13,36,40,43,41,31,54,0],"items_purged":["Strike_G","Strike_G"],"gold":195,"score":832,"play_id":"1c644a6d-a4cc-4621-93bc-3f7801ef3d07","local_time":"20180416181242","is_prod":false,"is_daily":false,"chose_seed":false,"is_ascension_mode":true,"campfire_upgraded":7,"timestamp":1523927562,"path_taken":["M","M","?","?","?","R","?","R","T","M","R","?","$","E","R","BOSS","M","?","?","M","$","R","?","M","T","E","R","M","R","?","R","BOSS","M","?","?","?","$","E","R","E","T","R","E","M","?","M","R","BOSS"],"build_version":"2018-04-12","seed_source_timestamp":153326790889183,"purchased_purges":2,"victory":false,"master_deck":["Defend_G","Defend_G","Defend_G","Survivor","Neutralize+1","Dodge and Roll+1","Footwork+1","Noxious Fumes+1","Terror","Prepared+1","Flechettes","Slice","Reflex","Phantasmal Killer","Doppelganger+1","Deadly Poison+1","Bane+1","Dodge and Roll+1","Footwork","Flying Knee","Flash of Steel","Well Laid Plans","Cloak And Dagger+1","PiercingWail+1","Masterful Stab+1","Outmaneuver+1","Bandage Up","Bullet Time","Acrobatics+1","Madness","Madness","Finesse","Footwork+1","Acrobatics+1","Cloak And Dagger+1","Masterful Stab+1","Backflip+1","Deadly Poison+1"],"max_hp_per_floor":[70,70,70,70,70,70,70,70,70,70,70,70,70,70,70,70,70,70,70,70,70,70,70,70,70,77,77,77,77,77,77,77,77,77,77,77,77,77,77,77,77,77,77,77,77,77,77,77,77,77],"relics":["Ring of the Snake","Golden Idol","Ornamental Fan","Happy Flower","Astrolabe","The Courier","Strawberry","Frozen Egg 2","Philosopher\u0027s Stone","Snake Skull","Torii","Ancient Tea Set","Ninja Scroll","Girya"],"card_choices":[{"not_picked":["Dagger Throw","Prepared"],"picked":"Dodge and Roll","floor":1.0},{"not_picked":["Leg Sweep","Underhanded Strike"],"picked":"Footwork","floor":2.0},{"not_picked":["Quick Slash","Poisoned Stab"],"picked":"Prepared","floor":7.0},{"not_picked":["Sucker Punch","Poisoned Stab"],"picked":"Flechettes","floor":10.0},{"not_picked":["Skewer","All Out Attack"],"picked":"Reflex","floor":14},{"not_picked":["Unload","Glass Knife"],"picked":"Phantasmal Killer","floor":16},{"not_picked":["Crippling Poison","Deflect"],"picked":"Dodge and Roll","floor":18},{"not_picked":["Finisher","Corpse Explosion"],"picked":"Flying Knee","floor":21},{"not_picked":["Quick Slash","Poisoned Stab"],"picked":"PiercingWail","floor":24},{"not_picked":["Footwork","Backflip"],"picked":"Masterful Stab","floor":25},{"not_picked":["Endless Agony","Slice"],"picked":"Outmaneuver","floor":27},{"not_picked":["Tactician","Doppelganger"],"picked":"Bullet Time","floor":33},{"not_picked":["Bane","Deadly Poison"],"picked":"Acrobatics","floor":35},{"not_picked":["Skewer","Deadly Poison"],"picked":"Acrobatics","floor":40},{"not_picked":["Distraction","Quick Slash"],"picked":"Cloak And Dagger","floor":42},{"not_picked":["Noxious Fumes","Envenom"],"picked":"Masterful Stab","floor":46},{"not_picked":["Masterful Stab","Deflect"],"picked":"Backflip","floor":47},{"not_picked":["Dagger Spray","Masterful Stab"],"picked":"Deadly Poison","floor":48}],"player_experience":333500,"potions_floor_usage":[16,24,27,27,33,33,40,40,46],"damage_taken":[{"damage":1.0,"enemies":"Jaw Worm","floor":1.0,"turns":6.0},{"damage":4.0,"enemies":"Cultist","floor":2.0,"turns":5.0},{"damage":0.0,"enemies":"2 Louse","floor":7.0,"turns":3.0},{"damage":0.0,"enemies":"2 Fungi Beasts","floor":10.0,"turns":6.0},{"damage":0,"enemies":"Lagavulin","floor":14,"turns":7},{"damage":14,"enemies":"The Guardian","floor":16,"turns":9},{"damage":0,"enemies":"3 Byrds","floor":18,"turns":6},{"damage":11,"enemies":"2 Thieves","floor":21,"turns":5},{"damage":3,"enemies":"Cultist and Chosen","floor":24,"turns":5},{"damage":0,"enemies":"Centurion and Healer","floor":25,"turns":6},{"damage":14,"enemies":"Gremlin Leader","floor":27,"turns":5},{"damage":16,"enemies":"Snake Plant","floor":29,"turns":5},{"damage":46,"enemies":"Collector","floor":33,"turns":10},{"damage":38,"enemies":"Orb Walker","floor":35,"turns":5},{"damage":2,"enemies":"Giant Head","floor":40,"turns":6},{"damage":46,"enemies":"2 Orb Walkers","floor":42,"turns":7},{"damage":0,"enemies":"Giant Head","floor":45,"turns":8},{"damage":1,"enemies":"3 Darklings","floor":46,"turns":5},{"damage":2,"enemies":"4 Shapes","floor":47,"turns":5},{"damage":14,"enemies":"Maw","floor":48,"turns":9},{"damage":66,"enemies":"Awakened One","floor":50,"turns":5}],"event_choices":[{"event_name":"The Lab","player_choice":"Got Potions","floor":3.0,"damage_taken":0.0},{"event_name":"Golden Idol","player_choice":"Take Damage","floor":4.0,"damage_taken":0.0},{"event_name":"Upgrade Shrine","player_choice":"Upgraded","floor":12,"damage_taken":0},{"event_name":"Transmorgrifier","player_choice":"Transform","floor":19,"damage_taken":0},{"event_name":"Addict","player_choice":"Obtained Relic","floor":20,"damage_taken":0},{"event_name":"Winding Halls","player_choice":"Embrace Madness","floor":36,"damage_taken":0}],"boss_relics":[{"not_picked":["Velvet Choker","Ectoplasm"],"picked":"Astrolabe"},{"not_picked":["Calling Bell","Runic Pyramid"],"picked":"Philosopher\u0027s Stone"}],"potions_floor_spawned":[10,18,25,29,33,35,45],"seed_played":"-2726659749183834856","killed_by":"Awakened One","ascension_level":6,"is_trial":false}