{"gold_per_floor":[115,17,17,28,38,67,67,67,67,81,99,99,134,134,134,264,264,280,280,280,296,296,296,322,322,622,634,341,341,353,378,378,477,477,496,496,496,508,508,508,508,508,532,108,119,138,138,156,156,156],"floor_reached":51,"playtime":1020,"items_purged":["Defend_R","Strike_R","Defend_R"],"score":818,"play_id":"db4dfb76-ad51-455b-808e-7d09ef839ce2","local_time":"20190913154809","is_ascension_mode":false,"campfire_choices":[{"data":"Flex","floor":7,"key":"SMITH"},{"data":"Whirlwind","floor":15,"key":"SMITH"},{"data":"Flex","floor":23,"key":"SMITH"},{"floor":25,"key":"REST"},{"data":"Impervious","floor":29,"key":"SMITH"},{"data":"Offering","floor":32,"key":"SMITH"},{"data":"Limit Break","floor":40,"key":"SMITH"},{"data":"Discovery","floor":42,"key":"SMITH"},{"floor":47,"key":"REST"},{"data":"Defend_R","floor":49,"key":"SMITH"}],"neow_cost":"NONE","seed_source_timestamp":2373807351453300,"circlet_count":0,"master_deck":["Bash+1","Flex+1","Impervious+1","Flex+1","Defend_R+1","Whirlwind+1","Seeing Red+1","Necronomicurse","Seeing Red+1","Offering+1","Limit Break+1","Discovery+1"],"relics":["Burning Blood","Pear","PreservedInsect","Mummified Hand","Bloody Idol","Empty Cage","Necronomicon","Molten Egg 2","Old Coin","TheAbacus","Meat on the Bone","White Beast Statue","Bronze Scales","Strawberry","Anchor"],"potions_floor_usage":[11,13,13,18,35,50,50,50],"damage_taken":[{"damage":5,"enemies":"2 Louse","floor":1,"turns":3},{"damage":1,"enemies":"Cultist","floor":4,"turns":3},{"damage":0,"enemies":"Small Slimes","floor":5,"turns":3},{"damage":23,"enemies":"Gremlin Nob","floor":6,"turns":5},{"damage":15,"enemies":"2 Fungi Beasts","floor":10,"turns":4},{"damage":7,"enemies":"Blue Slaver","floor":11,"turns":4},{"damage":13,"enemies":"Lagavulin","floor":13,"turns":5},{"damage":48,"enemies":"Hexaghost","floor":16,"turns":9},{"damage":30,"enemies":"Shell Parasite","floor":18,"turns":3},{"damage":0,"enemies":"2 Thieves","floor":21,"turns":1},{"damage":17,"enemies":"Gremlin Leader","floor":24,"turns":2},{"damage":0,"enemies":"Centurion and Healer","floor":27,"turns":1},{"damage":0,"enemies":"Snake Plant","floor":30,"turns":1},{"damage":0,"enemies":"Slavers","floor":31,"turns":2},{"damage":6,"enemies":"Collector","floor":33,"turns":2},{"damage":22,"enemies":"Orb Walker","floor":35,"turns":3},{"damage":0,"enemies":"3 Darklings","floor":38,"turns":1},{"damage":6,"enemies":"Sphere and 2 Shapes","floor":45,"turns":1},{"damage":6,"enemies":"Transient","floor":46,"turns":5},{"damage":6,"enemies":"Maw","floor":48,"turns":3},{"damage":52,"enemies":"Awakened One","floor":50,"turns":5}],"seed_played":"-3523944257362528699","potions_obtained":[{"floor":6,"key":"GamblersBrew"},{"floor":10,"key":"EssenceOfSteel"},{"floor":11,"key":"Poison Potion"},{"floor":16,"key":"Energy Potion"},{"floor":21,"key":"Block Potion"},{"floor":24,"key":"Explosive Potion"},{"floor":30,"key":"Regen Potion"},{"floor":35,"key":"Ancient Potion"},{"floor":38,"key":"Strength Potion"},{"floor":48,"key":"BloodPotion"}],"is_trial":false,"path_per_floor":["M","$","?","M","M","E","R","?","T","M","M","?","E","?","R","B",null,"M","?","?","M","?","R","E","R","T","M","$","R","M","E","R","B",null,"M","?","?","M","?","R","?","R","T","$","M","M","R","M","R","B",null],"character_chosen":"IRONCLAD","items_purchased":["Flex","TheAbacus","Strawberry","Anchor"],"campfire_rested":2,"item_purchase_floors":[2,28,44,44],"current_hp_per_floor":[80,80,80,80,80,73,73,73,73,64,63,56,49,49,49,7,83,59,59,43,49,49,49,43,67,72,83,83,83,83,83,83,83,83,72,72,72,83,83,83,83,83,83,90,90,90,90,90,90,66],"gold":156,"neow_bonus":"UPGRADE_CARD","is_prod":false,"is_daily":false,"chose_seed":false,"campfire_upgraded":8,"win_rate":0,"timestamp":1568404089,"path_taken":["M","$","?","M","?","E","R","?","T","M","?","?","E","?","R","BOSS","M","?","?","M","?","R","E","R","T","M","?","R","?","E","R","BOSS","M","?","?","M","?","R","?","R","T","?","M","?","R","M","R","BOSS"],"build_version":"2019-07-17","purchased_purges":3,"victory":true,"max_hp_per_floor":[80,80,80,80,80,90,90,90,90,90,90,90,90,83,83,83,83,83,83,83,83,83,83,83,83,83,83,83,83,83,83,83,83,83,83,83,83,83,83,83,83,83,83,90,90,90,90,90,90,90],"card_choices":[{"not_picked":["Clothesline","Heavy Blade","Battle Trance"],"picked":"SKIP","floor":1},{"not_picked":["Hemokinesis","Inflame","Sever Soul"],"picked":"SKIP","floor":4},{"not_picked":["Reckless Charge","Clothesline","Rupture"],"picked":"SKIP","floor":5},{"not_picked":["Clash","Sentinel"],"picked":"Flex","floor":6},{"not_picked":["Thunderclap","Blood for Blood","Sentinel"],"picked":"SKIP","floor":10},{"not_picked":["Shrug It Off","Thunderclap","Feel No Pain"],"picked":"SKIP","floor":11},{"not_picked":["Spot Weakness","Fire Breathing"],"picked":"Whirlwind","floor":13},{"not_picked":["Body Slam","Cleave"],"picked":"Seeing Red+1","floor":18},{"not_picked":["Iron Wave","Carnage"],"picked":"Seeing Red+1","floor":21},{"not_picked":["Second Wind","Entrench+1","Havoc+1"],"picked":"SKIP","floor":24},{"not_picked":["Rupture","Feel No Pain","Twin Strike+1"],"picked":"SKIP","floor":27},{"not_picked":["Wild Strike+1","Disarm+1","Pommel Strike+1"],"picked":"SKIP","floor":30},{"not_picked":["Havoc+1","Inflame"],"picked":"Offering","floor":31},{"not_picked":["Bludgeon+1","Demon Form"],"picked":"Limit Break","floor":33},{"not_picked":["True Grit+1","Shrug It Off","Bloodletting"],"picked":"SKIP","floor":35},{"not_picked":["Warcry","Feel No Pain","Body Slam+1"],"picked":"SKIP","floor":38},{"not_picked":["Enlightenment","HandOfGreed+1"],"picked":"Discovery","floor":39},{"not_picked":["Warcry+1","Pommel Strike+1","Spot Weakness"],"picked":"SKIP","floor":45},{"not_picked":["Second Wind","Dual Wield","Fire Breathing"],"picked":"SKIP","floor":46},{"not_picked":["Armaments","Twin Strike+1","Thunderclap+1"],"picked":"SKIP","floor":48}],"player_experience":405565,"relics_obtained":[{"floor":6,"key":"Pear"},{"floor":9,"key":"PreservedInsect"},{"floor":13,"key":"Mummified Hand"},{"floor":20,"key":"Necronomicon"},{"floor":24,"key":"Molten Egg 2"},{"floor":26,"key":"Old Coin"},{"floor":31,"key":"Meat on the Bone"},{"floor":43,"key":"Bronze Scales"}],"event_choices":[{"damage_healed":0,"gold_gain":0,"cards_transformed":["Strike_R"],"player_choice":"Transformed","damage_taken":0,"max_hp_gain":0,"max_hp_loss":0,"event_name":"Transmorgrifier","floor":3,"gold_loss":0,"cards_obtained":["Impervious"]},{"cards_removed":["Defend_R"],"damage_healed":0,"gold_gain":0,"player_choice":"Took Card","damage_taken":0,"max_hp_gain":0,"max_hp_loss":0,"event_name":"NoteForYourself","floor":8,"gold_loss":0,"cards_obtained":["Defend_R"]},{"cards_removed":["Strike_R"],"damage_healed":0,"gold_gain":0,"player_choice":"Card Removal","damage_taken":7,"max_hp_gain":0,"max_hp_loss":0,"event_name":"Golden Wing","floor":12,"gold_loss":0},{"damage_healed":0,"gold_gain":0,"player_choice":"Lose Max HP","damage_taken":0,"relics_obtained":["Golden Idol"],"max_hp_gain":0,"max_hp_loss":7,"event_name":"Golden Idol","floor":14,"gold_loss":0},{"damage_healed":0,"gold_gain":0,"player_choice":"Ignored","damage_taken":0,"max_hp_gain":0,"max_hp_loss":0,"event_name":"Ghosts","floor":19,"gold_loss":0},{"damage_healed":0,"gold_gain":0,"player_choice":"Obtained Book","damage_taken":16,"max_hp_gain":0,"max_hp_loss":0,"event_name":"Cursed Tome","floor":20,"gold_loss":0},{"damage_healed":0,"gold_gain":0,"player_choice":"Gave Idol","damage_taken":0,"relics_obtained":["Bloody Idol"],"max_hp_gain":0,"max_hp_loss":0,"event_name":"Forgotten Altar","floor":22,"relics_lost":["Golden Idol"],"gold_loss":0},{"damage_healed":0,"gold_gain":0,"player_choice":"Ignored","damage_taken":0,"max_hp_gain":0,"max_hp_loss":0,"event_name":"Mysterious Sphere","floor":36,"gold_loss":0},{"cards_removed":["Strike_R"],"damage_healed":0,"gold_gain":0,"player_choice":"Removed Attack","damage_taken":0,"max_hp_gain":0,"max_hp_loss":0,"event_name":"Falling","floor":37,"gold_loss":0},{"damage_healed":0,"gold_gain":0,"player_choice":"Memory 1","damage_taken":0,"max_hp_gain":0,"max_hp_loss":0,"event_name":"SensoryStone","floor":39,"gold_loss":0},{"damage_healed":0,"gold_gain":0,"player_choice":"Ignored","damage_taken":0,"max_hp_gain":0,"max_hp_loss":0,"event_name":"Tomb of Lord Red Mask","floor":41,"gold_loss":0}],"is_beta":false,"boss_relics":[{"not_picked":["Tiny House","Mark of Pain"],"picked":"Empty Cage"},{"not_picked":["Runic Pyramid","Velvet Choker"],"picked":"White Beast Statue"}],"items_purged_floors":[2,28,44],"is_endless":false,"potions_floor_spawned":[6,10,11,16,21,24,30,31,35,38,45,46,48],"ascension_level":0}