{"path_per_floor":["M","M","M","?","M","R","?","R","T","R","M","M","E","$","R","B",null,"M","M","?","M","M","R","M","R","T","M","R","T","?","?","R"],"character_chosen":"IRONCLAD","items_purchased":["Boot","Limit Break"],"gold_per_floor":[216,232,246,246,262,262,262,262,262,262,280,297,331,33,33,133,133,143,162,162,182,197,197,209,209,209,223,223,223,322,350,350,350],"floor_reached":33,"campfire_rested":2,"playtime":1163,"item_purchase_floors":[14,14],"current_hp_per_floor":[72,78,80,55,55,55,60,60,60,60,66,68,51,51,51,21,85,85,85,85,63,24,24,17,17,17,15,40,40,40,9,34,0],"items_purged":[],"gold":350,"score":249,"play_id":"ff0e9fc3-6887-4658-85ca-1664e3d6df41","local_time":"20180614145127","is_prod":false,"is_daily":false,"chose_seed":false,"is_ascension_mode":false,"campfire_upgraded":4,"win_rate":0,"timestamp":1529002287,"campfire_choices":[{"data":"True Grit","floor":6,"key":"SMITH"},{"data":"Body Slam","floor":8,"key":"SMITH"},{"floor":10,"key":"DIG"},{"floor":15,"key":"DIG"},{"data":"Armaments","floor":23,"key":"SMITH"},{"data":"Limit Break","floor":25,"key":"SMITH"},{"floor":28,"key":"REST"},{"floor":32,"key":"REST"}],"path_taken":["M","M","M","?","M","R","?","R","T","R","?","M","E","$","R","BOSS","M","?","?","M","M","R","M","R","T","?","R","?","?","?","R","BOSS"],"build_version":"2018-06-13v3","seed_source_timestamp":1275360728214718,"purchased_purges":0,"victory":false,"master_deck":["Strike_R","Strike_R","Defend_R","Defend_R","Defend_R","Defend_R","Bash","True Grit+1","Shrug It Off","Body Slam+1","Flex","Iron Wave","Flame Barrier","Limit Break+1","Fiend Fire","Sever Soul+1","Exhume+1","Inflame+1","Sword Boomerang+1","Armaments+1","Rage","Shrug It Off+1","Shrug It Off","Seeing Red","Headbutt+1"],"max_hp_per_floor":[80,80,80,80,80,80,85,85,85,85,85,85,85,85,85,85,85,85,85,85,85,85,85,85,85,85,85,85,85,85,85,85,85],"relics":["Burning Blood","Shovel","Calipers","Dream Catcher","Blood Vial","Boot","Paper Frog","Astrolabe","Mercury Hourglass","Mummified Hand","Red Mask"],"card_choices":[{"not_picked":["Ghostly Armor","Pommel Strike"],"picked":"True Grit","floor":1},{"not_picked":["Rage","Clash"],"picked":"Shrug It Off","floor":2},{"not_picked":["Evolve","Clash"],"picked":"Body Slam","floor":3},{"not_picked":["Perfected Strike","Clash"],"picked":"Flex","floor":5},{"not_picked":["Hemokinesis","Havoc"],"picked":"Iron Wave","floor":11},{"not_picked":["Searing Blow","Whirlwind","Clothesline"],"picked":"SKIP","floor":12},{"not_picked":["Intimidate","Reckless Charge"],"picked":"Flame Barrier","floor":13},{"not_picked":["Brutality","Juggernaut"],"picked":"Fiend Fire","floor":16},{"not_picked":["Heavy Blade+1","Iron Wave","Spot Weakness"],"picked":"SKIP","floor":18},{"not_picked":["Headbutt","Flex"],"picked":"Sword Boomerang+1","floor":19},{"not_picked":["Sentinel","Clash"],"picked":"Rage","floor":21},{"not_picked":["Perfected Strike","Heavy Blade+1"],"picked":"Shrug It Off+1","floor":22},{"not_picked":["Metallicize","Thunderclap"],"picked":"Shrug It Off","floor":24},{"not_picked":["Reckless Charge","Sever Soul"],"picked":"Seeing Red","floor":27},{"not_picked":["Flame Barrier","Cleave"],"picked":"Headbutt+1","floor":32}],"player_experience":546725,"potions_floor_usage":[22,27,31,33],"damage_taken":[{"damage":14,"enemies":"Jaw Worm","floor":1,"turns":5},{"damage":0,"enemies":"2 Louse","floor":2,"turns":4},{"damage":4,"enemies":"Cultist","floor":3,"turns":5},{"damage":6,"enemies":"Blue Slaver","floor":5,"turns":5},{"damage":0,"enemies":"Large Slime","floor":11,"turns":7},{"damage":4,"enemies":"Exordium Wildlife","floor":12,"turns":5},{"damage":23,"enemies":"Lagavulin","floor":13,"turns":8},{"damage":38,"enemies":"The Guardian","floor":16,"turns":16},{"damage":1,"enemies":"Spheric Guardian","floor":18,"turns":3},{"damage":0,"enemies":"Chosen","floor":19,"turns":5},{"damage":28,"enemies":"Sentry and Sphere","floor":21,"turns":7},{"damage":47,"enemies":"Snecko","floor":22,"turns":7},{"damage":15,"enemies":"Snake Plant","floor":24,"turns":4},{"damage":10,"enemies":"Cultist and Chosen","floor":27,"turns":4},{"damage":39,"floor":31,"turns":5},{"damage":40,"enemies":"Automaton","floor":33,"turns":6}],"relics_obtained":[{"floor":9,"key":"Calipers"},{"floor":10,"key":"Dream Catcher"},{"floor":13,"key":"Blood Vial"},{"floor":15,"key":"Paper Frog"},{"floor":26,"key":"Mercury Hourglass"},{"floor":29,"key":"Mummified Hand"},{"floor":31,"key":"Red Mask"}],"event_choices":[{"event_name":"Scrap Ooze","player_choice":"success","floor":4,"damage_taken":25},{"event_name":"Big Fish","player_choice":"Donut","floor":7,"damage_taken":0},{"event_name":"The Library","player_choice":"Read","floor":20,"damage_taken":0},{"event_name":"Nest","player_choice":"Stole From Cult","floor":30,"damage_taken":0},{"event_name":"Masked Bandits","player_choice":"Fought over 322 gold","floor":31,"damage_taken":0}],"boss_relics":[{"not_picked":["Runic Pyramid","White Beast Statue"],"picked":"Astrolabe"}],"items_purged_floors":[],"potions_floor_spawned":[1,2,5,11,22],"seed_played":"4693472021194306594","killed_by":"Automaton","ascension_level":0,"potions_obtained":[{"floor":1,"key":"SpeedPotion"},{"floor":2,"key":"FearPotion"},{"floor":5,"key":"LiquidBronze"},{"floor":22,"key":"Energy Potion"}],"is_trial":false}