{"gold_per_floor":[112,122,122,122,139,173,193,193,193,203,216,271,284,298,298,401,401,401,401,401,356,356,356,356,356,356,356,142,142,67,67,67,67,67,67,67,67,67,67,67,67,67,67,67,67,67,67,67,67,67],"floor_reached":50,"playtime":1763,"items_purged":["Strike_G"],"score":761,"play_id":"59774246-da72-4617-839c-92ef614f3ac2","local_time":"20181017214541","is_ascension_mode":true,"campfire_choices":[{"data":"Blade Dance","floor":8,"key":"SMITH"},{"data":"Accuracy","floor":15,"key":"SMITH"},{"data":"Envenom","floor":25,"key":"SMITH"},{"data":"After Image","floor":27,"key":"SMITH"},{"floor":32,"key":"REST"},{"data":"Footwork","floor":41,"key":"SMITH"},{"floor":47,"key":"REST"},{"data":"Glass Knife","floor":49,"key":"SMITH"}],"neow_cost":"NONE","seed_source_timestamp":885964278631263,"circlet_count":0,"master_deck":["Defend_G","Defend_G","Defend_G","Defend_G","Defend_G","Strike_G","Strike_G","Strike_G","Survivor","Neutralize","Blade Dance+1","Accuracy+1","Escape Plan","PiercingWail+1","Terror+1","After Image+1","Blade Dance+1","Backstab","Footwork+1","Blade Dance+1","Envenom+1","Dodge and Roll+1","Backflip+1","Dagger Spray","Corpse Explosion+1","Backflip+1","Accuracy+1","Glass Knife+1","Dodge and Roll+1","After Image","Cloak And Dagger+1","After Image+1","Blade Dance+1","Blade Dance+1","Bane+1","Infinite Blades"],"relics":["Ring of the Snake","NeowsBlessing","Strawberry","Toxic Egg 2","Meat on the Bone","Tiny Chest","Ectoplasm","Nilry\u0027s Codex","Pocketwatch","Blood Vial","Philosopher\u0027s Stone","Vajra","Question Card"],"potions_floor_usage":[6,12,33,45,50,50],"damage_taken":[{"damage":0,"enemies":"Cultist","floor":1,"turns":1},{"damage":0,"enemies":"2 Louse","floor":2,"turns":1},{"damage":0,"enemies":"Jaw Worm","floor":5,"turns":1},{"damage":46,"enemies":"Lagavulin","floor":6,"turns":8},{"damage":1,"enemies":"2 Fungi Beasts","floor":7,"turns":4},{"damage":0,"enemies":"Large Slime","floor":10,"turns":5},{"damage":0,"enemies":"Blue Slaver","floor":11,"turns":3},{"damage":35,"enemies":"Gremlin Nob","floor":12,"turns":5},{"damage":0,"enemies":"Looter","floor":13,"turns":2},{"damage":0,"enemies":"Exordium Wildlife","floor":14,"turns":2},{"damage":27,"enemies":"The Guardian","floor":16,"turns":8},{"damage":0,"enemies":"Shell Parasite","floor":18,"turns":4},{"damage":22,"enemies":"2 Thieves","floor":21,"turns":4},{"damage":0,"enemies":"Snecko","floor":22,"turns":5},{"damage":28,"enemies":"Book of Stabbing","floor":23,"turns":5},{"damage":18,"enemies":"Snake Plant","floor":24,"turns":5},{"damage":3,"enemies":"Centurion and Healer","floor":29,"turns":4},{"damage":0,"enemies":"Cultist and Chosen","floor":31,"turns":4},{"damage":31,"enemies":"Champ","floor":33,"turns":11},{"damage":0,"enemies":"Orb Walker","floor":35,"turns":3},{"damage":21,"enemies":"3 Shapes","floor":39,"turns":3},{"damage":7,"enemies":"Sphere and 2 Shapes","floor":44,"turns":4},{"damage":4,"enemies":"Maw","floor":45,"turns":8},{"damage":5,"enemies":"Jaw Worm Horde","floor":46,"turns":2},{"damage":6,"enemies":"Giant Head","floor":48,"turns":6},{"damage":90,"enemies":"Time Eater","floor":50,"turns":9}],"seed_played":"-2000098106179678486","potions_obtained":[{"floor":2,"key":"EssenceOfSteel"},{"floor":7,"key":"GamblersBrew"},{"floor":10,"key":"SpeedPotion"},{"floor":13,"key":"FearPotion"},{"floor":16,"key":"Weak Potion"},{"floor":35,"key":"GamblersBrew"},{"floor":39,"key":"Block Potion"},{"floor":48,"key":"GamblersBrew"}],"is_trial":false,"path_per_floor":["M","M","?","?","M","E","M","R","T","M","M","E","M","M","R","B",null,"M","?","?","M","M","E","M","R","T","R","$","M","$","M","R","B",null,"M","?","?","?","M","?","R","?","T","M","M","M","R","E","R"],"character_chosen":"THE_SILENT","items_purchased":["Accuracy","Glass Knife"],"campfire_rested":2,"item_purchase_floors":[28,28],"current_hp_per_floor":[63,63,68,72,72,26,25,25,25,37,49,26,38,50,50,35,70,70,54,54,44,44,28,22,22,22,22,22,33,33,47,71,42,72,74,74,74,74,55,55,55,55,55,50,48,45,68,64,64,0],"gold":67,"neow_bonus":"THREE_ENEMY_KILL","is_prod":false,"is_daily":false,"chose_seed":false,"campfire_upgraded":6,"win_rate":0,"timestamp":1539827141,"path_taken":["M","?","?","?","?","E","M","R","T","M","M","E","M","M","R","BOSS","M","?","?","M","?","E","M","R","T","R","$","M","?","?","R","BOSS","M","?","?","?","M","?","R","?","T","M","M","?","R","E","R","BOSS"],"build_version":"2018-10-17v2","purchased_purges":1,"victory":false,"max_hp_per_floor":[70,70,75,82,82,82,82,82,82,82,82,82,82,82,82,82,82,82,82,82,82,82,82,82,82,82,82,82,82,82,82,82,82,82,82,82,82,82,82,78,78,78,78,78,78,78,78,78,78,78],"card_choices":[{"not_picked":["Outmaneuver","Deadly Poison"],"picked":"Blade Dance","floor":1},{"not_picked":["Acrobatics","Sucker Punch"],"picked":"Accuracy","floor":2},{"not_picked":["Dodge and Roll","Caltrops"],"picked":"Escape Plan","floor":5},{"not_picked":["Underhanded Strike","Terror"],"picked":"PiercingWail","floor":6},{"not_picked":["Masterful Stab","Flying Knee"],"picked":"Terror+1","floor":7},{"not_picked":["Backflip+1","Underhanded Strike"],"picked":"After Image","floor":10},{"not_picked":["Escape Plan+1","Poisoned Stab"],"picked":"Blade Dance+1","floor":11},{"not_picked":["Masterful Stab","Tactician+1"],"picked":"Backstab","floor":12},{"not_picked":["Acrobatics+1","Riddle With Holes"],"picked":"Footwork","floor":13},{"not_picked":["Slice","Die Die Die"],"picked":"Blade Dance+1","floor":14},{"not_picked":["Malaise+1","Bullet Time+1"],"picked":"Envenom","floor":16},{"not_picked":["Crippling Poison+1","Flechettes"],"picked":"Dodge and Roll+1","floor":18},{"not_picked":["Outmaneuver+1","Deadly Poison+1"],"picked":"Backflip+1","floor":21},{"not_picked":["Flying Knee","Sucker Punch"],"picked":"Dagger Spray","floor":22},{"not_picked":["Crippling Poison+1","Poisoned Stab+1"],"picked":"Corpse Explosion+1","floor":23},{"not_picked":["Poisoned Stab","Prepared+1"],"picked":"Backflip+1","floor":24},{"not_picked":["Masterful Stab+1","Flying Knee","Slice"],"picked":"SKIP","floor":29},{"not_picked":["PiercingWail+1","Dagger Throw+1"],"picked":"Dodge and Roll+1","floor":31},{"not_picked":["Night Terror+1","Bullet Time+1"],"picked":"After Image","floor":33},{"not_picked":["Infinite Blades","Noxious Fumes"],"picked":"Cloak And Dagger+1","floor":35},{"not_picked":["Dash","Outmaneuver+1","Prepared+1"],"picked":"SKIP","floor":39},{"not_picked":["Poisoned Stab","Deadly Poison+1"],"picked":"Blade Dance+1","floor":44},{"not_picked":["Eviscerate","Skewer"],"picked":"Blade Dance+1","floor":45},{"not_picked":["Leg Sweep+1","Poisoned Stab+1"],"picked":"Bane+1","floor":46},{"not_picked":["Deadly Poison+1","Leg Sweep+1"],"picked":"Infinite Blades","floor":48}],"player_experience":925080,"relics_obtained":[{"floor":6,"key":"Toxic Egg 2"},{"floor":9,"key":"Meat on the Bone"},{"floor":12,"key":"Tiny Chest"},{"floor":19,"key":"Nilry\u0027s Codex"},{"floor":23,"key":"Pocketwatch"},{"floor":26,"key":"Blood Vial"},{"floor":43,"key":"Vajra"},{"floor":48,"key":"Question Card"}],"event_choices":[{"damage_healed":0,"gold_gain":0,"player_choice":"Donut","damage_taken":0,"max_hp_gain":5,"max_hp_loss":0,"event_name":"Big Fish","floor":3,"gold_loss":0},{"damage_healed":0,"gold_gain":0,"player_choice":"Success","damage_taken":3,"relics_obtained":["Strawberry"],"max_hp_gain":0,"max_hp_loss":0,"event_name":"Scrap Ooze","floor":4,"gold_loss":0},{"damage_healed":0,"gold_gain":0,"player_choice":"Obtained Book","damage_taken":16,"max_hp_gain":0,"max_hp_loss":0,"event_name":"Cursed Tome","floor":19,"gold_loss":0},{"damage_healed":0,"gold_gain":0,"player_choice":"Ignored","damage_taken":0,"max_hp_gain":0,"max_hp_loss":0,"event_name":"The Mausoleum","floor":20,"gold_loss":0},{"cards_removed":["Strike_G"],"damage_healed":0,"gold_gain":0,"player_choice":"Removed Attack","damage_taken":0,"max_hp_gain":0,"max_hp_loss":0,"event_name":"Falling","floor":36,"gold_loss":0},{"damage_healed":0,"gold_gain":0,"player_choice":"Upgraded","damage_taken":0,"max_hp_gain":0,"max_hp_loss":0,"event_name":"Upgrade Shrine","floor":37,"gold_loss":0,"cards_upgraded":["Accuracy"]},{"damage_healed":0,"gold_gain":0,"player_choice":"0 cards matched","damage_taken":0,"max_hp_gain":0,"max_hp_loss":0,"event_name":"Match and Keep!","floor":38,"gold_loss":0,"cards_obtained":[]},{"damage_healed":0,"gold_gain":0,"player_choice":"Max HP","damage_taken":0,"max_hp_gain":0,"max_hp_loss":4,"event_name":"Winding Halls","floor":40,"gold_loss":0},{"damage_healed":0,"gold_gain":0,"player_choice":"Copied","damage_taken":0,"max_hp_gain":0,"max_hp_loss":0,"event_name":"Duplicator","floor":42,"gold_loss":0,"cards_obtained":["After Image"]}],"is_beta":true,"boss_relics":[{"not_picked":["White Beast Statue","Ring of the Serpent"],"picked":"Ectoplasm"},{"not_picked":["Empty Cage","Snecko Eye"],"picked":"Philosopher\u0027s Stone"}],"items_purged_floors":[30],"is_endless":false,"potions_floor_spawned":[2,7,10,13,16,21,22,31,35,39,48],"killed_by":"Time Eater","ascension_level":7}