{"gold_per_floor":[11,11,11,26,38,38,54,71,71,221,221,0,32,58,58,132,132,148,182,182,182,182,182,182],"floor_reached":24,"playtime":1201,"items_purged":[],"score":355,"play_id":"a9754b60-7bc8-47d2-b088-47f1b4bbb089","local_time":"20190326114614","is_ascension_mode":true,"campfire_choices":[{"floor":6,"key":"REST"},{"floor":11,"key":"REST"},{"floor":15,"key":"REST"},{"floor":23,"key":"REST"}],"neow_cost":"NO_GOLD","seed_source_timestamp":10834647840268,"circlet_count":0,"master_deck":["AscendersBane","Bash","Headbutt","Battle Trance","Combust","Inflame","Shrug It Off","Demon Form","Fiend Fire","Pommel Strike","True Grit","Double Tap","Dark Embrace","Thunderclap","Hemokinesis","Limit Break","Uppercut","Corruption","Ghostly","Ghostly","Ghostly"],"relics":["Burning Blood","Omamori","Singing Bowl","Bag of Marbles","Kunai","Odd Mushroom","Pandora\u0027s Box","Red Mask"],"potions_floor_usage":[8,13,14,16,19],"damage_taken":[{"damage":24,"enemies":"Jaw Worm","floor":1,"turns":4},{"damage":1,"enemies":"2 Louse","floor":4,"turns":3},{"damage":10,"enemies":"Small Slimes","floor":5,"turns":4},{"damage":2,"enemies":"2 Fungi Beasts","floor":7,"turns":3},{"damage":12,"enemies":"Looter","floor":8,"turns":2},{"damage":9,"enemies":"Gremlin Nob","floor":13,"turns":3},{"damage":30,"enemies":"The Mushroom Lair","floor":14,"turns":4},{"damage":59,"enemies":"Slime Boss","floor":16,"turns":11},{"damage":35,"enemies":"2 Thieves","floor":18,"turns":3},{"damage":23,"enemies":"Masked Bandits","floor":19,"turns":3},{"damage":47,"enemies":"Book of Stabbing","floor":24,"turns":5}],"seed_played":"9220177152185082758","potions_obtained":[{"floor":5,"key":"Energy Potion"},{"floor":8,"key":"SkillPotion"},{"floor":13,"key":"Dexterity Potion"},{"floor":14,"key":"SkillPotion"},{"floor":18,"key":"Energy Potion"}],"is_trial":false,"path_per_floor":["M","?","?","M","M","R","M","M","T","?","R","$","E","?","R","B",null,"M","?","?","$","?","R","E"],"character_chosen":"IRONCLAD","items_purchased":["Shrug It Off","Bag of Marbles"],"campfire_rested":4,"item_purchase_floors":[12,12],"current_hp_per_floor":[64,37,19,24,20,46,50,44,44,44,70,70,67,45,72,19,73,46,31,31,31,31,45,0],"gold":182,"neow_bonus":"TWENTY_PERCENT_HP_BONUS","is_prod":false,"is_daily":false,"chose_seed":false,"campfire_upgraded":0,"win_rate":0,"timestamp":1553597174,"path_taken":["M","?","?","M","M","R","M","M","T","?","R","$","E","?","R","BOSS","M","?","?","$","?","R","E"],"build_version":"2019-01-23","purchased_purges":0,"victory":false,"max_hp_per_floor":[89,89,89,89,89,89,89,89,89,89,89,89,89,91,91,91,91,93,95,95,95,47,47,47],"card_choices":[{"not_picked":["Body Slam","Burning Pact"],"picked":"Headbutt","floor":1},{"not_picked":["Heavy Blade","Warcry"],"picked":"Battle Trance","floor":4},{"not_picked":["Wild Strike","Heavy Blade"],"picked":"Combust","floor":5},{"not_picked":["Anger","Armaments"],"picked":"Inflame","floor":7},{"not_picked":["Fire Breathing","Sever Soul","Heavy Blade"],"picked":"SKIP","floor":8},{"not_picked":["Hemokinesis","Twin Strike"],"picked":"Demon Form","floor":13},{"not_picked":["Dropkick","Iron Wave","Seeing Red"],"picked":"Singing Bowl","floor":14},{"not_picked":["Impervious","Double Tap"],"picked":"Fiend Fire","floor":16},{"not_picked":["Heavy Blade","Rampage","Warcry"],"picked":"Singing Bowl","floor":18},{"not_picked":["Wild Strike+1","Body Slam","Flex"],"picked":"Singing Bowl","floor":19}],"player_experience":477883,"relics_obtained":[{"floor":9,"key":"Singing Bowl"},{"floor":13,"key":"Kunai"},{"floor":14,"key":"Odd Mushroom"},{"floor":19,"key":"Red Mask"}],"event_choices":[{"damage_healed":0,"gold_gain":0,"player_choice":"Entered Light","damage_taken":27,"max_hp_gain":0,"max_hp_loss":0,"event_name":"Shining Light","floor":2,"gold_loss":0,"cards_upgraded":["Strike_R","Strike_R"]},{"damage_healed":0,"gold_gain":0,"player_choice":"Success","damage_taken":18,"relics_obtained":["Omamori"],"max_hp_gain":0,"max_hp_loss":0,"event_name":"Scrap Ooze","floor":3,"gold_loss":0},{"damage_healed":0,"gold_gain":150,"player_choice":"AGREE","damage_taken":0,"max_hp_gain":0,"max_hp_loss":0,"event_name":"Liars Game","floor":10,"gold_loss":0,"cards_obtained":["Doubt"]},{"damage_healed":0,"gold_gain":0,"player_choice":"Fought Mushrooms","damage_taken":0,"max_hp_gain":0,"max_hp_loss":0,"event_name":"Mushrooms","floor":14,"gold_loss":0},{"damage_healed":0,"gold_gain":0,"player_choice":"Fought Bandits","damage_taken":0,"max_hp_gain":0,"max_hp_loss":0,"event_name":"Masked Bandits","floor":19,"gold_loss":0},{"damage_healed":0,"gold_gain":0,"player_choice":"Ignored","damage_taken":0,"max_hp_gain":0,"max_hp_loss":0,"event_name":"Beggar","floor":20,"gold_loss":0},{"damage_healed":0,"gold_gain":0,"player_choice":"Became a Ghost","damage_taken":0,"max_hp_gain":0,"max_hp_loss":48,"event_name":"Ghosts","floor":22,"gold_loss":0,"cards_obtained":["Ghostly","Ghostly","Ghostly"]}],"is_beta":false,"boss_relics":[{"not_picked":["Black Star","Tiny House"],"picked":"Pandora\u0027s Box"}],"items_purged_floors":[],"is_endless":false,"potions_floor_spawned":[5,8,13,14,18],"killed_by":"Book of Stabbing","ascension_level":17}