{"path_per_floor":["M","?","?","T","M","E","R","E","T","M","R","$","R","$","R","B",null,"M","$","M","?","?","E","M","?","T","$","R","$","M","M","R"],"character_chosen":"IRONCLAD","items_purchased":["Disarm","Flex","Anger","Inflame","Paper Frog"],"gold_per_floor":[111,111,211,211,230,263,263,321,344,359,359,280,280,180,180,283,283,297,186,176,176,176,205,205,205,258,2,2,2,21,34,34,34],"floor_reached":33,"campfire_rested":1,"playtime":933,"item_purchase_floors":[12,14,14,19,27],"current_hp_per_floor":[80,80,80,80,80,66,66,54,54,62,62,62,62,62,62,38,82,68,68,59,59,59,38,20,20,20,20,20,20,11,12,39,0],"items_purged":["Perfected Strike+1"],"gold":34,"score":271,"play_id":"08403b42-9536-4207-9846-fb34f50931b0","local_time":"20180522170140","is_prod":false,"is_daily":false,"chose_seed":false,"is_ascension_mode":false,"campfire_upgraded":5,"timestamp":1527022900,"campfire_choices":[{"data":"Sword Boomerang","floor":7,"key":"SMITH"},{"data":"Bash","floor":11,"key":"SMITH"},{"data":"Disarm","floor":13,"key":"SMITH"},{"data":"Flex","floor":15,"key":"SMITH"},{"data":"Anger","floor":28,"key":"SMITH"},{"floor":32,"key":"REST"}],"path_taken":["M","?","?","?","M","E","R","E","T","?","R","$","R","$","R","BOSS","M","$","M","?","?","E","?","?","T","$","R","?","M","M","R","BOSS"],"build_version":"2018-05-21v2","seed_source_timestamp":1798485863333990,"purchased_purges":1,"victory":false,"master_deck":["Strike_R","Strike_R","Strike_R","Defend_R","Defend_R","Defend_R","Bash+1","Sword Boomerang+1","Pummel","Disarm+1","Flex+1","Anger+1","Feed","Disarm+1","Burning Pact+1","Inflame","Metallicize+1","Decay","Feed","Bludgeon","Uppercut","Sword Boomerang+1"],"max_hp_per_floor":[80,80,80,80,80,80,80,80,80,82,82,82,82,82,82,82,82,82,82,82,82,82,87,87,87,87,87,87,87,90,90,90,90],"relics":["Burning Blood","Ornamental Fan","Matryoshka","Tiny Chest","Lantern","Singing Bowl","Astrolabe","Bottled Flame","Blood Vial","Oddly Smooth Stone","Paper Frog"],"card_choices":[{"not_picked":["Headbutt","Twin Strike"],"picked":"Sword Boomerang","floor":1},{"not_picked":["Feel No Pain","Iron Wave","Dropkick"],"picked":"SKIP","floor":5},{"not_picked":["Infernal Blade","Ghostly Armor","Wild Strike"],"picked":"SKIP","floor":6},{"not_picked":["Wild Strike","Metallicize"],"picked":"Pummel","floor":8},{"not_picked":["Shrug It Off","Hemokinesis","Iron Wave"],"picked":"Singing Bowl","floor":10},{"not_picked":["Barricade","Brutality"],"picked":"Feed","floor":16},{"not_picked":["Second Wind","Burning Pact","Heavy Blade"],"picked":"SKIP","floor":18},{"not_picked":["Pommel Strike","Seeing Red"],"picked":"Metallicize+1","floor":20},{"not_picked":["Havoc","Battle Trance","Thunderclap+1"],"picked":"Singing Bowl","floor":23},{"not_picked":["Metallicize+1","Rampage"],"picked":"Uppercut","floor":30},{"not_picked":["Headbutt+1","Body Slam+1"],"picked":"Sword Boomerang+1","floor":31}],"player_experience":481916,"potions_floor_usage":[8,8,16,16,20,24,24,31,33],"damage_taken":[{"damage":5,"enemies":"Jaw Worm","floor":1,"turns":5},{"damage":1,"enemies":"Cultist","floor":5,"turns":3},{"damage":20,"enemies":"Gremlin Nob","floor":6,"turns":4},{"damage":26,"enemies":"Lagavulin","floor":8,"turns":6},{"damage":0,"enemies":"Small Slimes","floor":10,"turns":2},{"damage":30,"enemies":"Hexaghost","floor":16,"turns":7},{"damage":20,"enemies":"Chosen","floor":18,"turns":4},{"damage":27,"enemies":"2 Thieves","floor":20,"turns":4},{"damage":32,"enemies":"Slavers","floor":23,"turns":9},{"damage":24,"enemies":"Snecko","floor":24,"turns":5},{"damage":20,"enemies":"Centurion and Healer","floor":30,"turns":7},{"damage":7,"enemies":"Snake Plant","floor":31,"turns":5},{"damage":43,"enemies":"Champ","floor":33,"turns":10}],"relics_obtained":[{"floor":4,"key":"Ornamental Fan"},{"floor":6,"key":"Matryoshka"},{"floor":8,"key":"Tiny Chest"},{"floor":9,"key":"Lantern"},{"floor":9,"key":"Singing Bowl"},{"floor":23,"key":"Bottled Flame"},{"floor":26,"key":"Blood Vial"},{"floor":26,"key":"Oddly Smooth Stone"}],"event_choices":[{"event_name":"The Woman in Blue","player_choice":"Bought 0 Potions","floor":2,"damage_taken":0},{"event_name":"Wheel of Change","player_choice":"Gold","floor":3,"damage_taken":0},{"event_name":"Forgotten Altar","player_choice":"Smashed Altar","floor":21,"damage_taken":0},{"event_name":"Duplicator","player_choice":"One dupe","floor":22,"damage_taken":0},{"event_name":"Match and Keep!","player_choice":"1 cards matched","floor":25,"damage_taken":0}],"boss_relics":[{"not_picked":["Black Blood","Orrery"],"picked":"Astrolabe"}],"items_purged_floors":[19],"potions_floor_spawned":[6,10,16,18,20,31],"seed_played":"-3928133087810047844","killed_by":"Champ","ascension_level":0,"potions_obtained":[{"floor":6,"key":"BloodPotion"},{"floor":10,"key":"SteroidPotion"},{"floor":18,"key":"Regen Potion"},{"floor":20,"key":"Weak Potion"},{"floor":31,"key":"Ancient Potion"}],"is_trial":false}