{"path_per_floor":["M","M","?","?","M","E","R","M","T","M","M","E","$","E","R","B",null,"M","$","M","M","?","R","M","E","T","M","?","?","R"],"character_chosen":"THE_SILENT","items_purchased":["Footwork","Vajra"],"gold_per_floor":[113,130,130,130,143,168,168,181,235,245,257,284,142,171,171,269,269,281,35,47,60,60,60,74,104,156,168,68,68,68,68],"floor_reached":31,"campfire_rested":1,"playtime":1412,"current_hp_per_floor":[63,62,62,62,62,38,38,38,38,26,25,21,21,9,27,20,63,47,47,42,34,34,34,34,33,33,19,19,19,19,0],"items_purged":["Strike_G","Strike_G"],"gold":68,"score":277,"play_id":"a91f1b26-6c73-4311-a460-e8af45dcc1c7","local_time":"20180413215409","is_prod":false,"is_daily":false,"chose_seed":false,"is_ascension_mode":false,"campfire_upgraded":3,"timestamp":1523670849,"path_taken":["M","M","?","?","M","E","R","M","T","M","M","E","$","E","R","BOSS","M","$","M","M","?","R","M","E","T","?","?","?","R","E"],"build_version":"2018-04-12","seed_source_timestamp":1115605280318946,"purchased_purges":3,"victory":false,"master_deck":["Defend_G","Defend_G","Defend_G","Defend_G","Strike_G","Strike_G+1","Survivor","Neutralize+1","Backflip","Trip+1","Neutralize","Concentrate","Quick Slash+1","Slice","Malaise+1","Deadly Poison","Cloak And Dagger","Footwork","After Image+1","Sucker Punch","PiercingWail+1","Dodge and Roll+1","Footwork","Regret","Dodge and Roll","J.A.X.","Writhe"],"max_hp_per_floor":[63,63,63,63,63,63,63,63,63,63,63,63,63,63,63,63,63,63,63,63,63,63,63,63,63,63,63,63,63,63,63],"relics":["Ring of the Snake","Pen Nib","Whetstone","Ancient Tea Set","Prayer Wheel","Cursed Key","Vajra","Regal Pillow","Art of War","Singing Bowl"],"card_choices":[{"not_picked":["Predator","Prepared"],"picked":"Backflip","floor":2},{"not_picked":["Finisher","Leg Sweep"],"picked":"Quick Slash","floor":5},{"not_picked":["Underhanded Strike","Masterful Stab"],"picked":"Slice","floor":6},{"not_picked":["Bane","PiercingWail"],"picked":"Malaise","floor":8},{"not_picked":["Sucker Punch","Poisoned Stab"],"picked":"Deadly Poison","floor":10},{"not_picked":["Caltrops","Poisoned Stab"],"picked":"Cloak And Dagger","floor":11},{"not_picked":["Storm of Steel","Die Die Die"],"picked":"After Image","floor":16},{"not_picked":["Dagger Throw","Underhanded Strike"],"picked":"Sucker Punch","floor":18},{"not_picked":["Dagger Throw","Underhanded Strike"],"picked":"PiercingWail","floor":21},{"not_picked":["Dagger Spray","Bane"],"picked":"Dodge and Roll","floor":24},{"not_picked":["Caltrops","Venomology"],"picked":"Footwork","floor":25},{"not_picked":["Prepared","Predator"],"picked":"Dodge and Roll","floor":27}],"player_experience":345226,"potions_floor_usage":[14,14,16,25,31],"damage_taken":[{"damage":0,"enemies":"2 Louse","floor":1,"turns":4},{"damage":1,"enemies":"Cultist","floor":2,"turns":4},{"damage":0,"enemies":"Jaw Worm","floor":5,"turns":3},{"damage":24,"enemies":"Gremlin Nob","floor":6,"turns":4},{"damage":0,"enemies":"Large Slime","floor":8,"turns":3},{"damage":12,"enemies":"Exordium Wildlife","floor":10,"turns":4},{"damage":1,"enemies":"Lots of Slimes","floor":11,"turns":5},{"damage":4,"enemies":"Lagavulin","floor":12,"turns":8},{"damage":12,"enemies":"3 Sentries","floor":14,"turns":6},{"damage":7,"enemies":"The Guardian","floor":16,"turns":13},{"damage":16,"enemies":"Chosen","floor":18,"turns":5},{"damage":5,"enemies":"2 Thieves","floor":20,"turns":4},{"damage":8,"enemies":"Snake Plant","floor":21,"turns":5},{"damage":0,"enemies":"Snecko","floor":24,"turns":7},{"damage":1,"enemies":"Slavers","floor":25,"turns":9},{"damage":14,"enemies":"Sentry and Sphere","floor":27,"turns":8},{"damage":24,"enemies":"Gremlin Leader","floor":31,"turns":10}],"event_choices":[{"event_name":"Match and Keep!","player_choice":"3 cards matched","floor":3,"damage_taken":0},{"event_name":"Accursed Blacksmith","player_choice":"Forge","floor":4,"damage_taken":0},{"event_name":"Vampires","player_choice":"Ignored","floor":22,"damage_taken":0},{"event_name":"Drug Dealer","player_choice":"Got JAXXED","floor":28,"damage_taken":0},{"event_name":"The Mausoleum","player_choice":"Yes","floor":29,"damage_taken":0}],"boss_relics":[{"not_picked":["Calling Bell","White Beast Statue"],"picked":"Cursed Key"}],"potions_floor_spawned":[2,5,6,12,18,20,25],"seed_played":"2200675919521911692","killed_by":"Gremlin Leader","ascension_level":0,"is_trial":false}