{"gold_per_floor":[116,134,84,184,201,236,255,255,255,255,271,283,295,312,312,409,409,420,420,74,0,20,51,5,5,5,20,31,31,51,51,51,51],"floor_reached":33,"playtime":1606,"items_purged":["Strike_G+1"],"score":352,"play_id":"a0dd2b97-1bf8-4163-bbca-ec7048763a96","local_time":"20180928183356","is_ascension_mode":true,"campfire_choices":[{"data":"Cloak And Dagger","floor":8,"key":"SMITH"},{"data":"Accuracy","floor":10,"key":"SMITH"},{"floor":15,"key":"REST"},{"floor":25,"key":"REST"},{"floor":32,"key":"REST"}],"neow_cost":"NONE","seed_source_timestamp":292908026147939,"circlet_count":0,"master_deck":["Defend_G+1","Defend_G+1","Defend_G+1","Defend_G+1","Defend_G+1","Strike_G+1","Strike_G+1","Strike_G+1","Survivor","Neutralize","Cloak And Dagger+1","Footwork","Accuracy+1","Prepared","Deflect","Cloak And Dagger","Blade Dance","Malaise","Blade Dance+1","Finisher","Well Laid Plans","Backstab","Sucker Punch","Pain","After Image","Accuracy","Decay","Backflip"],"relics":["Ring of the Snake","Orichalcum","Dodecahedron","Paper Crane","Cursed Key","MealTicket","Blue Candle","Bird Faced Urn"],"potions_floor_usage":[12,12,16,16,23,23,33],"damage_taken":[{"damage":0,"enemies":"2 Louse","floor":1,"turns":4},{"damage":0,"enemies":"Jaw Worm","floor":2,"turns":5},{"damage":0,"enemies":"Small Slimes","floor":5,"turns":5},{"damage":24,"enemies":"3 Sentries","floor":6,"turns":18},{"damage":24,"enemies":"Exordium Thugs","floor":7,"turns":9},{"damage":13,"enemies":"3 Louse","floor":11,"turns":4},{"damage":0,"enemies":"Gremlin Gang","floor":12,"turns":8},{"damage":0,"enemies":"2 Fungi Beasts","floor":13,"turns":3},{"damage":1,"enemies":"Looter","floor":14,"turns":3},{"damage":35,"enemies":"Hexaghost","floor":16,"turns":15},{"damage":9,"enemies":"3 Byrds","floor":18,"turns":9},{"damage":0,"enemies":"Spheric Guardian","floor":22,"turns":3},{"damage":36,"enemies":"Gremlin Leader","floor":23,"turns":10},{"damage":18,"enemies":"Snake Plant","floor":27,"turns":6},{"damage":4,"enemies":"Cultist and Chosen","floor":28,"turns":8},{"damage":16,"enemies":"Shelled Parasite and Fungi","floor":30,"turns":4},{"damage":11,"enemies":"Colosseum Slavers","floor":31,"turns":5},{"damage":56,"enemies":"Collector","floor":33,"turns":5}],"seed_played":"7247000277446697628","potions_obtained":[{"floor":2,"key":"Energy Potion"},{"floor":11,"key":"Regen Potion"},{"floor":12,"key":"EssenceOfSteel"},{"floor":14,"key":"PowerPotion"},{"floor":16,"key":"EssenceOfSteel"},{"floor":18,"key":"EssenceOfSteel"},{"floor":30,"key":"Dexterity Potion"}],"is_trial":false,"path_per_floor":["M","M","?","?","M","E","M","R","T","R","M","M","M","M","R","B",null,"M","?","$","?","M","E","$","R","T","M","M","?","M","?","R"],"character_chosen":"THE_SILENT","items_purchased":["Finisher","MealTicket","Sucker Punch"],"campfire_rested":3,"item_purchase_floors":[20,20,24],"current_hp_per_floor":[63,63,63,63,63,39,15,15,15,15,2,17,17,16,37,2,53,44,44,44,44,44,8,15,36,36,24,28,28,16,15,36,0],"gold":51,"neow_bonus":"RANDOM_COMMON_RELIC","is_prod":false,"is_daily":false,"chose_seed":false,"campfire_upgraded":2,"win_rate":0,"timestamp":1538174036,"path_taken":["M","M","?","?","M","E","M","R","T","R","?","M","M","M","R","BOSS","M","?","$","?","?","E","$","R","T","M","M","?","M","?","R","BOSS"],"build_version":"2018-09-27","purchased_purges":1,"victory":false,"max_hp_per_floor":[70,70,70,70,70,70,70,70,70,70,70,70,70,70,70,70,70,70,70,70,70,70,70,70,70,70,70,70,70,70,70,70,70],"card_choices":[{"not_picked":["Eviscerate","Backflip"],"picked":"Cloak And Dagger","floor":1},{"not_picked":["Riddle With Holes","Backflip"],"picked":"Footwork","floor":2},{"not_picked":["Dagger Throw","All Out Attack"],"picked":"Accuracy","floor":5},{"not_picked":["Poisoned Stab","Dagger Throw","Deflect"],"picked":"SKIP","floor":6},{"not_picked":["Flying Knee","Acrobatics"],"picked":"Prepared","floor":7},{"not_picked":["Bane","Backflip"],"picked":"Deflect","floor":11},{"not_picked":["Leg Sweep","Underhanded Strike"],"picked":"Cloak And Dagger","floor":12},{"not_picked":["Finisher","Deadly Poison"],"picked":"Blade Dance","floor":13},{"not_picked":["Prepared","Caltrops","Backflip"],"picked":"SKIP","floor":14},{"not_picked":["Tools of the Trade","Grand Finale"],"picked":"Malaise","floor":16},{"not_picked":["Backflip","Dagger Throw"],"picked":"Blade Dance+1","floor":18},{"not_picked":["Dagger Throw+1","Catalyst+1"],"picked":"Well Laid Plans","floor":22},{"not_picked":["Calculated Gamble","Sucker Punch"],"picked":"Backstab","floor":23},{"not_picked":["Deadly Poison","Blade Dance"],"picked":"After Image","floor":27},{"not_picked":["Cloak And Dagger","Dagger Spray"],"picked":"Accuracy","floor":28},{"not_picked":["Bane","Dagger Throw"],"picked":"Backflip","floor":30}],"player_experience":908221,"relics_obtained":[{"floor":6,"key":"Dodecahedron"},{"floor":9,"key":"Paper Crane"},{"floor":23,"key":"Blue Candle"},{"floor":26,"key":"Bird Faced Urn"}],"event_choices":[{"event_name":"The Cleric","player_choice":"Card Removal","floor":3,"damage_taken":0},{"event_name":"Golden Shrine","player_choice":"Pray","floor":4,"damage_taken":0},{"event_name":"Back to Basics","player_choice":"Simplicity","floor":19,"damage_taken":0},{"event_name":"Masked Bandits","player_choice":"Paid Fearfully","floor":21,"damage_taken":0},{"event_name":"Forgotten Altar","player_choice":"Smashed Altar","floor":29,"damage_taken":0},{"event_name":"Colosseum","player_choice":"Fight","floor":31,"damage_taken":0},{"event_name":"Colosseum","player_choice":"Fled From Nobs","floor":31,"damage_taken":0}],"is_beta":true,"boss_relics":[{"not_picked":["Busted Crown","Velvet Choker"],"picked":"Cursed Key"}],"items_purged_floors":[20],"is_endless":false,"potions_floor_spawned":[2,11,12,14,16,18,30,31],"killed_by":"Collector","ascension_level":6}