{"gold_per_floor":[109,122,122,86,86,122,153,165,204,231,286,323,376,413,425,567,579,611,623,635,672,684,696],"floor_reached":23,"playtime":1422,"items_purged":[],"score":300,"play_id":"79906ed3-6ad8-4399-b0a9-4fc804022671","local_time":"20190911175148","is_ascension_mode":true,"campfire_choices":[{"data":"Flex","floor":8,"key":"SMITH"},{"data":"Infernal Blade","floor":15,"key":"SMITH"}],"neow_cost":"NONE","seed_source_timestamp":2208036305320500,"circlet_count":0,"master_deck":["Strike_R","Strike_R","Defend_R","Defend_R","Defend_R","Defend_R","Bash","Anger","Ghostly Armor","Flex+1","Headbutt","Cleave","Rage","Infernal Blade+1","Reaper","Ghostly Armor+1","Twin Strike+1","Shrug It Off+1","Headbutt+1","Havoc+1","Writhe"],"relics":["Burning Blood","NeowsBlessing","Vajra","Golden Idol","MawBank","Strawberry","Bag of Preparation","Blue Candle","Astrolabe","Blood Vial"],"potions_floor_usage":[11,11,11,23],"damage_taken":[{"damage":0,"enemies":"Small Slimes","floor":1,"turns":1},{"damage":0,"enemies":"Cultist","floor":2,"turns":1},{"damage":0,"enemies":"3 Sentries","floor":6,"turns":1},{"damage":4,"enemies":"Jaw Worm","floor":7,"turns":4},{"damage":1,"enemies":"2 Fungi Beasts","floor":10,"turns":3},{"damage":0,"enemies":"Gremlin Nob","floor":11,"turns":2},{"damage":0,"enemies":"Exordium Wildlife","floor":12,"turns":2},{"damage":25,"enemies":"Lagavulin","floor":13,"turns":5},{"damage":0,"enemies":"Large Slime","floor":14,"turns":3},{"damage":36,"enemies":"The Guardian","floor":16,"turns":9},{"damage":38,"enemies":"Chosen","floor":18,"turns":7},{"damage":23,"enemies":"2 Thieves","floor":21,"turns":5},{"damage":90,"enemies":"Book of Stabbing","floor":23,"turns":8}],"seed_played":"6023687360476964609","potions_obtained":[{"floor":2,"key":"EssenceOfSteel"},{"floor":6,"key":"Fire Potion"},{"floor":7,"key":"Swift Potion"},{"floor":10,"key":"Energy Potion"},{"floor":13,"key":"BloodPotion"}],"is_trial":false,"path_per_floor":["M","M","?","$","?","E","M","R","T","M","E","M","E","M","R","B",null,"M","$","?","M","?","E"],"character_chosen":"IRONCLAD","items_purchased":["Ghostly Armor"],"campfire_rested":0,"item_purchase_floors":[4],"current_hp_per_floor":[80,80,80,80,60,66,68,68,75,80,86,87,68,74,74,44,87,60,60,60,61,61,0],"gold":696,"neow_bonus":"THREE_ENEMY_KILL","is_prod":false,"is_daily":false,"chose_seed":false,"campfire_upgraded":2,"win_rate":0,"timestamp":1568238708,"path_taken":["M","M","?","?","?","E","M","R","T","M","E","M","E","M","R","BOSS","M","$","?","M","?","E"],"build_version":"2019-07-17","purchased_purges":0,"victory":false,"max_hp_per_floor":[80,80,80,80,80,80,80,80,87,87,87,87,87,87,87,87,87,87,87,87,87,87,87],"card_choices":[{"not_picked":["Flex","Seeing Red"],"picked":"Anger","floor":1},{"not_picked":["Corruption","Twin Strike","Perfected Strike"],"picked":"SKIP","floor":2},{"not_picked":["Body Slam","Whirlwind"],"picked":"Flex","floor":6},{"not_picked":["Power Through","Corruption"],"picked":"Headbutt","floor":7},{"not_picked":["Seeing Red","Fire Breathing"],"picked":"Cleave","floor":10},{"not_picked":["Searing Blow","Juggernaut"],"picked":"Rage","floor":11},{"not_picked":["Body Slam","Havoc","Reckless Charge"],"picked":"SKIP","floor":12},{"not_picked":["Power Through","Havoc","Perfected Strike"],"picked":"SKIP","floor":13},{"not_picked":["Perfected Strike","Cleave"],"picked":"Infernal Blade","floor":14},{"not_picked":["Berserk","Offering"],"picked":"Reaper","floor":16},{"not_picked":["Shrug It Off","Rage"],"picked":"Headbutt+1","floor":18},{"not_picked":["Sword Boomerang","Headbutt"],"picked":"Havoc+1","floor":21}],"player_experience":361674,"relics_obtained":[{"floor":6,"key":"MawBank"},{"floor":9,"key":"Strawberry"},{"floor":11,"key":"Bag of Preparation"},{"floor":13,"key":"Blue Candle"}],"event_choices":[{"damage_healed":0,"gold_gain":0,"player_choice":"Gave Potion","damage_taken":0,"relics_obtained":["Vajra"],"max_hp_gain":0,"max_hp_loss":0,"event_name":"WeMeetAgain","floor":3,"gold_loss":0},{"damage_healed":0,"gold_gain":0,"player_choice":"Take Damage","damage_taken":20,"relics_obtained":["Golden Idol"],"max_hp_gain":0,"max_hp_loss":0,"event_name":"Golden Idol","floor":5,"gold_loss":0},{"damage_healed":0,"gold_gain":0,"player_choice":"Ignored","damage_taken":0,"max_hp_gain":0,"max_hp_loss":0,"event_name":"Ghosts","floor":20,"gold_loss":0},{"damage_healed":0,"gold_gain":0,"player_choice":"Opened","damage_taken":0,"relics_obtained":["Blood Vial"],"max_hp_gain":0,"max_hp_loss":0,"event_name":"The Mausoleum","floor":22,"gold_loss":0,"cards_obtained":["Writhe"]}],"is_beta":false,"boss_relics":[{"not_picked":["White Beast Statue","Runic Pyramid"],"picked":"Astrolabe"}],"items_purged_floors":[],"is_endless":false,"potions_floor_spawned":[2,6,7,10,13],"killed_by":"Book of Stabbing","ascension_level":3}