{"gold_per_floor":[214,49,49,59,74,74,90,121,121,148,160,160,160,181,181,286,286,297,20,20,40,40,40,65,65,65,65,95,106,120,152,152,251,251,266,280,188,1187,1238,1238,1267,1267,1267,1298,1314,1326,1326,1340,1340,1340],"floor_reached":51,"playtime":1223,"items_purged":["Sever Soul"],"score":923,"play_id":"f2196e35-5b18-4b31-b7c5-3e943f247b9d","local_time":"20190311224217","is_ascension_mode":false,"campfire_choices":[{"data":"Apotheosis","floor":6,"key":"SMITH"},{"data":"1","floor":12,"key":"LIFT"},{"data":"2","floor":15,"key":"LIFT"},{"data":"3","floor":23,"key":"LIFT"},{"floor":25,"key":"DIG"},{"floor":27,"key":"DIG"},{"data":"Limit Break","floor":32,"key":"SMITH"},{"floor":40,"key":"DIG"},{"floor":42,"key":"REST"},{"floor":47,"key":"DIG"},{"floor":49,"key":"DIG"}],"neow_cost":"NONE","seed_source_timestamp":1753003461659387,"circlet_count":0,"master_deck":["Bash","Apotheosis+1","Clash","Uppercut","Clash","Anger","Sword Boomerang","Havoc","Heavy Blade","Inflame","Spot Weakness","Reckless Charge","Reaper","Clash+1","Limit Break+1","Limit Break","Madness"],"relics":["Burning Blood","Calipers","Shovel","Girya","Odd Mushroom","Pandora\u0027s Box","Medical Kit","Nilry\u0027s Codex","Matryoshka","Omamori","Mango","Darkstone Periapt","Self Forming Clay","Gremlin Horn","Pear","Boot","Fusion Hammer","Dead Branch","Regal Pillow","Anchor","Bottled Tornado","Frozen Egg 2","Centennial Puzzle","Orichalcum","Pen Nib"],"potions_floor_usage":[24,44,50],"damage_taken":[{"damage":0,"enemies":"2 Louse","floor":1,"turns":4},{"damage":1,"enemies":"Cultist","floor":4,"turns":4},{"damage":11,"enemies":"Jaw Worm","floor":5,"turns":2},{"damage":7,"enemies":"Blue Slaver","floor":7,"turns":2},{"damage":12,"enemies":"Lagavulin","floor":8,"turns":4},{"damage":14,"enemies":"Gremlin Nob","floor":10,"turns":3},{"damage":0,"enemies":"3 Louse","floor":11,"turns":3},{"damage":17,"enemies":"The Mushroom Lair","floor":14,"turns":4},{"damage":7,"enemies":"The Guardian","floor":16,"turns":6},{"damage":6,"enemies":"Chosen","floor":18,"turns":3},{"damage":0,"enemies":"Spheric Guardian","floor":21,"turns":2},{"damage":25,"enemies":"Gremlin Leader","floor":24,"turns":4},{"damage":25,"enemies":"Slavers","floor":28,"turns":3},{"damage":15,"enemies":"Snake Plant","floor":29,"turns":2},{"damage":10,"enemies":"Shelled Parasite and Fungi","floor":30,"turns":2},{"damage":24,"enemies":"Book of Stabbing","floor":31,"turns":3},{"damage":26,"enemies":"Champ","floor":33,"turns":4},{"damage":15,"enemies":"Orb Walker","floor":35,"turns":2},{"damage":3,"enemies":"3 Shapes","floor":36,"turns":1},{"damage":37,"enemies":"2 Orb Walkers","floor":39,"turns":3},{"damage":16,"enemies":"Giant Head","floor":41,"turns":3},{"damage":1,"enemies":"Reptomancer","floor":44,"turns":2},{"damage":0,"enemies":"Sphere and 2 Shapes","floor":45,"turns":1},{"damage":5,"enemies":"Maw","floor":46,"turns":3},{"damage":0,"enemies":"Spire Growth","floor":48,"turns":2},{"damage":28,"enemies":"Awakened One","floor":50,"turns":4}],"seed_played":"7058826560460956264","potions_obtained":[{"floor":7,"key":"FearPotion"},{"floor":10,"key":"Block Potion"},{"floor":16,"key":"Swift Potion"},{"floor":31,"key":"Ancient Potion"},{"floor":44,"key":"Explosive Potion"}],"is_trial":false,"path_per_floor":["M","$","?","M","M","R","M","E","T","E","M","R","?","?","R","B",null,"M","$","?","M","?","R","E","R","T","R","E","M","M","E","R","B",null,"M","M","$","?","?","R","E","R","T","E","M","M","R","M","R","B",null],"character_chosen":"IRONCLAD","items_purchased":["Apotheosis","Medical Kit","Madness"],"campfire_rested":1,"item_purchase_floors":[2,19,37],"current_hp_per_floor":[80,80,80,80,75,75,74,68,68,60,66,66,66,55,55,54,80,80,80,64,70,70,70,80,94,94,94,85,76,72,69,69,80,104,95,98,98,98,73,73,63,104,104,104,104,104,104,104,104,92],"gold":1340,"neow_bonus":"HUNDRED_GOLD","is_prod":false,"is_daily":false,"chose_seed":false,"campfire_upgraded":2,"win_rate":0,"timestamp":1552358537,"path_taken":["M","$","?","?","M","R","M","E","T","E","M","R","?","?","R","BOSS","M","$","?","M","?","R","E","R","T","R","E","?","M","E","R","BOSS","M","M","$","?","?","R","E","R","T","E","?","M","R","M","R","BOSS"],"build_version":"2019-01-23","purchased_purges":1,"victory":true,"max_hp_per_floor":[80,80,80,80,80,80,80,80,80,80,80,80,80,80,80,80,80,80,80,80,80,80,80,80,94,94,94,104,104,104,104,104,104,104,104,104,104,104,104,104,104,104,104,104,104,104,104,104,104,104],"card_choices":[{"not_picked":["Iron Wave","Wild Strike","Dropkick"],"picked":"SKIP","floor":1},{"not_picked":["Headbutt","Wild Strike"],"picked":"Clash","floor":4},{"not_picked":["Havoc","Iron Wave"],"picked":"Uppercut","floor":5},{"not_picked":["Rage","Feel No Pain"],"picked":"Clash","floor":7},{"not_picked":["Feel No Pain","Perfected Strike","Anger"],"picked":"SKIP","floor":8},{"not_picked":["Feel No Pain","Perfected Strike"],"picked":"Anger","floor":8},{"not_picked":["Heavy Blade","Wild Strike","Body Slam"],"picked":"SKIP","floor":10},{"not_picked":["Immolate","Spot Weakness","Cleave"],"picked":"SKIP","floor":11},{"not_picked":["True Grit","Pommel Strike"],"picked":"Sword Boomerang","floor":14},{"not_picked":["Sever Soul","Thunderclap"],"picked":"Clash+1","floor":18},{"not_picked":["Ghostly Armor+1","Headbutt","Feel No Pain"],"picked":"SKIP","floor":21},{"not_picked":["Carnage+1","Corruption","Twin Strike"],"picked":"SKIP","floor":24},{"not_picked":["Reckless Charge","Pommel Strike+1","Heavy Blade"],"picked":"SKIP","floor":28},{"not_picked":["Hemokinesis","Sever Soul+1","Cleave+1"],"picked":"SKIP","floor":29},{"not_picked":["Disarm","Evolve","Havoc"],"picked":"SKIP","floor":30},{"not_picked":["Pommel Strike","Anger"],"picked":"Limit Break","floor":31},{"not_picked":["Feed","Berserk"],"picked":"Limit Break","floor":33},{"not_picked":["Intimidate","Thunderclap","Feel No Pain+1"],"picked":"SKIP","floor":35},{"not_picked":["Metallicize","Wild Strike+1","Thunderclap+1"],"picked":"SKIP","floor":36},{"not_picked":["Infernal Blade","Headbutt","Pommel Strike+1"],"picked":"SKIP","floor":41},{"not_picked":["Limit Break","Fire Breathing+1","Anger+1"],"picked":"SKIP","floor":44},{"not_picked":["Metallicize+1","Infernal Blade+1","Havoc"],"picked":"SKIP","floor":45},{"not_picked":["Metallicize+1","Shrug It Off","Warcry"],"picked":"SKIP","floor":46},{"not_picked":["Wild Strike","Body Slam+1","Anger"],"picked":"SKIP","floor":48}],"player_experience":716398,"relics_obtained":[{"floor":8,"key":"Calipers"},{"floor":9,"key":"Shovel"},{"floor":10,"key":"Girya"},{"floor":14,"key":"Odd Mushroom"},{"floor":20,"key":"Nilry\u0027s Codex"},{"floor":24,"key":"Omamori"},{"floor":25,"key":"Mango"},{"floor":26,"key":"Darkstone Periapt"},{"floor":26,"key":"Self Forming Clay"},{"floor":27,"key":"Gremlin Horn"},{"floor":28,"key":"Pear"},{"floor":31,"key":"Boot"},{"floor":39,"key":"Dead Branch"},{"floor":40,"key":"Regal Pillow"},{"floor":41,"key":"Anchor"},{"floor":43,"key":"Bottled Tornado"},{"floor":43,"key":"Frozen Egg 2"},{"floor":44,"key":"Centennial Puzzle"},{"floor":47,"key":"Orichalcum"},{"floor":49,"key":"Pen Nib"}],"event_choices":[{"cards_removed":["Strike_R"],"damage_healed":0,"gold_gain":0,"player_choice":"Purged","damage_taken":0,"max_hp_gain":0,"max_hp_loss":0,"event_name":"Purifier","floor":3,"gold_loss":0},{"damage_healed":0,"gold_gain":0,"player_choice":"Ignored","damage_taken":0,"max_hp_gain":0,"max_hp_loss":0,"event_name":"Liars Game","floor":13,"gold_loss":0},{"damage_healed":0,"gold_gain":0,"player_choice":"Fought Mushrooms","damage_taken":0,"max_hp_gain":0,"max_hp_loss":0,"event_name":"Mushrooms","floor":14,"gold_loss":0},{"damage_healed":0,"gold_gain":0,"player_choice":"Obtained Book","damage_taken":16,"max_hp_gain":0,"max_hp_loss":0,"event_name":"Cursed Tome","floor":20,"gold_loss":0},{"cards_removed":["Inflame"],"damage_healed":0,"gold_gain":0,"player_choice":"Gave Card","damage_taken":0,"relics_obtained":["Matryoshka"],"max_hp_gain":0,"max_hp_loss":0,"event_name":"WeMeetAgain","floor":22,"gold_loss":0},{"damage_healed":0,"gold_gain":999,"player_choice":"Gold","damage_taken":0,"max_hp_gain":0,"max_hp_loss":0,"event_name":"MindBloom","floor":38,"gold_loss":0,"cards_obtained":["Normality","Normality"]},{"damage_healed":0,"gold_gain":0,"player_choice":"Fight","damage_taken":0,"max_hp_gain":0,"max_hp_loss":0,"event_name":"Mysterious Sphere","floor":39,"gold_loss":0}],"is_beta":false,"boss_relics":[{"not_picked":["Runic Pyramid","Calling Bell"],"picked":"Pandora\u0027s Box"},{"not_picked":["White Beast Statue","Empty Cage"],"picked":"Fusion Hammer"}],"items_purged_floors":[19],"is_endless":false,"potions_floor_spawned":[7,10,16,21,31,33,44,45,46],"ascension_level":0}