{"gold_per_floor":[116,132,132,132,151,194,213,213,263,315,383,414,426,453,465,597,609,635,647,659,46,71,110,110,175,175,195,195,219,419,140,140,269,269,290,306,325,349,2,40,40,76,102,143,143,268,283,326,326,326],"floor_reached":51,"playtime":7981,"items_purged":[],"score":1033,"play_id":"592a9f1e-7244-499e-81a4-e8a37d897298","local_time":"20190723195021","is_ascension_mode":true,"campfire_choices":[{"data":"Dash","floor":8,"key":"SMITH"},{"floor":13,"key":"REST"},{"floor":15,"key":"REST"},{"floor":24,"key":"REST"},{"floor":32,"key":"REST"},{"data":"1","floor":41,"key":"LIFT"},{"data":"2","floor":45,"key":"LIFT"},{"floor":49,"key":"REST"}],"neow_cost":"NONE","seed_source_timestamp":53147126247699,"circlet_count":0,"master_deck":["Strike_G","Strike_G","Strike_G","Strike_G","Strike_G","Defend_G","Defend_G","Defend_G","Defend_G","Defend_G","Survivor","Neutralize","Dash+1","Quick Slash","Accuracy","Dark Shackles+1","A Thousand Cuts","Infinite Blades","Outmaneuver","Bane","Endless Agony","Dodge and Roll","Dagger Spray","Adrenaline","Cloak And Dagger+1","Caltrops","Slice+1","Leg Sweep+1","Predator+1","Footwork+1","Heel Hook+1","Venomology","Endless Agony+1","Escape Plan+1","Endless Agony","Blade Dance+1","Dash+1","Catalyst+1","PiercingWail","Cloak And Dagger","Terror","Well Laid Plans+1"],"relics":["Black Star","Golden Idol","Bottled Lightning","Snake Skull","MawBank","Nunchaku","Girya","WristBlade","Singing Bowl","The Specimen","Dead Branch","Tingsha","Question Card","Tiny Chest","Ornamental Fan","Torii","Happy Flower","Fusion Hammer","Toy Ornithopter","Blood Vial","Dream Catcher","Gremlin Horn","Mummified Hand","Gambling Chip","War Paint","Strawberry","Unceasing Top","Mango","Regal Pillow","Bird Faced Urn"],"potions_floor_usage":[6,6,14,16,23,23,25,33,33,36,37,38,40,40,42,44,46,46,46,50],"damage_taken":[{"damage":2,"enemies":"Small Slimes","floor":1,"turns":5},{"damage":1,"enemies":"Jaw Worm","floor":2,"turns":5},{"damage":0,"enemies":"Cultist","floor":5,"turns":5},{"damage":11,"enemies":"3 Sentries","floor":6,"turns":6},{"damage":0,"enemies":"Large Slime","floor":7,"turns":6},{"damage":38,"enemies":"Gremlin Nob","floor":10,"turns":6},{"damage":1,"enemies":"Exordium Wildlife","floor":12,"turns":5},{"damage":11,"enemies":"3 Louse","floor":14,"turns":3},{"damage":47,"enemies":"The Guardian","floor":16,"turns":16},{"damage":24,"enemies":"Chosen","floor":18,"turns":7},{"damage":17,"enemies":"3 Byrds","floor":22,"turns":5},{"damage":4,"enemies":"Book of Stabbing","floor":23,"turns":4},{"damage":30,"enemies":"Slavers","floor":25,"turns":6},{"damage":1,"enemies":"Shelled Parasite and Fungi","floor":27,"turns":7},{"damage":6,"enemies":"Colosseum Slavers","floor":28,"turns":4},{"damage":0,"enemies":"Snecko","floor":29,"turns":5},{"damage":0,"enemies":"Champ","floor":33,"turns":9},{"damage":12,"enemies":"Orb Walker","floor":35,"turns":4},{"damage":0,"enemies":"3 Darklings","floor":36,"turns":4},{"damage":7,"enemies":"Sphere and 2 Shapes","floor":37,"turns":4},{"damage":0,"enemies":"Transient","floor":38,"turns":5},{"damage":13,"enemies":"Nemesis","floor":40,"turns":7},{"damage":1,"enemies":"Giant Head","floor":42,"turns":7},{"damage":0,"enemies":"Reptomancer","floor":44,"turns":2},{"damage":8,"enemies":"Mind Bloom Boss Battle","floor":46,"turns":4},{"damage":23,"enemies":"4 Shapes","floor":47,"turns":2},{"damage":0,"enemies":"Nemesis","floor":48,"turns":4},{"damage":23,"enemies":"Awakened One","floor":50,"turns":8}],"seed_played":"-5552990275476913557","potions_obtained":[{"floor":1,"key":"PowerPotion"},{"floor":2,"key":"Energy Potion"},{"floor":12,"key":"SpeedPotion"},{"floor":14,"key":"Ancient Potion"},{"floor":16,"key":"FearPotion"},{"floor":18,"key":"Fire Potion"},{"floor":22,"key":"GamblersBrew"},{"floor":29,"key":"Swift Potion"},{"floor":35,"key":"Poison Potion"},{"floor":42,"key":"LiquidBronze"},{"floor":44,"key":"GamblersBrew"},{"floor":48,"key":"Regen Potion"}],"is_trial":false,"path_per_floor":["M","M","?","?","M","E","M","R","T","E","?","M","R","M","R","B",null,"M","?","?","$","M","E","R","E","T","M","?","M","?","$","R","B",null,"M","M","M","M","$","E","R","E","T","E","R","?","M","E","R","B",null],"character_chosen":"THE_SILENT","items_purchased":["The Specimen","Dead Branch","Caltrops","Happy Flower","EssenceOfSteel","PowerPotion","Toy Ornithopter","Blood Vial"],"campfire_rested":5,"item_purchase_floors":[21,21,21,31,31,31,39,39],"current_hp_per_floor":[68,67,67,67,67,56,56,56,56,18,18,17,38,27,48,1,70,46,46,46,46,29,25,46,16,16,15,9,9,9,9,30,30,70,58,60,53,53,53,52,52,58,58,72,72,85,64,66,93,82],"gold":326,"neow_bonus":"BOSS_RELIC","is_prod":false,"is_daily":false,"chose_seed":false,"campfire_upgraded":1,"win_rate":0,"timestamp":1563925821,"path_taken":["M","M","?","?","M","E","?","R","T","E","?","M","R","M","R","BOSS","M","?","?","$","?","E","R","E","T","M","?","M","?","$","R","BOSS","M","M","?","M","$","E","R","E","T","E","R","?","M","E","R","BOSS"],"build_version":"2019-07-17","purchased_purges":0,"victory":true,"max_hp_per_floor":[70,70,70,70,70,70,70,70,70,70,70,70,70,70,70,70,70,70,70,70,70,70,70,70,70,70,70,70,70,70,70,70,70,70,70,72,72,72,72,72,72,72,72,79,79,93,93,93,93,93],"card_choices":[{"not_picked":["Backstab","Choke"],"picked":"Dash","floor":1},{"not_picked":["Poisoned Stab","Dodge and Roll"],"picked":"Quick Slash","floor":2},{"not_picked":["Prepared","Reflex"],"picked":"Infinite Blades","floor":5},{"not_picked":["Tactician","Sucker Punch"],"picked":"Outmaneuver","floor":6},{"not_picked":["Underhanded Strike","Heel Hook"],"picked":"Bane","floor":7},{"not_picked":["Dagger Throw","Underhanded Strike"],"picked":"Endless Agony","floor":10},{"not_picked":["Doppelganger","Dagger Throw"],"picked":"Dodge and Roll","floor":12},{"not_picked":["Crippling Poison","Bane"],"picked":"Dagger Spray","floor":14},{"not_picked":["Burst","Malaise"],"picked":"Adrenaline","floor":16},{"not_picked":["Prepared+1","Choke+1"],"picked":"Cloak And Dagger+1","floor":18},{"not_picked":["Deflect","Sucker Punch"],"picked":"Slice+1","floor":22},{"not_picked":["Masterful Stab","Eviscerate"],"picked":"Leg Sweep+1","floor":23},{"not_picked":["Caltrops+1","Outmaneuver+1","Finisher"],"picked":"Predator+1","floor":25},{"not_picked":["Heel Hook","Skewer","Choke"],"picked":"Footwork+1","floor":27},{"not_picked":["Deflect","Sucker Punch","Acrobatics"],"picked":"Heel Hook+1","floor":29},{"not_picked":["Malaise","Corpse Explosion","Tools of the Trade"],"picked":"Venomology","floor":33},{"not_picked":["Backflip+1","Terror+1","Sucker Punch"],"picked":"Endless Agony+1","floor":35},{"not_picked":["Sucker Punch","Bane","All Out Attack","Poisoned Stab+1"],"picked":"Singing Bowl","floor":36},{"not_picked":["Bouncing Flask+1","Acrobatics","Poisoned Stab"],"picked":"Escape Plan+1","floor":37},{"not_picked":["Dash+1","Outmaneuver+1","Eviscerate+1"],"picked":"Endless Agony","floor":38},{"not_picked":["Caltrops","Poisoned Stab+1","Sucker Punch+1"],"picked":"Blade Dance","floor":40},{"not_picked":["Poisoned Stab+1","Eviscerate+1","Crippling Poison"],"picked":"Dash+1","floor":42},{"not_picked":["Crippling Poison","Skewer+1","Acrobatics"],"picked":"Catalyst+1","floor":44},{"not_picked":["Dagger Throw","Night Terror","Poisoned Stab+1"],"picked":"PiercingWail","floor":46},{"not_picked":["Masterful Stab","Flechettes","Acrobatics"],"picked":"Cloak And Dagger","floor":47},{"not_picked":["Dash","Well Laid Plans+1","PiercingWail"],"picked":"Terror","floor":48},{"not_picked":["Dagger Spray+1","Prepared","Dagger Throw"],"picked":"Well Laid Plans+1","floor":49}],"player_experience":175059,"relics_obtained":[{"floor":6,"key":"Bottled Lightning"},{"floor":6,"key":"Snake Skull"},{"floor":9,"key":"MawBank"},{"floor":10,"key":"Nunchaku"},{"floor":10,"key":"Girya"},{"floor":23,"key":"Tingsha"},{"floor":23,"key":"Question Card"},{"floor":25,"key":"Tiny Chest"},{"floor":25,"key":"Ornamental Fan"},{"floor":26,"key":"Torii"},{"floor":40,"key":"Dream Catcher"},{"floor":40,"key":"Gremlin Horn"},{"floor":42,"key":"Mummified Hand"},{"floor":42,"key":"Gambling Chip"},{"floor":43,"key":"War Paint"},{"floor":44,"key":"Strawberry"},{"floor":44,"key":"Unceasing Top"},{"floor":46,"key":"Mango"},{"floor":48,"key":"Regal Pillow"},{"floor":48,"key":"Bird Faced Urn"}],"event_choices":[{"damage_healed":0,"gold_gain":0,"player_choice":"Take Wound","damage_taken":0,"relics_obtained":["Golden Idol"],"max_hp_gain":0,"max_hp_loss":0,"event_name":"Golden Idol","floor":3,"gold_loss":0,"cards_obtained":["Injury"]},{"damage_healed":0,"gold_gain":0,"player_choice":"3 cards matched","damage_taken":0,"max_hp_gain":0,"max_hp_loss":0,"event_name":"Match and Keep!","floor":4,"gold_loss":0,"cards_obtained":["Accuracy","Dark Shackles","A Thousand Cuts"]},{"damage_healed":0,"gold_gain":56,"player_choice":"Gained Gold","damage_taken":0,"max_hp_gain":0,"max_hp_loss":0,"event_name":"Golden Wing","floor":11,"gold_loss":0},{"damage_healed":0,"gold_gain":0,"player_choice":"Opened","damage_taken":0,"relics_obtained":["Singing Bowl"],"max_hp_gain":0,"max_hp_loss":0,"event_name":"The Mausoleum","floor":19,"gold_loss":0,"cards_obtained":["Writhe"]},{"cards_removed":["Writhe","Injury"],"damage_healed":0,"gold_gain":0,"player_choice":"Removed Curses","damage_taken":0,"max_hp_gain":0,"max_hp_loss":0,"event_name":"Fountain of Cleansing","floor":20,"gold_loss":0},{"damage_healed":0,"gold_gain":0,"player_choice":"Fight","damage_taken":0,"max_hp_gain":0,"max_hp_loss":0,"event_name":"Colosseum","floor":28,"gold_loss":0},{"damage_healed":0,"gold_gain":0,"player_choice":"Fled From Nobs","damage_taken":0,"max_hp_gain":0,"max_hp_loss":0,"event_name":"Colosseum","floor":28,"gold_loss":0},{"damage_healed":0,"gold_gain":200,"player_choice":"Gold","damage_taken":0,"max_hp_gain":0,"max_hp_loss":0,"event_name":"Wheel of Change","floor":30,"gold_loss":0},{"damage_healed":0,"gold_gain":0,"player_choice":"Fight","damage_taken":0,"max_hp_gain":0,"max_hp_loss":0,"event_name":"MindBloom","floor":46,"gold_loss":0}],"is_beta":false,"boss_relics":[{"not_picked":["Sozu","Pandora\u0027s Box"],"picked":"WristBlade"},{"not_picked":["HoveringKite","Runic Dome"],"picked":"Fusion Hammer"}],"items_purged_floors":[],"is_endless":false,"potions_floor_spawned":[1,2,12,14,16,18,22,28,29,35,38,42,44,48],"ascension_level":1}