{"gold_per_floor":[118,118,135,60,60,60,60,85,155,155,168,185,205,205,205,301,301,318,47,59,59,59,59,88,88,88,88,108,118,134,144,144,144],"floor_reached":33,"playtime":694,"items_purged":["Strike_R","Strike_R"],"score":460,"play_id":"5774264b-8e4a-41b8-8d54-dc0cf18f45a3","local_time":"20181019164433","is_ascension_mode":true,"campfire_choices":[{"data":"Searing Blow","floor":6,"key":"SMITH"},{"data":"Searing Blow+1","floor":10,"key":"SMITH"},{"floor":15,"key":"REST"},{"data":"Apotheosis","floor":23,"key":"SMITH"},{"data":"Searing Blow+2","floor":25,"key":"SMITH"},{"data":"Searing Blow+3","floor":27,"key":"SMITH"},{"data":"Searing Blow+4","floor":32,"key":"SMITH"}],"neow_cost":"NONE","seed_source_timestamp":1041764977488859,"circlet_count":0,"master_deck":["Strike_R","Strike_R","Defend_R","Defend_R+1","Defend_R","Defend_R+1","Bash","Cleave","Searing Blow+5","Pummel+1","Headbutt+1","Apotheosis+1","True Grit"],"relics":["Burning Blood","Boot","War Paint","Vajra","Ornamental Fan","Velvet Choker","Turnip","Omamori"],"potions_floor_usage":[16,16,16,24,33],"damage_taken":[{"damage":7,"enemies":"Jaw Worm","floor":1,"turns":3},{"damage":0,"enemies":"Small Slimes","floor":3,"turns":3},{"damage":40,"enemies":"Lagavulin","floor":8,"turns":7},{"damage":0,"enemies":"2 Louse","floor":11,"turns":2},{"damage":7,"enemies":"Looter","floor":12,"turns":4},{"damage":10,"enemies":"Red Slaver","floor":13,"turns":4},{"damage":0,"enemies":"Slime Boss","floor":16,"turns":7},{"damage":4,"enemies":"Chosen","floor":18,"turns":3},{"damage":22,"enemies":"2 Thieves","floor":20,"turns":3},{"damage":41,"enemies":"Book of Stabbing","floor":24,"turns":5},{"damage":0,"enemies":"Snake Plant","floor":28,"turns":2},{"damage":2,"enemies":"Chosen and Byrds","floor":29,"turns":3},{"damage":14,"enemies":"Snecko","floor":30,"turns":3},{"damage":8,"enemies":"Centurion and Healer","floor":31,"turns":4},{"damage":50,"enemies":"Automaton","floor":33,"turns":8}],"seed_played":"-919669555265800370","potions_obtained":[{"floor":8,"key":"Explosive Potion"},{"floor":11,"key":"EntropicBrew"},{"floor":13,"key":"SkillPotion"},{"floor":29,"key":"Strength Potion"}],"is_trial":false,"path_per_floor":["M","?","M","$","?","R","?","E","T","R","M","M","M","?","R","B",null,"M","$","M","?","?","R","E","R","T","R","M","M","M","M","R"],"character_chosen":"IRONCLAD","items_purchased":["Apotheosis"],"campfire_rested":1,"item_purchase_floors":[19],"current_hp_per_floor":[71,71,77,77,59,59,59,25,25,25,31,30,26,10,34,40,70,72,72,56,56,56,56,21,21,21,21,27,31,23,21,21,0],"gold":144,"neow_bonus":"RANDOM_COMMON_RELIC","is_prod":false,"is_daily":false,"chose_seed":false,"campfire_upgraded":6,"win_rate":0,"timestamp":1539981873,"path_taken":["M","?","M","$","?","R","?","E","T","R","M","?","M","?","R","BOSS","M","$","M","?","?","R","E","R","T","R","?","M","M","M","R","BOSS"],"build_version":"2018-10-18","purchased_purges":2,"victory":false,"max_hp_per_floor":[80,80,80,80,80,80,80,80,80,80,80,80,80,80,80,80,80,80,80,80,80,80,80,80,80,80,80,80,80,80,80,80,80],"card_choices":[{"not_picked":["Heavy Blade","Havoc"],"picked":"Cleave","floor":1},{"not_picked":["Thunderclap","Perfected Strike"],"picked":"Searing Blow","floor":3},{"not_picked":["Iron Wave","Bloodletting"],"picked":"Pummel","floor":8},{"not_picked":["Rage","Intimidate","Heavy Blade"],"picked":"SKIP","floor":11},{"not_picked":["Clash","Double Tap","Havoc"],"picked":"SKIP","floor":12},{"not_picked":["Pommel Strike","Clash"],"picked":"Headbutt","floor":13},{"not_picked":["Pommel Strike","Bloodletting+1","Havoc"],"picked":"SKIP","floor":18},{"not_picked":["Wild Strike","Disarm","Perfected Strike"],"picked":"SKIP","floor":20},{"not_picked":["Hemokinesis","Whirlwind","Anger"],"picked":"SKIP","floor":24},{"not_picked":["Headbutt","Heavy Blade+1","Spot Weakness"],"picked":"SKIP","floor":28},{"not_picked":["Fiend Fire","Flex"],"picked":"True Grit","floor":29},{"not_picked":["Warcry","Headbutt","Ghostly Armor"],"picked":"SKIP","floor":30},{"not_picked":["Heavy Blade+1","Armaments","Searing Blow+1"],"picked":"SKIP","floor":31}],"player_experience":940841,"relics_obtained":[{"floor":8,"key":"Vajra"},{"floor":9,"key":"Ornamental Fan"},{"floor":24,"key":"Turnip"},{"floor":26,"key":"Omamori"}],"event_choices":[{"damage_healed":0,"gold_gain":0,"player_choice":"Ignored","damage_taken":0,"max_hp_gain":0,"max_hp_loss":0,"event_name":"Liars Game","floor":2,"gold_loss":0},{"damage_healed":0,"gold_gain":0,"player_choice":"Success","damage_taken":18,"relics_obtained":["War Paint"],"max_hp_gain":0,"max_hp_loss":0,"event_name":"Scrap Ooze","floor":5,"gold_loss":0},{"cards_removed":["Strike_R"],"damage_healed":0,"gold_gain":0,"player_choice":"Purged","damage_taken":0,"max_hp_gain":0,"max_hp_loss":0,"event_name":"Purifier","floor":7,"gold_loss":0},{"damage_healed":0,"gold_gain":0,"player_choice":"Entered Light","damage_taken":16,"max_hp_gain":0,"max_hp_loss":0,"event_name":"Shining Light","floor":14,"gold_loss":0,"cards_upgraded":["Headbutt","Pummel"]},{"damage_healed":0,"gold_gain":0,"player_choice":"Ignored","damage_taken":0,"max_hp_gain":0,"max_hp_loss":0,"event_name":"Vampires","floor":22,"gold_loss":0}],"is_beta":true,"boss_relics":[{"not_picked":["Eternal Feather","Ectoplasm"],"picked":"Velvet Choker"}],"items_purged_floors":[4,19],"is_endless":false,"potions_floor_spawned":[8,11,13,16,20,29],"killed_by":"Automaton","ascension_level":9}