{"gold_per_floor":[112,187,187,205,34,34,64,64,64,83,93,58,58,85,85,156,156,168,168,181,191,211,211,230,230,230,230,230,298,330,44,44,115,115,125,125,144,69,87,116,266,266,266,266,316,366,0,13,13,13,13],"floor_reached":52,"playtime":1760,"items_purged":["Strike_R"],"score":1816,"play_id":"652a390c-be8a-4773-984c-29d11cd382b6","local_time":"20190915184912","is_ascension_mode":true,"campfire_choices":[{"data":"Inflame","floor":6.0,"key":"SMITH"},{"data":"Pommel Strike","floor":8.0,"key":"SMITH"},{"data":"Metallicize","floor":13.0,"key":"SMITH"},{"data":"Flex","floor":15.0,"key":"SMITH"},{"floor":23.0,"key":"REST"},{"floor":25.0,"key":"REST"},{"data":"RitualDagger","floor":28.0,"key":"SMITH"},{"data":"Whirlwind","floor":32.0,"key":"SMITH"},{"data":"Disarm","floor":42.0,"key":"SMITH"},{"data":"Double Tap","floor":44.0,"key":"SMITH"},{"data":"Clothesline","floor":49.0,"key":"SMITH"}],"neow_cost":"NONE","seed_source_timestamp":103358594245100,"circlet_count":0,"master_deck":["AscendersBane","Strike_R","Strike_R","Strike_R","Strike_R","Defend_R+1","Defend_R","Defend_R","Defend_R","Pommel Strike+1","Inflame+1","Reaper","Metallicize+1","Flex+1","Shrug It Off","Double Tap+1","Clothesline+1","RitualDagger+1","Shrug It Off","Sword Boomerang+1","Whirlwind+1","Disarm+1","Shockwave+1","Dropkick","Juggernaut+1","Armaments+1","Disarm+1","Feel No Pain+1"],"special_seed":0,"relics":["Burning Blood","NeowsBlessing","Red Skull","Orichalcum","Bottled Tornado","Frozen Egg 2","SlaversCollar","Eternal Feather","SsserpentHead","Prayer Wheel","Mummified Hand","Snecko Eye","Juzu Bracelet","StoneCalendar","Strawberry","Red Mask"],"potions_floor_usage":[50,50],"damage_taken":[{"damage":0.0,"enemies":"Jaw Worm","floor":1.0,"turns":1.0},{"damage":0.0,"enemies":"2 Louse","floor":4.0,"turns":1.0},{"damage":0.0,"enemies":"Lagavulin","floor":7.0,"turns":1.0},{"damage":0.0,"enemies":"Cultist","floor":10.0,"turns":3.0},{"damage":13.0,"enemies":"Large Slime","floor":11.0,"turns":4.0},{"damage":20.0,"enemies":"Gremlin Nob","floor":14.0,"turns":4.0},{"damage":62.0,"enemies":"Hexaghost","floor":16.0,"turns":11.0},{"damage":25.0,"enemies":"Shell Parasite","floor":18.0,"turns":6.0},{"damage":5.0,"enemies":"Spheric Guardian","floor":20.0,"turns":3.0},{"damage":36.0,"enemies":"Snake Plant","floor":21.0,"turns":5.0},{"damage":17.0,"enemies":"Snecko","floor":22.0,"turns":4.0},{"damage":21.0,"enemies":"Sentry and Sphere","floor":24.0,"turns":5.0},{"damage":55.0,"enemies":"3 Cultists","floor":29.0,"turns":6.0},{"damage":9.0,"enemies":"Slavers","floor":30.0,"turns":4.0},{"damage":65.0,"enemies":"Automaton","floor":33.0,"turns":9.0},{"damage":6.0,"enemies":"3 Shapes","floor":35.0,"turns":6.0},{"damage":2.0,"enemies":"Orb Walker","floor":37.0,"turns":2.0},{"damage":18.0,"enemies":"Spire Growth","floor":39.0,"turns":3.0},{"damage":23.0,"enemies":"Reptomancer","floor":40.0,"turns":5.0},{"damage":14.0,"enemies":"Mind Bloom Boss Battle","floor":41.0,"turns":4.0},{"damage":28.0,"enemies":"3 Darklings","floor":48.0,"turns":4.0},{"damage":51,"enemies":"Awakened One","floor":50,"turns":8},{"damage":73,"enemies":"Time Eater","floor":51,"turns":11}],"seed_played":"-2684832818039770901","potions_obtained":[{"floor":7.0,"key":"Fire Potion"},{"floor":14.0,"key":"Weak Potion"},{"floor":18.0,"key":"Strength Potion"},{"floor":24.0,"key":"Explosive Potion"},{"floor":29.0,"key":"AttackPotion"},{"floor":33.0,"key":"FearPotion"},{"floor":39.0,"key":"Swift Potion"},{"floor":48.0,"key":"EssenceOfSteel"}],"is_trial":false,"path_per_floor":["M","?","?","M","$","R","E","R","T","M","M","?","R","E","R","B",null,"M","?","M","M","M","R","M","R","T","?","R","M","E","$","R","B",null,"M","$","M","$","M","E","?","R","T","R","?","?","?","M","R","B","B",null],"character_chosen":"IRONCLAD","items_purchased":["Red Skull","Mummified Hand"],"campfire_rested":2,"item_purchase_floors":[5,31],"current_hp_per_floor":[74,63,40,46,46,46,52,52,52,58,51,69,69,63,63,23,62,43,37,38,18,20,42,27,49,49,49,61,40,58,58,73,29,64,64,64,75,75,63,62,64,75,82,82,82,82,82,79,82,55,13],"gold":13,"neow_bonus":"THREE_ENEMY_KILL","is_prod":false,"is_daily":false,"chose_seed":false,"campfire_upgraded":9,"win_rate":0,"timestamp":1568591352,"path_taken":["M","?","?","M","$","R","E","R","T","?","M","?","R","E","R","BOSS","M","?","M","M","M","R","M","R","T","?","R","?","E","$","R","BOSS","M","$","M","$","M","E","?","R","T","R","?","?","?","M","R","BOSS","BOSS"],"build_version":"2019-09-12","purchased_purges":1,"victory":true,"max_hp_per_floor":[75,75,75,75,75,75,75,75,75,75,75,75,75,75,75,75,75,75,75,75,75,75,75,75,75,75,75,75,75,75,75,75,75,75,75,75,75,75,75,75,75,75,82,82,82,82,82,82,82,82,82],"card_choices":[{"not_picked":["Body Slam","Twin Strike"],"picked":"Pommel Strike","floor":1.0},{"not_picked":["Anger","Warcry"],"picked":"Inflame","floor":4.0},{"not_picked":["Ghostly Armor","Pommel Strike"],"picked":"Reaper","floor":7.0},{"not_picked":["Carnage","Infernal Blade"],"picked":"Metallicize","floor":10.0},{"not_picked":["Warcry","Iron Wave"],"picked":"Flex","floor":11.0},{"not_picked":["Iron Wave","Inflame"],"picked":"Shrug It Off","floor":14.0},{"not_picked":["Exhume","Berserk+1"],"picked":"Double Tap","floor":16.0},{"not_picked":["Combust+1","Reckless Charge"],"picked":"Clothesline","floor":18.0},{"not_picked":["Combust+1","Sword Boomerang"],"picked":"Shrug It Off","floor":20.0},{"not_picked":["Perfected Strike","Thunderclap"],"picked":"Sword Boomerang+1","floor":21.0},{"not_picked":["Inflame+1","Warcry"],"picked":"Whirlwind","floor":22.0},{"not_picked":["True Grit","Spot Weakness"],"picked":"Disarm+1","floor":24.0},{"not_picked":["Warcry","Pommel Strike"],"picked":"Shockwave+1","floor":29.0},{"not_picked":["Sever Soul","Power Through"],"picked":"Dropkick","floor":30.0},{"not_picked":["Barricade+1","Impervious"],"picked":"Juggernaut+1","floor":33.0},{"not_picked":["Cleave","Seeing Red"],"picked":"Armaments+1","floor":35.0},{"not_picked":["Perfected Strike","Sword Boomerang","Warcry"],"picked":"SKIP","floor":35.0},{"not_picked":["Heavy Blade","Immolate"],"picked":"Disarm","floor":37.0},{"not_picked":["Whirlwind","Wild Strike+1","Heavy Blade"],"picked":"SKIP","floor":37.0},{"not_picked":["Warcry","Wild Strike","Havoc"],"picked":"SKIP","floor":39.0},{"not_picked":["Thunderclap","Shrug It Off","Reckless Charge"],"picked":"SKIP","floor":39.0},{"not_picked":["Wild Strike","Combust+1","Dark Embrace+1"],"picked":"SKIP","floor":40.0},{"not_picked":["Hemokinesis","Iron Wave"],"picked":"Feel No Pain+1","floor":48.0},{"not_picked":["Anger","Power Through","Wild Strike"],"picked":"SKIP","floor":48.0}],"player_experience":1334284,"relics_obtained":[{"floor":7.0,"key":"Orichalcum"},{"floor":9.0,"key":"Bottled Tornado"},{"floor":14.0,"key":"Frozen Egg 2"},{"floor":26.0,"key":"Eternal Feather"},{"floor":30.0,"key":"Prayer Wheel"},{"floor":40.0,"key":"Juzu Bracelet"},{"floor":41.0,"key":"StoneCalendar"},{"floor":43.0,"key":"Strawberry"}],"event_choices":[{"damage_healed":0.0,"max_hp_gain":0.0,"max_hp_loss":0.0,"gold_gain":75.0,"event_name":"World of Goop","player_choice":"Gather Gold","floor":2.0,"gold_loss":0.0,"damage_taken":11.0},{"damage_healed":0.0,"max_hp_gain":0.0,"max_hp_loss":0.0,"gold_gain":0.0,"event_name":"Shining Light","player_choice":"Entered Light","floor":3.0,"gold_loss":0.0,"damage_taken":23.0,"cards_upgraded":["Defend_R","Bash"]},{"damage_healed":18.0,"max_hp_gain":0.0,"max_hp_loss":0.0,"gold_gain":0.0,"event_name":"The Cleric","player_choice":"Healed","floor":12.0,"gold_loss":35.0,"damage_taken":0.0},{"damage_healed":0.0,"max_hp_gain":0.0,"max_hp_loss":0.0,"gold_gain":0.0,"event_name":"Nest","player_choice":"Joined the Cult","floor":19.0,"gold_loss":0.0,"damage_taken":6.0,"cards_obtained":["RitualDagger"]},{"damage_healed":0.0,"max_hp_gain":0.0,"max_hp_loss":0.0,"gold_gain":0.0,"event_name":"FaceTrader","player_choice":"Trade","floor":27.0,"gold_loss":0.0,"damage_taken":0.0,"relics_obtained":["SsserpentHead"]},{"damage_healed":0.0,"max_hp_gain":0.0,"max_hp_loss":0.0,"gold_gain":0.0,"event_name":"MindBloom","player_choice":"Fight","floor":41.0,"gold_loss":0.0,"damage_taken":0.0},{"cards_removed":["Bash"],"damage_healed":0.0,"max_hp_gain":0.0,"max_hp_loss":0.0,"gold_gain":0.0,"event_name":"Falling","player_choice":"Removed Attack","floor":45.0,"gold_loss":0.0,"damage_taken":0.0},{"damage_healed":0.0,"max_hp_gain":0.0,"max_hp_loss":0.0,"gold_gain":0.0,"event_name":"Mysterious Sphere","player_choice":"Ignored","floor":46.0,"gold_loss":0.0,"damage_taken":0.0},{"damage_healed":0.0,"max_hp_gain":0.0,"max_hp_loss":0.0,"gold_gain":0.0,"event_name":"Tomb of Lord Red Mask","player_choice":"Paid","floor":47.0,"gold_loss":416.0,"damage_taken":0.0,"relics_obtained":["Red Mask"]}],"is_beta":true,"boss_relics":[{"not_picked":["Cursed Key","Runic Pyramid"],"picked":"SlaversCollar"},{"not_picked":["Black Blood","Runic Cube"],"picked":"Snecko Eye"}],"items_purged_floors":[38],"is_endless":false,"potions_floor_spawned":[7,14,18,24,29,33,39,40,48],"ascension_level":20}