{"gold_per_floor":[112,112,128,128,145,178,178,178,233,233,233,268,36,65,65,65],"floor_reached":16,"playtime":1134,"items_purged":["Strike_G"],"score":122,"play_id":"a5e87ec9-4dee-459d-b98c-577145ce869e","local_time":"20190915225638","is_ascension_mode":true,"campfire_choices":[{"data":"After Image","floor":7,"key":"SMITH"},{"floor":15,"key":"REST"}],"neow_cost":"NONE","seed_source_timestamp":2572214984451000,"circlet_count":0,"master_deck":["Strike_G","Strike_G","Strike_G","Defend_G","Defend_G","Defend_G","Defend_G","Defend_G","Survivor","Neutralize+1","Cloak And Dagger","After Image+1","Endless Agony","Corpse Explosion"],"relics":["Ring of the Snake","NeowsBlessing","Singing Bowl","PreservedInsect","Blue Candle","Orichalcum","Bronze Scales","Membership Card","Ancient Tea Set"],"potions_floor_usage":[12],"damage_taken":[{"damage":0,"enemies":"2 Louse","floor":1,"turns":1},{"damage":0,"enemies":"Jaw Worm","floor":3,"turns":1},{"damage":0,"enemies":"Cultist","floor":5,"turns":1},{"damage":23,"enemies":"Gremlin Nob","floor":6,"turns":5},{"damage":2,"enemies":"3 Sentries","floor":12,"turns":6},{"damage":5,"enemies":"Lagavulin","floor":14,"turns":7},{"damage":64,"enemies":"Hexaghost","floor":16,"turns":16}],"seed_played":"825668026997665757","potions_obtained":[{"floor":3,"key":"Energy Potion"}],"is_trial":false,"path_per_floor":["M","?","M","T","M","E","R","?","T","?","?","E","$","E","R","B"],"character_chosen":"THE_SILENT","items_purchased":["Membership Card"],"campfire_rested":1,"item_purchase_floors":[13],"current_hp_per_floor":[70,63,63,63,65,42,42,42,42,42,42,42,42,39,61,0],"gold":65,"neow_bonus":"THREE_ENEMY_KILL","is_prod":false,"is_daily":false,"chose_seed":false,"campfire_upgraded":1,"win_rate":0,"timestamp":1568602598,"path_taken":["M","?","M","?","?","E","R","?","T","?","?","E","$","E","R","BOSS"],"build_version":"2019-07-17","purchased_purges":1,"victory":false,"max_hp_per_floor":[70,70,70,70,72,72,72,72,72,72,72,74,74,76,76,76],"card_choices":[{"not_picked":["Dodge and Roll","Bane"],"picked":"Cloak And Dagger","floor":1},{"not_picked":["Flechettes","Deadly Poison"],"picked":"After Image","floor":3},{"not_picked":["Dodge and Roll","Quick Slash","Choke"],"picked":"Singing Bowl","floor":5},{"not_picked":["Bane","Masterful Stab"],"picked":"Endless Agony","floor":6},{"not_picked":["Outmaneuver","Well Laid Plans","PiercingWail"],"picked":"Singing Bowl","floor":12},{"not_picked":["Grand Finale","Quick Slash","Flying Knee"],"picked":"Singing Bowl","floor":14}],"player_experience":505446,"relics_obtained":[{"floor":4,"key":"PreservedInsect"},{"floor":6,"key":"Blue Candle"},{"floor":9,"key":"Orichalcum"},{"floor":12,"key":"Bronze Scales"},{"floor":14,"key":"Ancient Tea Set"}],"event_choices":[{"damage_healed":0,"gold_gain":0,"player_choice":"Success","damage_taken":7,"relics_obtained":["Singing Bowl"],"max_hp_gain":0,"max_hp_loss":0,"event_name":"Scrap Ooze","floor":2,"gold_loss":0},{"damage_healed":0,"gold_gain":0,"player_choice":"Ignored","damage_taken":0,"max_hp_gain":0,"max_hp_loss":0,"event_name":"Liars Game","floor":8,"gold_loss":0},{"damage_healed":0,"gold_gain":0,"player_choice":"Grow","damage_taken":0,"max_hp_gain":0,"max_hp_loss":0,"event_name":"Living Wall","floor":10,"gold_loss":0,"cards_upgraded":["Neutralize"]},{"damage_healed":0,"gold_gain":0,"cards_transformed":["Strike_G"],"player_choice":"Transformed","damage_taken":0,"max_hp_gain":0,"max_hp_loss":0,"event_name":"Transmorgrifier","floor":11,"gold_loss":0,"cards_obtained":["Corpse Explosion"]}],"is_beta":false,"boss_relics":[],"items_purged_floors":[13],"is_endless":false,"potions_floor_spawned":[3],"killed_by":"Hexaghost","ascension_level":1}