{"gold_per_floor":[112,123,123,142,33,33,48,83,110,110,139,39,39,55,55,128,128,146,146,158,168,93,93,104,135,181,181,191,37,48,79,79,79],"floor_reached":33,"playtime":2611,"items_purged":["Strike_R","Strike_R"],"score":540,"play_id":"109154f6-be81-4af4-83b4-85395583c2b3","local_time":"20190901080716","is_ascension_mode":true,"campfire_choices":[{"data":"Flash of Steel","floor":6,"key":"SMITH"},{"data":"Corruption","floor":10,"key":"SMITH"},{"data":"Armaments","floor":13,"key":"SMITH"},{"data":"Juggernaut","floor":15,"key":"SMITH"},{"data":"Metallicize","floor":23,"key":"SMITH"},{"data":"Uppercut","floor":27,"key":"SMITH"},{"data":"True Grit","floor":32,"key":"SMITH"}],"neow_cost":"NONE","seed_source_timestamp":1050446091431102,"circlet_count":0,"master_deck":["AscendersBane","Strike_R","Defend_R","Defend_R","Defend_R","Defend_R","Bash","Twin Strike","Iron Wave","Twin Strike","Iron Wave","Flash of Steel+1","Wild Strike","Anger","Corruption+1","Juggernaut+1","Metallicize+1","Armaments+1","Spot Weakness","Feed","Uppercut+1","Headbutt","Cleave","Shrug It Off+1","True Grit+1","Second Wind","Impervious"],"relics":["Burning Blood","Omamori","Orichalcum","Bag of Preparation","Centennial Puzzle","Runic Pyramid","Anchor","Lantern","PreservedInsect"],"potions_floor_usage":[1,20,33,33],"damage_taken":[{"damage":6,"enemies":"2 Louse","floor":1,"turns":4},{"damage":1,"enemies":"Cultist","floor":2,"turns":3},{"damage":6,"enemies":"Small Slimes","floor":4,"turns":4},{"damage":4,"enemies":"Red Slaver","floor":7,"turns":4},{"damage":25,"enemies":"3 Sentries","floor":8,"turns":7},{"damage":20,"enemies":"Lagavulin","floor":11,"turns":6},{"damage":0,"enemies":"2 Fungi Beasts","floor":14,"turns":2},{"damage":22,"enemies":"Slime Boss","floor":16,"turns":8},{"damage":7,"enemies":"Chosen","floor":18,"turns":5},{"damage":6,"enemies":"Spheric Guardian","floor":20,"turns":4},{"damage":7,"enemies":"Snecko","floor":21,"turns":4},{"damage":2,"enemies":"Chosen and Byrds","floor":24,"turns":4},{"damage":13,"enemies":"Book of Stabbing","floor":25,"turns":6},{"damage":25,"enemies":"3 Cultists","floor":28,"turns":5},{"damage":15,"enemies":"Snake Plant","floor":30,"turns":3},{"damage":27,"enemies":"Gremlin Leader","floor":31,"turns":5},{"damage":72,"enemies":"Collector","floor":33,"turns":6}],"seed_played":"3586557056413812015","potions_obtained":[{"floor":1,"key":"Fruit Juice"},{"floor":4,"key":"BloodPotion"},{"floor":14,"key":"Swift Potion"},{"floor":18,"key":"Energy Potion"},{"floor":21,"key":"SteroidPotion"},{"floor":25,"key":"Dexterity Potion"}],"is_trial":false,"path_per_floor":["M","M","?","M","$","R","M","E","T","R","E","$","R","M","R","B",null,"M","?","M","M","$","R","M","E","T","R","M","$","M","E","R","B"],"character_chosen":"IRONCLAD","items_purchased":["Flash of Steel","Wild Strike","Metallicize","Armaments","True Grit"],"campfire_rested":0,"item_purchase_floors":[5,5,12,12,29],"current_hp_per_floor":[77,82,82,82,82,82,84,65,65,65,51,51,51,57,57,41,74,76,76,79,82,82,82,86,83,83,83,68,68,62,45,45,0],"gold":79,"neow_bonus":"RANDOM_COMMON_RELIC","is_prod":false,"is_daily":false,"chose_seed":false,"campfire_upgraded":7,"win_rate":0,"timestamp":1567339636,"path_taken":["M","M","?","M","$","R","M","E","T","R","E","$","R","M","R","BOSS","M","?","M","?","?","R","M","E","T","R","M","?","M","E","R","BOSS"],"build_version":"2019-07-17","purchased_purges":2,"victory":false,"max_hp_per_floor":[85,85,85,85,85,85,85,85,85,85,85,85,85,85,85,85,85,88,88,91,95,95,95,95,99,99,99,103,103,106,110,110,110],"card_choices":[{"not_picked":["Infernal Blade","Armaments"],"picked":"Twin Strike","floor":1},{"not_picked":["Clothesline","Corruption"],"picked":"Iron Wave","floor":2},{"not_picked":["Sword Boomerang","Clash"],"picked":"Iron Wave","floor":4},{"not_picked":["Headbutt","Shrug It Off"],"picked":"Anger","floor":7},{"not_picked":["Offering","Sword Boomerang"],"picked":"Corruption","floor":8},{"not_picked":["Havoc","Iron Wave"],"picked":"Juggernaut","floor":11},{"not_picked":["Entrench","Clothesline"],"picked":"Spot Weakness","floor":14},{"not_picked":["Bludgeon","Berserk"],"picked":"Feed","floor":16},{"not_picked":["Battle Trance","Perfected Strike"],"picked":"Uppercut","floor":18},{"not_picked":["Carnage+1","Corruption"],"picked":"Headbutt","floor":20},{"not_picked":["Twin Strike","Headbutt"],"picked":"Cleave","floor":21},{"not_picked":["Flame Barrier","Body Slam"],"picked":"Shrug It Off+1","floor":24},{"not_picked":["Body Slam","Uppercut","Clash"],"picked":"SKIP","floor":25},{"not_picked":["Perfected Strike","Clothesline","Twin Strike"],"picked":"SKIP","floor":28},{"not_picked":["Clash","Clothesline"],"picked":"Second Wind","floor":30},{"not_picked":["Pommel Strike+1","Sword Boomerang"],"picked":"Impervious","floor":31}],"player_experience":531293,"relics_obtained":[{"floor":8,"key":"Orichalcum"},{"floor":9,"key":"Bag of Preparation"},{"floor":11,"key":"Centennial Puzzle"},{"floor":25,"key":"Anchor"},{"floor":26,"key":"Lantern"},{"floor":31,"key":"PreservedInsect"}],"event_choices":[{"damage_healed":0,"gold_gain":0,"cards_transformed":["Strike_R"],"player_choice":"Change","damage_taken":0,"max_hp_gain":0,"max_hp_loss":0,"event_name":"Living Wall","floor":3,"gold_loss":0,"cards_obtained":["Twin Strike"]},{"cards_removed":["Strike_R"],"damage_healed":0,"gold_gain":0,"player_choice":"Offered Basic","damage_taken":0,"max_hp_gain":0,"max_hp_loss":0,"event_name":"Bonfire Elementals","floor":19,"gold_loss":0}],"is_beta":false,"boss_relics":[{"not_picked":["Philosopher\u0027s Stone","Runic Dome"],"picked":"Runic Pyramid"}],"items_purged_floors":[22,29],"is_endless":false,"potions_floor_spawned":[1,4,14,18,21,25,31],"killed_by":"Collector","ascension_level":13}