{"gold_per_floor":[211,211,226,28,44,44,64,64,64,64,82,97,97,110,110,215,215,232,242,86,96,106,106],"floor_reached":23,"playtime":1264,"items_purged":[],"score":187,"play_id":"0aa3bba7-a6d2-4ea1-ade9-a66a3fa78f17","local_time":"20190916215645","is_ascension_mode":false,"campfire_choices":[{"data":"Metallicize","floor":6,"key":"SMITH"},{"data":"Cleave","floor":8,"key":"SMITH"},{"data":"Flame Barrier","floor":15,"key":"SMITH"}],"neow_cost":"NONE","seed_source_timestamp":259257401220800,"circlet_count":0,"master_deck":["Strike_R","Strike_R","Strike_R","Strike_R","Strike_R","Defend_R","Defend_R","Defend_R","Cleave","Metallicize+1","Perfected Strike","Cleave+1","Flame Barrier+1","Thunderclap","Thunderclap","Juggernaut","Inflame","Headbutt","Inflame","Perfected Strike+1","Shrug It Off"],"relics":["Burning Blood","Membership Card","Matryoshka","Black Star","Self Forming Clay"],"potions_floor_usage":[16,16,16,21,21,23],"damage_taken":[{"damage":9,"enemies":"2 Louse","floor":1,"turns":3},{"damage":6,"enemies":"Cultist","floor":3,"turns":3},{"damage":5,"enemies":"Small Slimes","floor":5,"turns":4},{"damage":0,"enemies":"3 Louse","floor":7,"turns":2},{"damage":0,"enemies":"Gremlin Gang","floor":11,"turns":2},{"damage":10,"enemies":"Looter","floor":12,"turns":2},{"damage":3,"enemies":"Blue Slaver","floor":14,"turns":4},{"damage":72,"enemies":"Hexaghost","floor":16,"turns":12},{"damage":25,"enemies":"Spheric Guardian","floor":18,"turns":6},{"damage":17,"enemies":"Chosen","floor":19,"turns":5},{"damage":5,"enemies":"3 Cultists","floor":21,"turns":4},{"damage":31,"enemies":"Cultist and Chosen","floor":22,"turns":6},{"damage":36,"enemies":"Slavers","floor":23,"turns":2}],"seed_played":"6995561409062962164","potions_obtained":[{"floor":3,"key":"Ancient Potion"},{"floor":5,"key":"Energy Potion"},{"floor":12,"key":"Ancient Potion"},{"floor":14,"key":"Energy Potion"},{"floor":16,"key":"AttackPotion"},{"floor":19,"key":"SteroidPotion"},{"floor":22,"key":"SteroidPotion"}],"is_trial":false,"path_per_floor":["M","?","M","$","M","R","M","R","T","?","M","M","?","M","R","B",null,"M","M","$","M","M","E"],"character_chosen":"IRONCLAD","items_purchased":["Membership Card","Self Forming Clay","Inflame"],"campfire_rested":0,"item_purchase_floors":[4,20,20],"current_hp_per_floor":[77,77,77,77,78,78,80,80,80,85,85,81,81,84,84,18,85,66,55,55,56,31,0],"gold":106,"neow_bonus":"HUNDRED_GOLD","is_prod":false,"is_daily":false,"chose_seed":false,"campfire_upgraded":3,"win_rate":0.0,"timestamp":1568692605,"path_taken":["M","?","M","$","?","R","M","R","T","?","M","M","?","M","R","BOSS","M","M","$","M","?","E"],"build_version":"2019-01-23","purchased_purges":0,"victory":false,"max_hp_per_floor":[80,80,80,80,80,80,80,80,80,85,85,85,85,85,85,85,85,85,85,85,85,85,85],"card_choices":[{"not_picked":["Shrug It Off","Body Slam"],"picked":"Cleave","floor":1},{"not_picked":["Clash","Searing Blow"],"picked":"Metallicize","floor":3},{"not_picked":["Shrug It Off","Reaper"],"picked":"Perfected Strike","floor":5},{"not_picked":["Dual Wield","Disarm"],"picked":"Cleave","floor":7},{"not_picked":["Perfected Strike","Clash"],"picked":"Flame Barrier","floor":11},{"not_picked":["Warcry","Twin Strike","Shockwave"],"picked":"SKIP","floor":12},{"not_picked":["Sword Boomerang","True Grit"],"picked":"Thunderclap","floor":14},{"not_picked":["Brutality","Dark Embrace"],"picked":"Juggernaut","floor":16},{"not_picked":["Cleave","Shrug It Off+1"],"picked":"Inflame","floor":18},{"not_picked":["Pommel Strike","Dropkick"],"picked":"Headbutt","floor":19},{"not_picked":["Pommel Strike","Rage"],"picked":"Perfected Strike+1","floor":21},{"not_picked":["Twin Strike","Dual Wield"],"picked":"Shrug It Off","floor":22}],"player_experience":2597,"relics_obtained":[{"floor":9,"key":"Matryoshka"}],"event_choices":[{"cards_removed":["Bash"],"damage_healed":0,"gold_gain":0,"player_choice":"Offered Basic","damage_taken":0,"max_hp_gain":0,"max_hp_loss":0,"event_name":"Bonfire Elementals","floor":2,"gold_loss":0},{"damage_healed":0,"gold_gain":0,"player_choice":"Donut","damage_taken":0,"max_hp_gain":5,"max_hp_loss":0,"event_name":"Big Fish","floor":10,"gold_loss":0},{"damage_healed":0,"gold_gain":0,"cards_transformed":["Defend_R"],"player_choice":"Transformed","damage_taken":0,"max_hp_gain":0,"max_hp_loss":0,"event_name":"Transmorgrifier","floor":13,"gold_loss":0,"cards_obtained":["Thunderclap"]}],"is_beta":false,"boss_relics":[{"not_picked":["Runic Cube","Runic Pyramid"],"picked":"Black Star"}],"items_purged_floors":[],"is_endless":false,"potions_floor_spawned":[3,5,12,14,16,19,22],"killed_by":"Slavers","ascension_level":0}