{"gold_per_floor":[115,135,135,235,160,160,178,78,78,103,103,116,126,139,139,238,238,255,58,78,78,93,93,3,3,3,3,3,3,17,35,35,133,133,144,157,210,210,222,222,237,237,263,281,0,0,0,27,27,27],"floor_reached":50,"playtime":1239,"items_purged":["Strike_R","Strike_R","Strike_R"],"score":472,"play_id":"1fe4fa62-222d-49dd-8b35-023304b6071c","local_time":"20180823211256","is_ascension_mode":false,"campfire_choices":[{"data":"Bludgeon","floor":6,"key":"SMITH"},{"data":"1","floor":11,"key":"LIFT"},{"data":"2","floor":15,"key":"LIFT"},{"data":"3","floor":23,"key":"LIFT"},{"data":"Armaments","floor":28,"key":"SMITH"},{"data":"Entrench","floor":32,"key":"SMITH"},{"data":"Strike_R","floor":40,"key":"PURGE"},{"data":"Offering","floor":42,"key":"SMITH"},{"data":"Enlightenment","floor":46,"key":"SMITH"},{"data":"Limit Break","floor":49,"key":"SMITH"}],"neow_cost":"NONE","seed_source_timestamp":1575386552748310,"circlet_count":0,"master_deck":["Defend_R","Defend_R","Bash","Bludgeon+1","Headbutt","Anger","Barricade+1","Reckless Charge+1","Demon Form+1","Armaments+1","Whirlwind","Entrench+1","Necronomicurse","Ghostly Armor","Enlightenment+1","Feed","Thunderclap+1","Sword Boomerang","Offering+1","Armaments+1","Limit Break+1"],"relics":["Burning Blood","Self Forming Clay","Girya","Red Skull","Astrolabe","Necronomicon","Peace Pipe","Coffee Dripper","Charon\u0027s Ashes","Incense Burner","Juzu Bracelet","Red Mask","Boot"],"potions_floor_usage":[13,30,35,36,41,41],"damage_taken":[{"damage":5,"enemies":"Jaw Worm","floor":1,"turns":4},{"damage":0,"enemies":"2 Louse","floor":2,"turns":2},{"damage":0,"enemies":"Small Slimes","floor":7,"turns":3},{"damage":17,"enemies":"3 Sentries","floor":10,"turns":5},{"damage":16,"enemies":"Gremlin Gang","floor":12,"turns":4},{"damage":0,"enemies":"Exordium Thugs","floor":13,"turns":2},{"damage":2,"enemies":"Blue Slaver","floor":14,"turns":2},{"damage":32,"enemies":"The Guardian","floor":16,"turns":8},{"damage":10,"enemies":"Chosen","floor":18,"turns":2},{"damage":20,"enemies":"Shell Parasite","floor":20,"turns":4},{"damage":0,"enemies":"Shelled Parasite and Fungi","floor":22,"turns":2},{"damage":0,"enemies":"Sentry and Sphere","floor":30,"turns":3},{"damage":0,"enemies":"Snecko","floor":31,"turns":3},{"damage":61,"enemies":"Automaton","floor":33,"turns":7},{"damage":17,"enemies":"Flame Bruiser 1 Orb","floor":35,"turns":4},{"damage":21,"enemies":"3 Darklings","floor":36,"turns":3},{"damage":10,"enemies":"Mysterious Sphere","floor":37,"turns":3},{"damage":20,"enemies":"Mind Bloom Boss Battle","floor":38,"turns":3},{"damage":0,"enemies":"Jaw Worm Horde","floor":39,"turns":1},{"damage":6,"enemies":"Spire Growth","floor":41,"turns":2},{"damage":0,"enemies":"3 Darklings","floor":44,"turns":1},{"damage":19,"enemies":"2 Orb Walkers","floor":48,"turns":4},{"damage":47,"enemies":"Awakened One","floor":50,"turns":3}],"seed_played":"7973739669010372285","potions_obtained":[{"floor":7,"key":"LiquidBronze"},{"floor":12,"key":"Explosive Potion"},{"floor":13,"key":"FearPotion"},{"floor":16,"key":"Swift Potion"},{"floor":30,"key":"GamblersBrew"},{"floor":35,"key":"EssenceOfSteel"},{"floor":36,"key":"Swift Potion"}],"is_trial":false,"path_per_floor":["M","M","?","?","$","R","M","$","T","E","R","M","M","M","R","B",null,"M","$","M","?","M","R","$","$","T","?","R","?","M","M","R","B",null,"M","M","?","?","M","R","M","R","T","M","?","R","$","E","R"],"character_chosen":"IRONCLAD","items_purchased":["Whirlwind","Enlightenment"],"campfire_rested":0,"item_purchase_floors":[19,24],"current_hp_per_floor":[80,80,68,68,68,68,74,74,74,63,63,53,59,63,63,37,80,76,76,62,46,52,52,52,52,52,52,52,52,58,64,64,9,80,72,57,56,45,51,51,51,51,51,57,57,57,57,44,44,0],"gold":27,"neow_bonus":"ONE_RANDOM_RARE_CARD","is_prod":false,"is_daily":false,"chose_seed":false,"campfire_upgraded":6,"win_rate":0,"timestamp":1535073176,"path_taken":["M","M","?","?","$","R","M","?","T","E","R","M","M","M","R","BOSS","M","$","M","?","M","R","?","$","T","?","R","?","M","?","R","BOSS","M","M","?","?","M","R","?","R","T","M","?","R","?","E","R","BOSS"],"build_version":"2018-08-23","purchased_purges":3,"victory":false,"max_hp_per_floor":[80,80,80,80,80,80,80,80,80,80,80,80,80,80,80,80,80,80,80,80,80,80,80,80,80,80,80,80,80,80,80,80,80,80,83,83,86,89,89,89,89,89,89,89,89,89,89,89,89,89],"card_choices":[{"not_picked":["Heavy Blade","Iron Wave"],"picked":"Headbutt","floor":1},{"not_picked":["Power Through","Thunderclap","Hemokinesis"],"picked":"SKIP","floor":2},{"not_picked":["Flex","Heavy Blade"],"picked":"Anger","floor":7},{"not_picked":["Warcry","Bludgeon","Spot Weakness"],"picked":"SKIP","floor":10},{"not_picked":["Sword Boomerang","Flex","Armaments"],"picked":"SKIP","floor":12},{"not_picked":["Shockwave","Havoc","Perfected Strike"],"picked":"SKIP","floor":13},{"not_picked":["Armaments","Rage","Evolve"],"picked":"SKIP","floor":14},{"not_picked":["Anger","Rage"],"picked":"Armaments","floor":18},{"not_picked":["Cleave","Clash"],"picked":"Entrench","floor":20},{"not_picked":["Body Slam+1","Uppercut+1"],"picked":"Ghostly Armor","floor":22},{"not_picked":["Uppercut","Warcry","Cleave"],"picked":"SKIP","floor":30},{"not_picked":["Wild Strike","Rampage+1","Rage"],"picked":"SKIP","floor":31},{"not_picked":["Double Tap","Fiend Fire"],"picked":"Feed","floor":33},{"not_picked":["Ghostly Armor","Intimidate","Shockwave"],"picked":"SKIP","floor":35},{"not_picked":["Metallicize","Flex","Iron Wave"],"picked":"SKIP","floor":36},{"not_picked":["Pommel Strike+1","Heavy Blade"],"picked":"Thunderclap+1","floor":37},{"not_picked":["Iron Wave","Clash"],"picked":"Sword Boomerang","floor":38},{"not_picked":["Warcry+1","Clothesline+1"],"picked":"Offering","floor":39},{"not_picked":["Clash+1","Armaments","Anger+1"],"picked":"SKIP","floor":41},{"not_picked":["Thunderclap","Sword Boomerang+1"],"picked":"Armaments+1","floor":44},{"not_picked":["Reaper","Fire Breathing"],"picked":"Limit Break","floor":48}],"player_experience":877889,"relics_obtained":[{"floor":9,"key":"Girya"},{"floor":10,"key":"Red Skull"},{"floor":21,"key":"Necronomicon"},{"floor":26,"key":"Peace Pipe"},{"floor":37,"key":"Charon\u0027s Ashes"},{"floor":38,"key":"Incense Burner"},{"floor":43,"key":"Juzu Bracelet"},{"floor":48,"key":"Boot"}],"event_choices":[{"event_name":"Scrap Ooze","player_choice":"success","floor":3,"damage_taken":12},{"event_name":"Golden Shrine","player_choice":"Pray","floor":4,"damage_taken":0},{"event_name":"Cursed Tome","player_choice":"Obtained Book","floor":21,"damage_taken":0},{"event_name":"The Mausoleum","player_choice":"No","floor":27,"damage_taken":0},{"event_name":"FaceTrader","player_choice":"Leave","floor":29,"damage_taken":0},{"event_name":"Mysterious Sphere","player_choice":"Fight","floor":37,"damage_taken":0},{"event_name":"MindBloom","player_choice":"Fight","floor":38,"damage_taken":0},{"event_name":"Tomb of Lord Red Mask","player_choice":"Paid","floor":45,"damage_taken":0}],"is_beta":true,"boss_relics":[{"not_picked":["Black Blood","White Beast Statue"],"picked":"Astrolabe"},{"not_picked":["Orrery","Lizard Tail"],"picked":"Coffee Dripper"}],"items_purged_floors":[5,8,19],"is_endless":false,"potions_floor_spawned":[7,12,13,16,20,30,31,35,36,39],"killed_by":"Awakened One","ascension_level":0}