{"gold_per_floor":[117,117,117,128,138,171,171,229,229,248,277,277,301,311,311,311],"floor_reached":16,"playtime":1102,"items_purged":[],"score":196,"play_id":"3ac464a9-b7ae-495f-8476-893224a31c5e","local_time":"20190227161211","is_ascension_mode":true,"campfire_choices":[{"data":"Warcry","floor":7,"key":"SMITH"},{"floor":15,"key":"REST"}],"neow_cost":"NONE","seed_source_timestamp":29751433391356,"circlet_count":0,"master_deck":["Strike_R","Strike_R","Strike_R","Strike_R","Strike_R","Defend_R","Defend_R","Defend_R+1","Defend_R","Bash","Warcry+1","Cleave","Headbutt","Battle Trance","Double Tap+1","Perfected Strike","Anger","Infernal Blade"],"relics":["Burning Blood","Darkstone Periapt","Tiny Chest","Pear","Regal Pillow","War Paint"],"potions_floor_usage":[4,6,8,11,12],"damage_taken":[{"damage":1,"enemies":"Small Slimes","floor":1,"turns":4},{"damage":6,"enemies":"Cultist","floor":4,"turns":3},{"damage":14,"enemies":"Jaw Worm","floor":5,"turns":3},{"damage":45,"enemies":"3 Sentries","floor":6,"turns":8},{"damage":16,"enemies":"Gremlin Nob","floor":8,"turns":3},{"damage":7,"enemies":"Looter","floor":10,"turns":4},{"damage":40,"enemies":"Lagavulin","floor":11,"turns":5},{"damage":0,"enemies":"Red Slaver","floor":12,"turns":1},{"damage":24,"enemies":"Exordium Wildlife","floor":14,"turns":4},{"damage":63,"enemies":"The Guardian","floor":16,"turns":10}],"seed_played":"5189926638102146274","potions_obtained":[{"floor":3,"key":"Strength Potion"},{"floor":3,"key":"Regen Potion"},{"floor":3,"key":"Fruit Juice"},{"floor":4,"key":"Energy Potion"},{"floor":6,"key":"SmokeBomb"},{"floor":10,"key":"Ancient Potion"}],"is_trial":false,"path_per_floor":["M","?","?","M","M","E","R","E","T","M","E","M","T","M","R","B"],"character_chosen":"IRONCLAD","items_purchased":[],"campfire_rested":1,"item_purchase_floors":[],"current_hp_per_floor":[85,85,85,90,82,58,58,48,58,57,23,29,29,11,56,0],"gold":311,"neow_bonus":"TEN_PERCENT_HP_BONUS","is_prod":false,"is_daily":false,"chose_seed":false,"campfire_upgraded":1,"win_rate":0,"timestamp":1551280331,"path_taken":["M","?","?","M","M","E","R","E","T","M","E","?","?","M","R","BOSS"],"build_version":"2019-01-23","purchased_purges":0,"victory":false,"max_hp_per_floor":[88,88,88,93,93,93,93,93,103,103,103,103,103,103,103,103],"card_choices":[{"not_picked":["Ghostly Armor","Corruption"],"picked":"Warcry","floor":1},{"not_picked":["Dropkick","True Grit"],"picked":"Cleave","floor":4},{"not_picked":["Hemokinesis","Ghostly Armor"],"picked":"Headbutt","floor":5},{"not_picked":["Second Wind","Burning Pact"],"picked":"Battle Trance","floor":6},{"not_picked":["Feel No Pain","Evolve"],"picked":"Double Tap","floor":8},{"not_picked":["True Grit","Headbutt"],"picked":"Perfected Strike","floor":10},{"not_picked":["Havoc","Searing Blow"],"picked":"Anger","floor":11},{"not_picked":["Clothesline","Heavy Blade"],"picked":"Infernal Blade","floor":14}],"player_experience":283017,"relics_obtained":[{"floor":6,"key":"Darkstone Periapt"},{"floor":8,"key":"Tiny Chest"},{"floor":9,"key":"Pear"},{"floor":11,"key":"Regal Pillow"},{"floor":13,"key":"War Paint"}],"event_choices":[{"damage_healed":0,"gold_gain":0,"player_choice":"Ignored","damage_taken":0,"max_hp_gain":0,"max_hp_loss":0,"event_name":"Golden Idol","floor":2,"gold_loss":0},{"damage_healed":0,"gold_gain":0,"player_choice":"Got Potions","damage_taken":0,"max_hp_gain":0,"max_hp_loss":0,"event_name":"Lab","floor":3,"gold_loss":0}],"is_beta":false,"boss_relics":[],"items_purged_floors":[],"is_endless":false,"potions_floor_spawned":[4,5,6,10],"killed_by":"The Guardian","ascension_level":8}