{"gold_per_floor":[11,11,28,40,40,75,75,94,94,94,120,130,147,48,48,150,150,166,166,81,81,81,110,110,122,147,162,172,172],"floor_reached":29,"playtime":880,"items_purged":["Strike_R"],"score":344,"play_id":"f8970b66-2588-4c9a-b8ac-7b1607bd36ae","local_time":"20180815142949","is_ascension_mode":true,"campfire_choices":[{"data":"Body Slam","floor":7,"key":"SMITH"},{"data":"Whirlwind","floor":10,"key":"SMITH"},{"data":"Uppercut","floor":15,"key":"SMITH"},{"data":"Limit Break","floor":24,"key":"SMITH"}],"neow_cost":"NO_GOLD","seed_source_timestamp":860361782517034,"circlet_count":0,"master_deck":["Strike_R","Strike_R","Strike_R","Strike_R","Defend_R","Defend_R+1","Defend_R+1","Defend_R","Bash","Body Slam+1","Whirlwind+1","Uppercut+1","Shrug It Off","Body Slam","Anger","Barricade","Limit Break+1","Body Slam+1","Shrug It Off"],"relics":["Burning Blood","Calipers","War Paint","Du-Vu Doll","Shuriken","Centennial Puzzle","Sozu","Unceasing Top","Strawberry","Bag of Preparation"],"potions_floor_usage":[6,16,29],"damage_taken":[{"damage":11,"enemies":"Jaw Worm","floor":1,"turns":6},{"damage":8,"enemies":"Small Slimes","floor":3,"turns":5},{"damage":8,"enemies":"2 Louse","floor":4,"turns":2},{"damage":34,"enemies":"Gremlin Nob","floor":6,"turns":5},{"damage":1,"enemies":"Blue Slaver","floor":8,"turns":3},{"damage":53,"enemies":"Lagavulin","floor":11,"turns":8},{"damage":0,"enemies":"Exordium Thugs","floor":12,"turns":3},{"damage":4,"enemies":"Gremlin Gang","floor":13,"turns":8},{"damage":21,"enemies":"The Guardian","floor":16,"turns":11},{"damage":17,"enemies":"2 Thieves","floor":18,"turns":3},{"damage":45,"enemies":"Book of Stabbing","floor":23,"turns":5},{"damage":2,"enemies":"Shell Parasite","floor":25,"turns":4},{"damage":4,"enemies":"Snecko","floor":27,"turns":4},{"damage":18,"enemies":"Sentry and Sphere","floor":28,"turns":5},{"damage":13,"enemies":"Slavers","floor":29,"turns":1}],"seed_played":"1564472407808886664","potions_obtained":[{"floor":3,"key":"PowerPotion"},{"floor":4,"key":"FairyPotion"},{"floor":11,"key":"Energy Potion"},{"floor":13,"key":"Block Potion"}],"is_trial":false,"path_per_floor":["M","?","M","M","?","E","R","M","T","R","E","M","M","$","R","B",null,"M","?","?","$","?","E","R","M","T","M","M"],"character_chosen":"IRONCLAD","items_purchased":["Anger"],"campfire_rested":0,"item_purchase_floors":[14],"current_hp_per_floor":[67,64,62,60,65,37,37,42,42,42,14,20,22,22,22,7,66,55,47,47,47,47,15,15,19,19,21,9,0],"gold":172,"neow_bonus":"ONE_RARE_RELIC","is_prod":false,"is_daily":false,"chose_seed":false,"campfire_upgraded":4,"win_rate":0,"timestamp":1534357789,"path_taken":["M","?","M","M","?","E","R","M","T","R","E","M","M","$","R","BOSS","M","?","?","$","?","E","R","M","T","M","M","E"],"build_version":"2018-08-13v2","purchased_purges":1,"victory":false,"max_hp_per_floor":[80,80,80,80,85,85,85,85,85,85,85,85,85,85,85,85,85,85,85,85,85,85,92,92,92,92,92,92,92],"card_choices":[{"not_picked":["Uppercut","Clothesline"],"picked":"Body Slam","floor":1},{"not_picked":["Sever Soul","Cleave"],"picked":"Whirlwind","floor":3},{"not_picked":["Metallicize","Infernal Blade","Sword Boomerang"],"picked":"SKIP","floor":4},{"not_picked":["Clothesline","Blood for Blood"],"picked":"Uppercut","floor":6},{"not_picked":["Clash","Corruption"],"picked":"Shrug It Off","floor":8},{"not_picked":["Searing Blow","Intimidate","Juggernaut"],"picked":"SKIP","floor":11},{"not_picked":["Thunderclap","Warcry"],"picked":"Body Slam","floor":12},{"not_picked":["Flex","Sword Boomerang","Battle Trance"],"picked":"SKIP","floor":13},{"not_picked":["Fiend Fire","Berserk"],"picked":"Barricade","floor":16},{"not_picked":["Carnage+1","Corruption","Body Slam"],"picked":"SKIP","floor":18},{"not_picked":["Whirlwind","Perfected Strike","Cleave"],"picked":"SKIP","floor":23},{"not_picked":["Headbutt+1","Thunderclap+1"],"picked":"Body Slam+1","floor":25},{"not_picked":["Sever Soul","Second Wind"],"picked":"Shrug It Off","floor":27},{"not_picked":["Flex+1","Perfected Strike","Corruption"],"picked":"SKIP","floor":28}],"player_experience":870861,"relics_obtained":[{"floor":6,"key":"Du-Vu Doll"},{"floor":9,"key":"Shuriken"},{"floor":11,"key":"Centennial Puzzle"},{"floor":23,"key":"Strawberry"},{"floor":26,"key":"Bag of Preparation"}],"event_choices":[{"event_name":"Scrap Ooze","player_choice":"success","floor":2,"damage_taken":3},{"event_name":"Big Fish","player_choice":"Donut","floor":5,"damage_taken":0},{"event_name":"Wheel of Change","player_choice":"Damage","floor":19,"damage_taken":0},{"event_name":"Addict","player_choice":"Obtained Relic","floor":20,"damage_taken":0},{"event_name":"Match and Keep!","player_choice":"1 cards matched","floor":22,"damage_taken":0}],"is_beta":true,"boss_relics":[{"not_picked":["Runic Cube","Orrery"],"picked":"Sozu"}],"items_purged_floors":[14],"is_endless":false,"potions_floor_spawned":[3,4,11,13,23,27],"killed_by":"Slavers","ascension_level":7}