{"gold_per_floor":[161,178,192,211,211,243,243,273,273,291,291,303,338,350,350,350],"floor_reached":16,"playtime":1138,"items_purged":[],"score":248,"play_id":"12f9cc0a-d2df-483c-bf8e-6d680cf0bb17","local_time":"20190903104813","is_ascension_mode":true,"campfire_choices":[{"floor":7.0,"key":"REST"},{"data":"1","floor":11,"key":"LIFT"},{"data":"Sunder","floor":15,"key":"SMITH"}],"neow_cost":"NONE","seed_source_timestamp":939118476652148,"circlet_count":0,"master_deck":["AscendersBane","Strike_B","Strike_B","Strike_B","Strike_B+1","Defend_B","Defend_B","Defend_B","Defend_B","Zap","Dualcast","Leap","Cold Snap","Sunder+1","Double Energy","Sweeping Beam","Glacier","Loop","Heatsinks+1","Doom and Gloom","White Noise","Steam"],"special_seed":0,"relics":["Tiny House","Bird Faced Urn","Du-Vu Doll","Girya","Frozen Egg 2","Question Card"],"potions_floor_usage":[8,16],"damage_taken":[{"damage":6.0,"enemies":"Cultist","floor":1.0,"turns":5.0},{"damage":4.0,"enemies":"Small Slimes","floor":2.0,"turns":5.0},{"damage":0.0,"enemies":"2 Louse","floor":3.0,"turns":3.0},{"damage":2.0,"enemies":"Looter","floor":4.0,"turns":3.0},{"damage":39.0,"enemies":"Lagavulin","floor":6.0,"turns":10.0},{"damage":4,"enemies":"3 Sentries","floor":8,"turns":7},{"damage":1,"enemies":"Blue Slaver","floor":10,"turns":5},{"damage":10,"enemies":"Exordium Thugs","floor":12,"turns":5},{"damage":40,"enemies":"Gremlin Nob","floor":13,"turns":5},{"damage":0,"enemies":"Looter","floor":14,"turns":4},{"damage":23,"enemies":"Slime Boss","floor":16,"turns":7}],"seed_played":"2217384104256120909","potions_obtained":[{"floor":0.0,"key":"SteroidPotion"},{"floor":1.0,"key":"EssenceOfSteel"},{"floor":6.0,"key":"LiquidBronze"},{"floor":10,"key":"FairyPotion"},{"floor":13,"key":"Explosive Potion"}],"is_trial":false,"path_per_floor":["M","M","M","M","T","E","R","E","T","M","R","M","E","M","R","B"],"character_chosen":"DEFECT","items_purchased":[],"campfire_rested":1,"item_purchase_floors":[],"current_hp_per_floor":[63,59,59,57,57,18,40,36,36,37,37,31,7,11,11,0],"gold":350,"neow_bonus":"BOSS_RELIC","is_prod":false,"is_daily":false,"chose_seed":false,"campfire_upgraded":1,"win_rate":0,"timestamp":1567532893,"path_taken":["M","M","M","M","?","E","R","E","T","?","R","?","E","M","R","BOSS"],"build_version":"2019-07-17","purchased_purges":0,"victory":false,"max_hp_per_floor":[76,76,76,76,76,76,76,76,76,76,76,76,76,76,76,76],"card_choices":[{"not_picked":["Tempest","Barrage"],"picked":"Leap","floor":0.0},{"not_picked":["Rebound","Redo"],"picked":"Cold Snap","floor":1.0},{"not_picked":["Tempest","Sweeping Beam"],"picked":"Sunder","floor":2.0},{"not_picked":["Leap","Barrage"],"picked":"Double Energy","floor":3.0},{"not_picked":["Reprogram","Steam Power"],"picked":"Sweeping Beam","floor":4.0},{"not_picked":["Undo","Barrage"],"picked":"Glacier","floor":6.0},{"not_picked":["Turbo","Force Field"],"picked":"Loop","floor":8},{"not_picked":["Steam","Turbo"],"picked":"Heatsinks+1","floor":10},{"not_picked":["Cold Snap","Beam Cell"],"picked":"Doom and Gloom","floor":12},{"not_picked":["BootSequence","Ball Lightning"],"picked":"White Noise","floor":13},{"not_picked":["Barrage","All For One","Rebound"],"picked":"Steam","floor":14}],"player_experience":860559,"relics_obtained":[{"floor":5.0,"key":"Bird Faced Urn"},{"floor":6.0,"key":"Du-Vu Doll"},{"floor":8,"key":"Girya"},{"floor":9,"key":"Frozen Egg 2"},{"floor":13,"key":"Question Card"}],"event_choices":[],"is_beta":false,"boss_relics":[],"items_purged_floors":[],"is_endless":false,"potions_floor_spawned":[1,6,10,13],"killed_by":"Slime Boss","ascension_level":20}