{"gold_per_floor":[211,230,245,121,140,140,215,215,289,289,289,289,299,326,326,326],"floor_reached":16,"playtime":1424,"items_purged":[],"score":100,"play_id":"78f074eb-3aa5-4a23-b256-26c890c1b0b3","local_time":"20180704230419","is_ascension_mode":false,"campfire_choices":[{"data":"Tempest","floor":6,"key":"SMITH"},{"data":"Zap","floor":8,"key":"SMITH"},{"data":"Loop","floor":10,"key":"SMITH"},{"floor":15,"key":"REST"}],"neow_cost":"NONE","seed_source_timestamp":64967119365066,"circlet_count":0,"master_deck":["Strike_B","Strike_B","Strike_B","Strike_B","Defend_B","Defend_B","Defend_B","Defend_B","Zap+1","Dualcast","Chaos","Hologram","Tempest+1","Loop+1","Hologram","Coolheaded","Auto Shields","Go for the Eyes"],"relics":["Cracked Core","Gremlin Horn","Orichalcum"],"potions_floor_usage":[14,14,16],"damage_taken":[{"damage":4,"enemies":"Cultist","floor":1,"turns":4},{"damage":0,"enemies":"2 Louse","floor":2,"turns":3},{"damage":2,"enemies":"Jaw Worm","floor":3,"turns":4},{"damage":16,"enemies":"Exordium Wildlife","floor":5,"turns":4},{"damage":0,"enemies":"Looter","floor":13,"turns":2},{"damage":18,"enemies":"3 Sentries","floor":14,"turns":9},{"damage":54,"enemies":"Hexaghost","floor":16,"turns":15}],"seed_played":"-229763418086805201","potions_obtained":[{"floor":3,"key":"SteroidPotion"},{"floor":5,"key":"Fruit Juice"},{"floor":13,"key":"PowerPotion"}],"is_trial":false,"path_per_floor":["M","M","M","$","M","R","?","R","T","R","?","$","M","E","R"],"character_chosen":"DEFECT","items_purchased":["Loop","Hologram"],"campfire_rested":1,"item_purchase_floors":[4,4],"current_hp_per_floor":[71,71,69,69,53,53,42,42,42,42,42,42,42,29,53,0],"gold":326,"neow_bonus":"HUNDRED_GOLD","is_prod":false,"is_daily":false,"chose_seed":false,"campfire_upgraded":3,"win_rate":0.0,"timestamp":1530738259,"path_taken":["M","M","M","$","M","R","?","R","T","R","?","?","?","E","R","BOSS"],"build_version":"2018-06-28","purchased_purges":0,"victory":false,"max_hp_per_floor":[75,75,75,75,75,75,75,75,75,75,75,75,75,80,80,80],"card_choices":[{"not_picked":["Stack","Redo"],"picked":"Chaos","floor":1},{"not_picked":["Stack","Steam"],"picked":"Hologram","floor":2},{"not_picked":["Reinforced Body","Gash"],"picked":"Tempest","floor":3},{"not_picked":["Amplify","Streamline"],"picked":"Coolheaded","floor":5},{"not_picked":["Ball Lightning","Conserve Battery"],"picked":"Auto Shields","floor":13},{"not_picked":["Loop","Coolheaded"],"picked":"Go for the Eyes","floor":14}],"player_experience":30688,"relics_obtained":[{"floor":9,"key":"Gremlin Horn"},{"floor":14,"key":"Orichalcum"}],"event_choices":[{"event_name":"World of Goop","player_choice":"Gather Gold","floor":7,"damage_taken":0},{"event_name":"Golden Idol","player_choice":"Ignored","floor":11,"damage_taken":0}],"boss_relics":[],"items_purged_floors":[],"is_endless":false,"potions_floor_spawned":[3,5,13],"killed_by":"Hexaghost","ascension_level":0}