{"path_per_floor":["M","?","?","$","M","R","E","R","T","E","M","M","?","$","R","B",null,"M","M","$","?","M"],"character_chosen":"IRONCLAD","items_purchased":["Bag of Marbles","Apotheosis"],"gold_per_floor":[369,369,369,147,157,157,186,186,255,283,298,316,316,16,16,115,115,132,145,20,20,40,40],"floor_reached":23,"campfire_rested":2,"playtime":597,"current_hp_per_floor":[72,58,51,51,57,72,40,61,61,35,43,39,57,57,57,29,59,49,31,31,15,19,0],"items_purged":["Defend_R","Parasite","Strike_R"],"gold":40,"score":269,"play_id":"a5925043-30b8-4bbc-ba2b-ecd402531534","local_time":"20180326163034","is_prod":false,"is_daily":false,"is_ascension_mode":true,"campfire_upgraded":1,"timestamp":1522096234,"path_taken":["M","?","?","$","M","R","E","R","T","E","M","?","?","$","R","BOSS","M","M","$","?","M","E"],"build_version":"2018-03-22v2","purchased_purges":3,"victory":false,"master_deck":["Strike_R","Strike_R","Strike_R+1","Defend_R","Defend_R+1","Defend_R","Bash","Twin Strike","Headbutt+1","Carnage+1","Flame Barrier","Metallicize","Apotheosis+1","Offering","Shrug It Off","Thunderclap+1","Battle Trance","Pommel Strike+1","Shrug It Off","Fiend Fire+1"],"max_hp_per_floor":[72,72,72,72,72,72,72,72,72,72,72,72,72,69,69,69,69,69,69,69,69,69,69],"relics":["Burning Blood","Bag of Marbles","Molten Egg 2","Pantograph","Blood Vial","Orrery","Nilry\u0027s Codex"],"card_choices":[{"not_picked":["Clothesline","Reckless Charge"],"picked":"Twin Strike","floor":1},{"not_picked":["Entrench","Armaments"],"picked":"Headbutt","floor":7},{"not_picked":["Evolve","Shrug It Off"],"picked":"Carnage","floor":10},{"not_picked":["Sword Boomerang","Second Wind"],"picked":"Flame Barrier","floor":11},{"not_picked":["Heavy Blade","Wild Strike"],"picked":"Metallicize","floor":12},{"not_picked":["Dark Embrace","Impervious"],"picked":"Offering","floor":16},{"not_picked":["Clothesline","Armaments"],"picked":"Shrug It Off","floor":17},{"not_picked":["Headbutt","Shrug It Off"],"picked":"Thunderclap","floor":17},{"not_picked":["Warcry","Thunderclap"],"picked":"Battle Trance","floor":17},{"not_picked":["Iron Wave","Spot Weakness"],"picked":"Pommel Strike","floor":17},{"not_picked":["Dual Wield","Hemokinesis"],"picked":"Shrug It Off","floor":17},{"not_picked":["Clash","Seeing Red"],"picked":"Fiend Fire","floor":18}],"player_experience":274329,"potions_floor_usage":[],"damage_taken":[{"damage":3,"enemies":"2 Louse","floor":1,"turns":3},{"damage":0,"enemies":"Small Slimes","floor":5,"turns":2},{"damage":38,"enemies":"3 Sentries","floor":7,"turns":7},{"damage":32,"enemies":"Lagavulin","floor":10,"turns":5},{"damage":0,"enemies":"Cultist","floor":11,"turns":1},{"damage":12,"enemies":"Large Slime","floor":12,"turns":7},{"damage":46,"enemies":"The Guardian","floor":16,"turns":9},{"damage":18,"enemies":"Shell Parasite","floor":18,"turns":4},{"damage":26,"enemies":"2 Thieves","floor":19,"turns":3},{"damage":4,"enemies":"Chosen and Byrds","floor":22,"turns":5},{"damage":25,"enemies":"Slavers","floor":23,"turns":2}],"event_choices":[{"event_name":"Shining Light","player_choice":"Entered Light","floor":2,"damage_taken":0},{"event_name":"Golden Wing","player_choice":"Card Removal","floor":3,"damage_taken":0},{"event_name":"Mushrooms","player_choice":"Healed and dodged fight","floor":13,"damage_taken":0},{"event_name":"Cursed Tome","player_choice":"Obtained Book","floor":21,"damage_taken":0}],"boss_relics":[{"not_picked":["Pandora\u0027s Box","Question Card"],"picked":"Orrery"}],"potions_floor_spawned":[5,7,10,12,16,18,22],"seed_played":"-1298399513847717933","killed_by":"Slavers","ascension_level":7,"is_trial":false}