{"path_per_floor":["M","?","?","?","$","E","R","?","T","R","E","$","M","M","R","B",null,"M","?","?","?","M","R"],"character_chosen":"DEFECT","items_purchased":["Machine Learning"],"gold_per_floor":[115,115,65,140,140,170,170,170,223,223,251,15,27,39,39,142,142,152,332,332,332,347,347,347],"floor_reached":24,"campfire_rested":0,"playtime":511,"item_purchase_floors":[12],"current_hp_per_floor":[75,68,68,57,57,57,57,57,57,57,57,57,57,57,57,40,75,75,35,35,35,30,30,0],"items_purged":["Decay"],"gold":347,"score":263,"play_id":"0cc00a34-7fe4-4bfe-a7b8-2cb62593f50b","local_time":"20180601020410","is_prod":false,"is_daily":false,"chose_seed":false,"is_ascension_mode":true,"campfire_upgraded":4,"win_rate":0,"timestamp":1527833050,"campfire_choices":[{"data":"Zap","floor":7,"key":"SMITH"},{"data":"Loop","floor":10,"key":"SMITH"},{"data":"Machine Learning","floor":15,"key":"SMITH"},{"data":"Echo Form","floor":23,"key":"SMITH"}],"path_taken":["M","?","?","?","$","E","R","?","T","R","E","?","?","M","R","BOSS","M","?","?","?","M","R","E"],"build_version":"2018-05-31","seed_source_timestamp":106780573326658,"purchased_purges":1,"victory":false,"master_deck":["Strike_B+1","Strike_B+1","Defend_B","Defend_B","Defend_B","Defend_B","Zap+1","Dualcast","Loop+1","Go for the Eyes","Machine Learning+1","BootSequence","Leap","Echo Form+1","Static Discharge","Dark Shackles","Deep Breath","BootSequence"],"max_hp_per_floor":[75,75,75,75,75,75,75,75,75,75,75,75,75,75,75,75,75,75,75,75,75,75,75,75],"relics":["Cracked Core","NeowsBlessing","Art of War","Whetstone","Sundial","Philosopher\u0027s Stone"],"card_choices":[{"not_picked":["Barrage","Streamline"],"picked":"Loop","floor":1},{"not_picked":["Scrape","Force Field","Conserve Battery"],"picked":"SKIP","floor":6},{"not_picked":["Streamline","Coolheaded"],"picked":"Go for the Eyes","floor":11},{"not_picked":["White Noise","Ball Lightning"],"picked":"BootSequence","floor":13},{"not_picked":["Conserve Battery","Tempest"],"picked":"Leap","floor":14},{"not_picked":["Biased Cognition","Reboot"],"picked":"Echo Form","floor":16},{"not_picked":["Hologram","Aggregate"],"picked":"Static Discharge","floor":18},{"not_picked":["Force Field","Barrage+1"],"picked":"BootSequence","floor":22}],"player_experience":535794,"potions_floor_usage":[16,22,22],"damage_taken":[{"damage":0,"enemies":"2 Louse","floor":1,"turns":1},{"damage":0,"enemies":"Gremlin Nob","floor":6,"turns":1},{"damage":0,"enemies":"3 Sentries","floor":11,"turns":1},{"damage":0,"enemies":"Jaw Worm","floor":13,"turns":3},{"damage":0,"enemies":"Small Slimes","floor":14,"turns":3},{"damage":17,"enemies":"The Guardian","floor":16,"turns":10},{"damage":0,"enemies":"Chosen","floor":18,"turns":6},{"damage":5,"enemies":"3 Byrds","floor":22,"turns":3},{"damage":30,"enemies":"Book of Stabbing","floor":24,"turns":5}],"relics_obtained":[{"floor":6,"key":"Art of War"},{"floor":9,"key":"Whetstone"},{"floor":11,"key":"Sundial"}],"event_choices":[{"event_name":"Golden Wing","player_choice":"Card Removal","floor":2,"damage_taken":0},{"event_name":"The Cleric","player_choice":"Card Removal","floor":3,"damage_taken":0},{"event_name":"World of Goop","player_choice":"Gather Gold","floor":4,"damage_taken":0},{"event_name":"Wheel of Change","player_choice":"Curse","floor":8,"damage_taken":0},{"event_name":"Knowing Skull","player_choice":"GOLD CARD CARD GOLD ","floor":19,"damage_taken":0},{"event_name":"Cursed Tome","player_choice":"Ignored","floor":20,"damage_taken":0},{"event_name":"Accursed Blacksmith","player_choice":"Ignore","floor":21,"damage_taken":0}],"boss_relics":[{"not_picked":["Calling Bell","Eternal Feather"],"picked":"Philosopher\u0027s Stone"}],"items_purged_floors":[12],"potions_floor_spawned":[14,16,18],"seed_played":"-2506390668399333518","killed_by":"Book of Stabbing","ascension_level":1,"potions_obtained":[{"floor":14,"key":"EntropicBrew"}],"is_trial":false}