{"path_per_floor":["M","?","M","M","M","E","R","E","T","T","M","M","E","M","R","B",null,"M","$","M","M","M","R","E","M","T","R","E","R","?","E","R","B",null,"M","?","M","?","M","R","E","R","T","R","M","R","E","M","R","B"],"character_chosen":"IRONCLAD","items_purchased":["Jack Of All Trades","Regal Pillow"],"gold_per_floor":[12,12,27,43,63,88,88,123,123,170,186,201,233,244,244,346,346,346,10,10,10,10,10,10,10,10,10,10,10,10,10,10,10,10,10,10,10,10,10,10,10,10,10,10,10,10,10,10,10,10],"floor_reached":51,"campfire_rested":2,"playtime":6215,"current_hp_per_floor":[94,87,83,75,75,51,51,24,24,31,29,34,11,19,49,21,103,95,95,103,82,83,83,78,94,94,94,91,91,91,84,84,115,116,104,104,86,71,74,74,116,116,116,116,109,109,82,77,122,80],"items_purged":["Defend_R"],"gold":10,"score":951,"play_id":"716d043b-ceac-45dd-a2bf-c6a67af4bac6","local_time":"20180410201130","is_prod":false,"is_daily":false,"is_ascension_mode":true,"campfire_upgraded":6,"timestamp":1523416290,"path_taken":["M","?","M","M","M","E","R","E","T","?","?","M","E","M","R","BOSS","M","$","M","M","M","R","E","M","T","R","E","R","?","E","R","BOSS","M","?","M","?","M","R","E","R","T","R","M","R","E","M","R","BOSS"],"build_version":"2018-04-05v2","purchased_purges":1,"victory":true,"master_deck":["Strike_R+1","Strike_R+1","Strike_R+1","Strike_R+1","Strike_R+1","Defend_R+1","Bash","Havoc+1","Thunderclap","Pommel Strike","Anger+1","Inflame+1","Seeing Red","Flex","Iron Wave","Power Through","Double Tap+1","Reaper","Warcry+1","Feed","Thunderclap","Jack Of All Trades","Thunderclap","Thunderclap","Twin Strike+1","Burning Pact+1","Heavy Blade+1","Burning Pact+1","Pommel Strike","Shrug It Off+1","Dark Embrace","Inflame+1","Clash","Madness","Madness","Pummel","Clumsy","Heavy Blade+1","Clash+1","Feel No Pain+1"],"max_hp_per_floor":[96,96,96,96,96,96,96,96,96,103,103,103,103,103,103,103,103,103,103,103,103,103,103,103,103,103,103,116,116,116,116,116,116,116,116,116,119,119,119,119,119,119,119,119,122,122,122,122,122,125],"relics":["Burning Blood","Blood Vial","Prayer Wheel","Champion Belt","Strawberry","Pen Nib","Ectoplasm","Regal Pillow","Tiny Chest","War Paint","Pear","Girya","Cursed Key","Shovel","Bag of Preparation","Meat on the Bone"],"card_choices":[{"not_picked":["Searing Blow","Bloodletting"],"picked":"Havoc","floor":1.0},{"not_picked":["Clothesline","Cleave"],"picked":"Thunderclap","floor":3.0},{"not_picked":["True Grit","Wild Strike"],"picked":"Pommel Strike","floor":4.0},{"not_picked":["Feel No Pain","Hemokinesis"],"picked":"Anger","floor":5.0},{"not_picked":["Pommel Strike","Infernal Blade"],"picked":"Inflame","floor":6.0},{"not_picked":["Shockwave","Headbutt"],"picked":"Seeing Red","floor":8.0},{"not_picked":["Fire Breathing","Entrench"],"picked":"Flex","floor":9.0},{"not_picked":["Ghostly Armor","Rupture"],"picked":"Iron Wave","floor":10.0},{"not_picked":["True Grit","Headbutt"],"picked":"Power Through","floor":11.0},{"not_picked":["Combust","Warcry"],"picked":"Double Tap","floor":12.0},{"not_picked":["Twin Strike","Thunderclap"],"picked":"Reaper","floor":13.0},{"not_picked":["Flex","Perfected Strike"],"picked":"Warcry","floor":14.0},{"not_picked":["Demon Form","Double Tap"],"picked":"Feed","floor":16.0},{"not_picked":["Uppercut","Ghostly Armor"],"picked":"Thunderclap","floor":18.0},{"not_picked":["Perfected Strike","True Grit"],"picked":"Thunderclap","floor":20.0},{"not_picked":["Warcry","Havoc"],"picked":"Thunderclap","floor":21.0},{"not_picked":["Combust","Cleave"],"picked":"Twin Strike","floor":22.0},{"not_picked":["Cleave","Anger"],"picked":"Burning Pact","floor":24.0},{"not_picked":["Spot Weakness","True Grit"],"picked":"Heavy Blade","floor":25.0},{"not_picked":["Dual Wield","Clothesline"],"picked":"Burning Pact","floor":26.0},{"not_picked":["Berserk","Dual Wield"],"picked":"Pommel Strike","floor":28.0},{"not_picked":["Impervious","Warcry"],"picked":"Shrug It Off","floor":31.0},{"not_picked":["Impervious","Juggernaut"],"picked":"Dark Embrace","floor":33},{"not_picked":["Havoc","Armaments"],"picked":"Inflame","floor":35},{"not_picked":["Body Slam","Anger"],"picked":"Clash","floor":37},{"not_picked":["Pommel Strike","Clash"],"picked":"Pummel","floor":39},{"not_picked":["Power Through","Sentinel"],"picked":"Heavy Blade","floor":45},{"not_picked":["Dual Wield","Rupture"],"picked":"Clash","floor":47},{"not_picked":["Battle Trance","Whirlwind"],"picked":"Feel No Pain","floor":48}],"player_experience":196100,"potions_floor_usage":[50,50,50],"damage_taken":[{"damage":8.0,"enemies":"2 Louse","floor":1.0,"turns":2.0},{"damage":10.0,"enemies":"Small Slimes","floor":3.0,"turns":4.0},{"damage":14.0,"enemies":"Jaw Worm","floor":4.0,"turns":3.0},{"damage":6.0,"enemies":"Gremlin Gang","floor":5.0,"turns":3.0},{"damage":30.0,"enemies":"3 Sentries","floor":6.0,"turns":9.0},{"damage":35.0,"enemies":"Lagavulin","floor":8.0,"turns":4.0},{"damage":10.0,"enemies":"2 Fungi Beasts","floor":11.0,"turns":3.0},{"damage":3.0,"enemies":"Blue Slaver","floor":12.0,"turns":3.0},{"damage":31.0,"enemies":"3 Sentries","floor":13.0,"turns":6.0},{"damage":9.0,"enemies":"Large Slime","floor":14.0,"turns":5.0},{"damage":48.0,"enemies":"The Guardian","floor":16.0,"turns":10.0},{"damage":14.0,"enemies":"Shell Parasite","floor":18.0,"turns":5.0},{"damage":3.0,"enemies":"Spheric Guardian","floor":20.0,"turns":3.0},{"damage":33.0,"enemies":"Snake Plant","floor":21.0,"turns":4.0},{"damage":18.0,"enemies":"Cultist and Chosen","floor":22.0,"turns":5.0},{"damage":25.0,"enemies":"Book of Stabbing","floor":24.0,"turns":5.0},{"damage":4.0,"enemies":"Centurion and Healer","floor":25.0,"turns":4.0},{"damage":33.0,"enemies":"Slavers","floor":28.0,"turns":4.0},{"damage":29.0,"enemies":"Book of Stabbing","floor":31.0,"turns":5.0},{"damage":30,"enemies":"Collector","floor":33,"turns":6},{"damage":18,"enemies":"3 Darklings","floor":35,"turns":3},{"damage":39,"enemies":"3 Shapes","floor":37,"turns":2},{"damage":15,"enemies":"Maw","floor":39,"turns":6},{"damage":18,"enemies":"Giant Head","floor":41,"turns":5},{"damage":18,"enemies":"4 Shapes","floor":45,"turns":3},{"damage":35,"enemies":"2 Orb Walkers","floor":47,"turns":4},{"damage":13,"enemies":"3 Darklings","floor":48,"turns":4},{"damage":73,"enemies":"Time Eater","floor":50,"turns":8}],"event_choices":[{"event_name":"Golden Wing","player_choice":"Card Removal","floor":2.0,"damage_taken":0.0},{"event_name":"Back to Basics","player_choice":"Simplicity","floor":30.0,"damage_taken":0.0},{"event_name":"Purifier","player_choice":"One Purge","floor":36,"damage_taken":0},{"event_name":"Winding Halls","player_choice":"Embrace Madness","floor":38,"damage_taken":0}],"boss_relics":[{"not_picked":["Mark of Pain","Astrolabe"],"picked":"Cursed Key"}],"potions_floor_spawned":[1,4,5,14,21,24,25,37,39,41,48],"seed_played":"-6336632061342904112","ascension_level":3,"is_trial":false}