{"gold_per_floor":[117,117,133,63,63,94,112,139,139,17,17,36,66,83,83,83],"floor_reached":16,"playtime":1421,"items_purged":["Strike_R"],"score":239,"play_id":"9b2704fe-e6dc-4ed2-9f7f-4c1176cd7d52","local_time":"20190320222548","is_ascension_mode":true,"campfire_choices":[{"data":"True Grit","floor":11,"key":"SMITH"},{"data":"Uppercut","floor":15,"key":"SMITH"}],"neow_cost":"NONE","seed_source_timestamp":585451103872908,"circlet_count":0,"master_deck":["AscendersBane","Strike_R","Strike_R","Strike_R","Defend_R","Defend_R","Defend_R","Defend_R","Bash","Cleave","Corruption","Battle Trance","Barricade","True Grit+1","Pommel Strike","Uppercut+1","Shrug It Off","Disarm","Dark Embrace","Sentinel"],"relics":["Burning Blood","NeowsBlessing","Juzu Bracelet","Bottled Tornado","Molten Egg 2","Unceasing Top"],"potions_floor_usage":[8,8,14,16],"damage_taken":[{"damage":0,"enemies":"Cultist","floor":1,"turns":1},{"damage":0,"enemies":"Small Slimes","floor":3,"turns":1},{"damage":0,"enemies":"Gremlin Nob","floor":6,"turns":1},{"damage":7,"enemies":"Jaw Worm","floor":7,"turns":4},{"damage":43,"enemies":"3 Sentries","floor":8,"turns":9},{"damage":14,"enemies":"3 Louse","floor":12,"turns":3},{"damage":12,"enemies":"Lagavulin","floor":13,"turns":8},{"damage":0,"enemies":"Lots of Slimes","floor":14,"turns":1},{"damage":36,"enemies":"Hexaghost","floor":16,"turns":12}],"seed_played":"1708911818487741317","potions_obtained":[{"floor":2,"key":"Fire Potion"},{"floor":2,"key":"Block Potion"},{"floor":13,"key":"SteroidPotion"},{"floor":14,"key":"FearPotion"}],"is_trial":false,"path_per_floor":["M","?","M","$","?","E","M","E","T","$","R","M","E","M","R","B"],"character_chosen":"IRONCLAD","items_purchased":["Battle Trance","Shrug It Off"],"campfire_rested":0,"item_purchase_floors":[4,10],"current_hp_per_floor":[78,78,80,80,80,80,79,42,42,42,42,34,28,34,34,0],"gold":83,"neow_bonus":"THREE_ENEMY_KILL","is_prod":false,"is_daily":false,"chose_seed":false,"campfire_upgraded":2,"win_rate":0,"timestamp":1553145948,"path_taken":["M","?","?","$","?","E","M","E","T","?","R","M","E","M","R","BOSS"],"build_version":"2019-01-23","purchased_purges":1,"victory":false,"max_hp_per_floor":[80,80,80,80,80,80,80,80,80,80,80,80,80,80,80,80],"card_choices":[{"not_picked":["Headbutt","Flex"],"picked":"Cleave","floor":1},{"not_picked":["Headbutt","Armaments"],"picked":"Corruption","floor":3},{"not_picked":["Armaments","Carnage"],"picked":"True Grit","floor":6},{"not_picked":["Warcry","Bloodletting"],"picked":"Pommel Strike","floor":7},{"not_picked":["Cleave","Limit Break"],"picked":"Uppercut","floor":8},{"not_picked":["Clothesline+1","Havoc"],"picked":"Disarm","floor":12},{"not_picked":["Evolve","Perfected Strike+1"],"picked":"Dark Embrace","floor":13},{"not_picked":["Blood for Blood+1","Pommel Strike+1"],"picked":"Sentinel","floor":14}],"player_experience":523658,"relics_obtained":[{"floor":6,"key":"Juzu Bracelet"},{"floor":8,"key":"Bottled Tornado"},{"floor":9,"key":"Molten Egg 2"},{"floor":13,"key":"Unceasing Top"}],"event_choices":[{"damage_healed":0,"gold_gain":0,"player_choice":"Got Potions","damage_taken":0,"max_hp_gain":0,"max_hp_loss":0,"event_name":"Lab","floor":2,"gold_loss":0},{"damage_healed":0,"gold_gain":0,"cards_transformed":["Strike_R"],"player_choice":"Transformed","damage_taken":0,"max_hp_gain":0,"max_hp_loss":0,"event_name":"Transmorgrifier","floor":5,"gold_loss":0,"cards_obtained":["Barricade"]}],"is_beta":false,"boss_relics":[],"items_purged_floors":[10],"is_endless":false,"potions_floor_spawned":[3,13,14],"killed_by":"Hexaghost","ascension_level":13}