{"gold_per_floor":[111,111,130,149,159,189,189,208,231,231,306,321,350,350,350,449,449,466,484,502,17,17,46,58,58],"floor_reached":25,"playtime":1632,"items_purged":[],"score":309,"play_id":"706c9f0a-e840-4ed8-b9e9-1a6b273ba7a8","local_time":"20190718120158","is_ascension_mode":true,"campfire_choices":[{"floor":7,"key":"REST"},{"data":"Havoc","floor":10,"key":"SMITH"},{"data":"Infernal Blade","floor":15,"key":"SMITH"}],"neow_cost":"NONE","seed_source_timestamp":718075725335654,"circlet_count":0,"master_deck":["Strike_R","Strike_R","Strike_R","Strike_R","Strike_R","Defend_R","Defend_R","Defend_R","Defend_R+1","Bash","Armaments+1","Anger","Rampage","Flex","Infernal Blade+1","Havoc+1","Flex","Cleave","Barricade","Armaments","Corruption+1","Thunderclap","Dramatic Entrance","Hemokinesis","Wild Strike"],"relics":["Burning Blood","Strawberry","War Paint","Ancient Tea Set","Kunai","Busted Crown","Pear","Bag of Preparation","Dream Catcher"],"potions_floor_usage":[6,13,13,16,18,19,20,23,23],"damage_taken":[{"damage":8,"enemies":"2 Louse","floor":1,"turns":3},{"damage":1,"enemies":"Cultist","floor":3,"turns":4},{"damage":3,"enemies":"Small Slimes","floor":4,"turns":3},{"damage":0,"enemies":"Exordium Wildlife","floor":5,"turns":2},{"damage":21,"enemies":"Lagavulin","floor":6,"turns":7},{"damage":10,"enemies":"Large Slime","floor":8,"turns":6},{"damage":0,"enemies":"Blue Slaver","floor":12,"turns":3},{"damage":31,"enemies":"Gremlin Nob","floor":13,"turns":4},{"damage":26,"enemies":"Slime Boss","floor":16,"turns":8},{"damage":10,"enemies":"Spheric Guardian","floor":18,"turns":4},{"damage":9,"enemies":"2 Thieves","floor":19,"turns":2},{"damage":42,"enemies":"Snake Plant","floor":20,"turns":4},{"damage":25,"enemies":"Book of Stabbing","floor":23,"turns":4},{"damage":34,"enemies":"Snecko","floor":24,"turns":5},{"damage":22,"enemies":"Slavers","floor":25,"turns":2}],"seed_played":"-2570493479792118490","potions_obtained":[{"floor":2,"key":"EntropicBrew"},{"floor":2,"key":"SpeedPotion"},{"floor":2,"key":"Weak Potion"},{"floor":4,"key":"BloodPotion"},{"floor":13,"key":"Energy Potion"},{"floor":16,"key":"BloodPotion"},{"floor":18,"key":"LiquidBronze"},{"floor":19,"key":"LiquidBronze"}],"is_trial":false,"path_per_floor":["M","?","M","M","M","E","R","M","T","R","?","M","E","T","R","B",null,"M","M","M","$","?","E","M","E"],"character_chosen":"IRONCLAD","items_purchased":["Pear","Bag of Preparation","Dramatic Entrance"],"campfire_rested":1,"item_purchase_floors":[21,21,21],"current_hp_per_floor":[86,86,88,88,88,80,95,91,91,91,80,86,81,81,81,61,95,91,88,52,62,41,49,21,0],"gold":58,"neow_bonus":"TEN_PERCENT_HP_BONUS","is_prod":false,"is_daily":false,"chose_seed":false,"campfire_upgraded":2,"win_rate":0,"timestamp":1563465718,"path_taken":["M","?","M","?","M","E","R","M","T","R","?","M","E","?","R","BOSS","M","M","M","$","?","E","M","E"],"build_version":"2019-07-17","purchased_purges":0,"victory":false,"max_hp_per_floor":[88,88,88,88,88,95,95,95,95,95,95,95,95,95,95,95,95,95,95,95,105,110,110,110,110],"card_choices":[{"not_picked":["Flame Barrier","Dual Wield"],"picked":"Armaments","floor":1},{"not_picked":["Wild Strike","Heavy Blade"],"picked":"Anger","floor":3},{"not_picked":["Clothesline","Corruption"],"picked":"Rampage","floor":4},{"not_picked":["Headbutt","Demon Form"],"picked":"Flex","floor":5},{"not_picked":["Headbutt","Intimidate"],"picked":"Infernal Blade","floor":6},{"not_picked":["Warcry","Reckless Charge"],"picked":"Havoc","floor":8},{"not_picked":["Heavy Blade","Uppercut"],"picked":"Flex","floor":12},{"not_picked":["Pommel Strike","Flex"],"picked":"Cleave","floor":13},{"not_picked":["Brutality","Fiend Fire"],"picked":"Barricade","floor":16},{"not_picked":[],"picked":"Armaments","floor":18},{"not_picked":[],"picked":"Corruption+1","floor":19},{"not_picked":[],"picked":"Thunderclap","floor":20},{"not_picked":[],"picked":"Hemokinesis","floor":23},{"not_picked":[],"picked":"Wild Strike","floor":24}],"player_experience":145941,"relics_obtained":[{"floor":6,"key":"Strawberry"},{"floor":9,"key":"War Paint"},{"floor":13,"key":"Ancient Tea Set"},{"floor":14,"key":"Kunai"},{"floor":23,"key":"Dream Catcher"}],"event_choices":[{"damage_healed":0,"gold_gain":0,"player_choice":"Got Potions","damage_taken":0,"max_hp_gain":0,"max_hp_loss":0,"event_name":"Lab","floor":2,"gold_loss":0},{"damage_healed":0,"gold_gain":75,"player_choice":"Gather Gold","damage_taken":11,"max_hp_gain":0,"max_hp_loss":0,"event_name":"World of Goop","floor":11,"gold_loss":0},{"damage_healed":0,"gold_gain":0,"player_choice":"Shed Blood","damage_taken":26,"max_hp_gain":5,"max_hp_loss":0,"event_name":"Forgotten Altar","floor":22,"gold_loss":0}],"is_beta":false,"boss_relics":[{"not_picked":["White Beast Statue","Ectoplasm"],"picked":"Busted Crown"}],"items_purged_floors":[],"is_endless":false,"potions_floor_spawned":[3,4,13,16,18,19],"killed_by":"Slavers","ascension_level":2}