{"gold_per_floor":[117,117,192,11,11,38,38,71,71,83,83,112,112,112,112,214,214,232,50,69,69,89,89,124,155,167,212,224,262,286,315,327,440,452,479,501,39,39,55,86,98,123,123,148,168,168,168,5,5,5,5,5,5,33,33],"floor_reached":56,"playtime":7518,"items_purged":["Strike_B","Strike_B"],"score":1775,"play_id":"e3cddfd6-e3d5-4797-8358-3e546398bcbb","local_time":"20190205134341","is_ascension_mode":true,"campfire_choices":[{"data":"Sunder","floor":7.0,"key":"SMITH"},{"data":"Zap","floor":11.0,"key":"SMITH"},{"data":"Dualcast","floor":13.0,"key":"SMITH"},{"data":"Hyperbeam","floor":15.0,"key":"SMITH"},{"data":"RitualDagger","floor":23.0,"key":"SMITH"},{"data":"Fusion","floor":32.0,"key":"SMITH"},{"floor":47.0,"key":"RECALL"},{"data":"Fission","floor":49.0,"key":"SMITH"},{"data":"Loop","floor":52.0,"key":"SMITH"}],"neow_cost":"NONE","seed_source_timestamp":314669609749896,"circlet_count":0,"master_deck":["Strike_B","Defend_B","Defend_B+1","Defend_B","Zap+1","Dualcast+1","Go for the Eyes","Ball Lightning+1","Sunder+1","Hyperbeam+1","Electrodynamics","Turbo","Genetic Algorithm","Biased Cognition","Hologram","Loop+1","PanicButton+1","Leap","Cold Snap+1","RitualDagger+1","Barrage+1","Thunder Strike","Beam Cell+1","Conserve Battery+1","Fusion+1","Steam Power+1","Fission+1","Skim","Thinking Ahead","Madness","Coolheaded+1","Steam Power+1","Coolheaded+1","Hologram+1","Mayhem+1"],"special_seed":0,"relics":["Cracked Core","Pantograph","Potion Belt","FossilizedHelix","Mummified Hand","Bronze Scales","Black Star","MawBank","Bird Faced Urn","Orichalcum","Bag of Preparation","Blood Vial","MutagenicStrength","Ornamental Fan","War Paint","White Beast Statue","Strange Spoon","Centennial Puzzle","Gremlin Horn","Frozen Egg 2","Whetstone","Anchor","Unceasing Top","Vajra","DataDisk"],"potions_floor_usage":[55,55,55,55],"damage_taken":[{"damage":0.0,"enemies":"Small Slimes","floor":1.0,"turns":2.0},{"damage":17.0,"enemies":"3 Sentries","floor":6.0,"turns":6.0},{"damage":13.0,"enemies":"Gremlin Nob","floor":8.0,"turns":3.0},{"damage":0.0,"enemies":"Jaw Worm","floor":10.0,"turns":2.0},{"damage":10.0,"enemies":"3 Sentries","floor":12.0,"turns":5.0},{"damage":0.0,"enemies":"Slime Boss","floor":16.0,"turns":5.0},{"damage":8.0,"enemies":"2 Thieves","floor":18.0,"turns":2.0},{"damage":0.0,"enemies":"Chosen","floor":20.0,"turns":4.0},{"damage":0.0,"enemies":"Centurion and Healer","floor":22.0,"turns":3.0},{"damage":0.0,"enemies":"Gremlin Leader","floor":24.0,"turns":4.0},{"damage":0.0,"enemies":"Cultist and Chosen","floor":25.0,"turns":4.0},{"damage":0.0,"enemies":"Slavers","floor":27.0,"turns":3.0},{"damage":6.0,"enemies":"Book of Stabbing","floor":29.0,"turns":4.0},{"damage":0.0,"enemies":"Chosen and Byrds","floor":30.0,"turns":4.0},{"damage":0.0,"enemies":"Snecko","floor":31.0,"turns":3.0},{"damage":42.0,"enemies":"Automaton","floor":33.0,"turns":8.0},{"damage":1.0,"enemies":"3 Darklings","floor":35.0,"turns":4.0},{"damage":2.0,"enemies":"Orb Walker","floor":36.0,"turns":3.0},{"damage":0.0,"enemies":"Transient","floor":39.0,"turns":5.0},{"damage":16.0,"enemies":"Nemesis","floor":40.0,"turns":7.0},{"damage":0.0,"enemies":"3 Darklings","floor":41.0,"turns":2.0},{"damage":0.0,"enemies":"Giant Head","floor":42.0,"turns":7.0},{"damage":0.0,"enemies":"Nemesis","floor":44.0,"turns":5.0},{"damage":1.0,"enemies":"4 Shapes","floor":45.0,"turns":3.0},{"damage":0.0,"enemies":"Donu and Deca","floor":50.0,"turns":5.0},{"damage":0.0,"enemies":"Shield and Spear","floor":54.0,"turns":3.0},{"damage":64,"enemies":"The Heart","floor":55,"turns":8}],"seed_played":"1805759154987758750","potions_obtained":[{"floor":6.0,"key":"FearPotion"},{"floor":8.0,"key":"Swift Potion"},{"floor":12.0,"key":"SkillPotion"},{"floor":16.0,"key":"EssenceOfSteel"},{"floor":22.0,"key":"FearPotion"},{"floor":24.0,"key":"SteroidPotion"},{"floor":25.0,"key":"GamblersBrew"},{"floor":30.0,"key":"PowerPotion"},{"floor":35.0,"key":"Swift Potion"},{"floor":36.0,"key":"Energy Potion"},{"floor":39.0,"key":"SpeedPotion"},{"floor":40.0,"key":"Weak Potion"},{"floor":41.0,"key":"LiquidBronze"},{"floor":42.0,"key":"FocusPotion"},{"floor":45.0,"key":"SkillPotion"},{"floor":54.0,"key":"FocusPotion"}],"is_trial":false,"path_per_floor":["M","?","?","$","T","E","R","E","T","M","R","E","R","?","R","B",null,"M","$","M","?","M","R","E","M","T","E","?","E","M","M","R","B",null,"M","M","$","?","M","E","M","E","T","E","M","?","R","$","R","B",null,"R","$","E","B",null],"character_chosen":"DEFECT","items_purchased":["Ball Lightning","Sunder","Loop","PanicButton","Leap","Strange Spoon","Thinking Ahead","Mayhem+1"],"campfire_rested":0,"item_purchase_floors":[4,4,19,19,19,37,37,48],"current_hp_per_floor":[75,80,69,69,69,52,52,39,39,39,39,29,29,22,22,47,80,72,72,72,66,66,66,66,66,66,66,66,64,72,80,80,40,80,80,80,80,70,78,66,72,80,80,80,80,80,80,80,80,80,80,80,80,80,20],"gold":33,"neow_bonus":"REMOVE_CARD","is_prod":false,"is_daily":false,"chose_seed":false,"campfire_upgraded":8,"win_rate":0,"timestamp":1549403021,"path_taken":["M","?","?","?","?","E","R","E","T","M","R","E","R","?","R","BOSS","M","$","M","?","M","R","E","M","T","E","?","E","?","M","R","BOSS","M","M","$","?","M","E","M","E","T","E","M","?","R","$","R","BOSS","R","$","E","BOSS"],"build_version":"2019-01-23","purchased_purges":2,"victory":true,"max_hp_per_floor":[75,80,80,80,80,80,80,80,80,80,80,80,80,80,80,80,80,80,80,80,80,80,80,80,80,80,80,80,80,80,80,80,80,80,80,80,80,80,80,80,80,80,80,80,80,80,80,80,80,80,80,80,80,80,80],"card_choices":[{"not_picked":["Rebound","Redo"],"picked":"Go for the Eyes","floor":1.0},{"not_picked":["Rip and Tear","Hello World"],"picked":"Hyperbeam","floor":6.0},{"not_picked":["Skim","Double Energy"],"picked":"Electrodynamics","floor":8.0},{"not_picked":["Rebound","White Noise"],"picked":"Turbo","floor":10.0},{"not_picked":["Seek","Multi-Cast"],"picked":"Genetic Algorithm","floor":12.0},{"not_picked":["Thunder Strike","Core Surge"],"picked":"Biased Cognition","floor":16.0},{"not_picked":["Streamline","Static Discharge"],"picked":"Hologram","floor":18.0},{"not_picked":["Rebound+1","Leap+1"],"picked":"Cold Snap+1","floor":20.0},{"not_picked":["Sweeping Beam","Hologram"],"picked":"Barrage+1","floor":22.0},{"not_picked":["Rebound","Rip and Tear+1","Darkness"],"picked":"SKIP","floor":24.0},{"not_picked":["Gash","Redo+1"],"picked":"Thunder Strike","floor":25.0},{"not_picked":["Conserve Battery","Compile Driver"],"picked":"Beam Cell","floor":27.0},{"not_picked":["Sweeping Beam","Aggregate"],"picked":"Conserve Battery+1","floor":29.0},{"not_picked":["Hologram","Chaos"],"picked":"Fusion","floor":30.0},{"not_picked":["Scrape","Ball Lightning"],"picked":"Steam Power+1","floor":31.0},{"not_picked":["Echo Form","All For One"],"picked":"Fission","floor":33.0},{"not_picked":["Reinforced Body","Chaos"],"picked":"Skim","floor":35.0},{"not_picked":["Auto Shields","Cold Snap","Barrage+1"],"picked":"SKIP","floor":36.0},{"not_picked":["Self Repair","Streamline+1"],"picked":"Coolheaded+1","floor":39.0},{"not_picked":["BootSequence","Coolheaded+1"],"picked":"Steam Power+1","floor":40.0},{"not_picked":["Chill","Steam"],"picked":"Coolheaded+1","floor":41.0},{"not_picked":["Scrape+1","FTL+1"],"picked":"Hologram+1","floor":42.0},{"not_picked":["Coolheaded+1","Leap","Doom and Gloom"],"picked":"SKIP","floor":44.0},{"not_picked":["Sweeping Beam","Gash+1","Genetic Algorithm+1"],"picked":"SKIP","floor":45.0},{"not_picked":["Blizzard+1","Gash","Barrage+1"],"picked":"SKIP","floor":54.0}],"player_experience":460433,"relics_obtained":[{"floor":5.0,"key":"Pantograph"},{"floor":6.0,"key":"Potion Belt"},{"floor":8.0,"key":"FossilizedHelix"},{"floor":9.0,"key":"Mummified Hand"},{"floor":12.0,"key":"Bronze Scales"},{"floor":24.0,"key":"MawBank"},{"floor":24.0,"key":"Bird Faced Urn"},{"floor":26.0,"key":"Orichalcum"},{"floor":27.0,"key":"Bag of Preparation"},{"floor":27.0,"key":"Blood Vial"},{"floor":29.0,"key":"Ornamental Fan"},{"floor":29.0,"key":"War Paint"},{"floor":40.0,"key":"Centennial Puzzle"},{"floor":40.0,"key":"Gremlin Horn"},{"floor":42.0,"key":"Frozen Egg 2"},{"floor":42.0,"key":"Whetstone"},{"floor":44.0,"key":"Anchor"},{"floor":44.0,"key":"Unceasing Top"},{"floor":54.0,"key":"Vajra"},{"floor":54.0,"key":"DataDisk"}],"event_choices":[{"damage_healed":0.0,"max_hp_gain":5.0,"max_hp_loss":0.0,"gold_gain":0.0,"event_name":"Big Fish","player_choice":"Donut","floor":2.0,"gold_loss":0.0,"damage_taken":0.0},{"damage_healed":0.0,"max_hp_gain":0.0,"max_hp_loss":0.0,"gold_gain":75.0,"event_name":"World of Goop","player_choice":"Gather Gold","floor":3.0,"gold_loss":0.0,"damage_taken":11.0},{"cards_removed":["Strike_B"],"damage_healed":0.0,"max_hp_gain":0.0,"max_hp_loss":0.0,"gold_gain":0.0,"event_name":"Golden Wing","player_choice":"Card Removal","floor":14.0,"gold_loss":0.0,"damage_taken":7.0},{"damage_healed":0.0,"max_hp_gain":0.0,"max_hp_loss":0.0,"gold_gain":0.0,"event_name":"Nest","player_choice":"Joined the Cult","floor":21.0,"gold_loss":0.0,"damage_taken":6.0,"cards_obtained":["RitualDagger"]},{"damage_healed":0.0,"max_hp_gain":0.0,"max_hp_loss":0.0,"gold_gain":0.0,"event_name":"Drug Dealer","player_choice":"Inject Mutagens","floor":28.0,"gold_loss":0.0,"damage_taken":0.0,"relics_obtained":["MutagenicStrength"]},{"damage_healed":0.0,"max_hp_gain":0.0,"max_hp_loss":0.0,"gold_gain":0.0,"event_name":"Winding Halls","player_choice":"Embrace Madness","floor":38.0,"gold_loss":0.0,"damage_taken":10.0,"cards_obtained":["Madness","Madness"]},{"cards_removed":["Madness"],"damage_healed":0.0,"max_hp_gain":0.0,"max_hp_loss":0.0,"gold_gain":0.0,"event_name":"Bonfire Elementals","player_choice":"Offered Uncommon","floor":46.0,"gold_loss":0.0,"damage_taken":0.0}],"is_beta":false,"boss_relics":[{"not_picked":["Orrery","Inserter"],"picked":"Black Star"},{"not_picked":["Fusion Hammer","Busted Crown"],"picked":"White Beast Statue"}],"items_purged_floors":[4,37],"is_endless":false,"potions_floor_spawned":[6,8,12,16,22,24,25,30,35,36,39,40,41,42,45,54],"ascension_level":3}