{"path_per_floor":["M","?","M","?","M","R","E","R","T","E","?","$","E","M","R","B",null,"M","$","M","?","M","R","M","E","T","E","R","T","R","E","R","B",null,"M","M","?","T","M","R","M","?","T","T","$","M","M","E","R","B"],"character_chosen":"IRONCLAD","items_purchased":["True Grit","Pantograph","Offering","Battle Trance","Lantern"],"gold_per_floor":[117,117,130,130,150,150,193,193,193,236,411,2,37,61,61,191,191,209,59,77,77,91,91,115,155,202,235,235,235,235,278,278,401,401,417,437,437,484,504,504,517,517,517,517,271,289,303,338,338,338],"floor_reached":51,"campfire_rested":2,"playtime":6016,"current_hp_per_floor":[72,72,72,54,58,58,26,47,47,34,34,34,39,44,44,61,69,41,41,35,60,56,56,37,19,19,27,66,66,66,72,72,55,81,92,91,91,91,86,86,81,81,81,81,81,83,95,100,100,102],"items_purged":["Doubt","Strike_R"],"gold":338,"score":1217,"play_id":"844cf44a-5cdf-4997-9135-048e5a75c2b5","local_time":"20180508225112","is_prod":false,"is_daily":false,"chose_seed":false,"is_ascension_mode":true,"campfire_upgraded":7,"timestamp":1525845072,"path_taken":["M","?","M","?","?","R","E","R","T","E","?","$","E","M","R","BOSS","M","$","M","?","?","R","M","E","T","E","R","?","R","E","R","BOSS","M","M","?","?","?","R","M","?","T","?","$","M","?","E","R","BOSS"],"build_version":"2018-05-07","seed_source_timestamp":296710807614791,"purchased_purges":2,"victory":true,"master_deck":["Strike_R","Defend_R+1","Bash","AscendersBane","Headbutt","Dark Shackles","Cleave","Clothesline+1","Rage","Demon Form+1","True Grit+1","Offering","Anger+1","Armaments+1","Feed","Intimidate+1","Battle Trance","Feel No Pain+1","Havoc+1","Inflame+1","Armaments+1","Limit Break+1","Intimidate+1","Sword Boomerang+1","Immolate+1","Dual Wield+1","Juggernaut","Warcry+1","Rage+1","Pummel+1","Impervious+1"],"max_hp_per_floor":[72,72,72,72,72,72,72,72,72,72,72,72,72,72,72,72,72,75,75,75,75,79,79,79,79,79,83,83,83,83,86,86,90,90,94,97,97,97,97,97,101,101,101,101,101,104,107,107,107,107],"relics":["Burning Blood","Golden Idol","Shuriken","Gambling Chip","Magic Flower","Pantograph","Omamori","Mark of Pain","Thread and Needle","Regal Pillow","Anchor","Pen Nib","Toxic Egg 2","Astrolabe","War Paint","Vajra","Mummified Hand","Lantern","Orichalcum"],"card_choices":[{"not_picked":["Twin Strike","Pommel Strike"],"picked":"Headbutt","floor":1.0},{"not_picked":["Clash","Bloodletting"],"picked":"Cleave","floor":3.0},{"not_picked":["Body Slam","Cleave"],"picked":"Clothesline","floor":5.0},{"not_picked":["Fire Breathing","Wild Strike"],"picked":"Rage","floor":7.0},{"not_picked":["True Grit","Shrug It Off"],"picked":"Demon Form","floor":10.0},{"not_picked":["Carnage","Thunderclap"],"picked":"Anger","floor":13.0},{"not_picked":["Body Slam","Uppercut"],"picked":"Armaments","floor":14.0},{"not_picked":["Demon Form","Impervious"],"picked":"Feed","floor":16.0},{"not_picked":["Entrench","Clothesline"],"picked":"Intimidate","floor":18.0},{"not_picked":["Combust","Anger"],"picked":"Feel No Pain","floor":20.0},{"not_picked":["Inflame","Perfected Strike"],"picked":"Havoc","floor":25.0},{"not_picked":["Intimidate","Pommel Strike"],"picked":"Inflame","floor":27.0},{"not_picked":["Wild Strike","Brutality"],"picked":"Armaments","floor":31.0},{"not_picked":["Feed","Juggernaut"],"picked":"Limit Break","floor":33.0},{"not_picked":["Anger","Twin Strike"],"picked":"Dual Wield","floor":36.0},{"not_picked":["Twin Strike","Fire Breathing"],"picked":"Warcry","floor":39.0},{"not_picked":["Burning Pact","Headbutt"],"picked":"Rage","floor":46.0},{"not_picked":["Armaments","Clothesline"],"picked":"Pummel","floor":47.0},{"not_picked":["Warcry","Entrench"],"picked":"Impervious","floor":48.0}],"player_experience":616443,"potions_floor_usage":[50,50],"damage_taken":[{"damage":0.0,"enemies":"Small Slimes","floor":1.0,"turns":4.0},{"damage":0.0,"enemies":"Cultist","floor":3.0,"turns":3.0},{"damage":2.0,"enemies":"Jaw Worm","floor":5.0,"turns":4.0},{"damage":38.0,"enemies":"Lagavulin","floor":7.0,"turns":6.0},{"damage":19.0,"enemies":"Gremlin Nob","floor":10.0,"turns":5.0},{"damage":4.0,"enemies":"3 Sentries","floor":13.0,"turns":5.0},{"damage":4.0,"enemies":"2 Fungi Beasts","floor":14.0,"turns":2.0},{"damage":20.0,"enemies":"The Guardian","floor":16.0,"turns":11.0},{"damage":42.0,"enemies":"Chosen","floor":18.0,"turns":6.0},{"damage":15.0,"enemies":"3 Byrds","floor":20.0,"turns":7.0},{"damage":19.0,"enemies":"Centurion and Healer","floor":22.0,"turns":8.0},{"damage":28.0,"enemies":"Snecko","floor":24.0,"turns":6.0},{"damage":27.0,"enemies":"Gremlin Leader","floor":25.0,"turns":6.0},{"damage":7.0,"enemies":"Book of Stabbing","floor":27.0,"turns":7.0},{"damage":8.0,"enemies":"Slavers","floor":31.0,"turns":6.0},{"damage":46.0,"enemies":"Automaton","floor":33.0,"turns":11.0},{"damage":4.0,"enemies":"3 Shapes","floor":35.0,"turns":8.0},{"damage":15.0,"enemies":"Flame Bruiser 1 Orb","floor":36.0,"turns":4.0},{"damage":14.0,"enemies":"3 Darklings","floor":39.0,"turns":4.0},{"damage":20.0,"enemies":"Maw","floor":41.0,"turns":8.0},{"damage":12.0,"enemies":"Flame Bruiser 2 Orb","floor":46.0,"turns":4.0},{"damage":2.0,"enemies":"4 Shapes","floor":47.0,"turns":3.0},{"damage":4.0,"enemies":"Nemesis","floor":48.0,"turns":3.0},{"damage":14,"enemies":"Time Eater","floor":50,"turns":6}],"event_choices":[{"event_name":"Match and Keep!","player_choice":"1 cards matched","floor":2.0,"damage_taken":0.0},{"event_name":"Golden Idol","player_choice":"Take Damage","floor":4.0,"damage_taken":0.0},{"event_name":"Liars Game","player_choice":"agreed","floor":11.0,"damage_taken":0.0},{"event_name":"The Library","player_choice":"Heal","floor":21.0,"damage_taken":0.0},{"event_name":"Transmorgrifier","player_choice":"Transform","floor":37.0,"damage_taken":0.0},{"event_name":"Tomb of Lord Red Mask","player_choice":"Ignored","floor":42.0,"damage_taken":0.0}],"boss_relics":[],"potions_floor_spawned":[5,10,13,18,24,27,35,41,46],"seed_played":"-1301773149260840350","ascension_level":10,"is_trial":false}