{"gold_per_floor":[113,388,404,404,27,27,85,85,85,128,139,247,247,310,310,413,413,450,450,450,469,55,55,255,314,338,353,371,371,449,490,490,588,588,603,603,682,696,164,164,194,194,194,28,83,102,102,134,134,134,134,134,134,9,38,38],"floor_reached":57,"playtime":12341,"items_purged":["Pain","Strike_P","Strike_P"],"score":3122,"play_id":"9c079d55-53ba-4e52-831a-85ffbc7f58ac","local_time":"20190916001654","is_ascension_mode":true,"campfire_choices":[{"data":"HandOfGreed","floor":6.0,"key":"SMITH"},{"data":"BowlingBash","floor":8.0,"key":"SMITH"},{"data":"Consecrate","floor":15.0,"key":"SMITH"},{"floor":23.0,"key":"REST"},{"floor":29.0,"key":"REST"},{"floor":32.0,"key":"DIG"},{"floor":40.0,"key":"REST"},{"data":"Establishment","floor":42.0,"key":"SMITH"},{"floor":47.0,"key":"RECALL"},{"data":"Alpha","floor":49.0,"key":"SMITH"},{"floor":53.0,"key":"DIG"}],"neow_cost":"NONE","seed_source_timestamp":0,"circlet_count":0,"master_deck":["AscendersBane","Strike_P+1","Strike_P+1","Defend_P+1","Defend_P+1","Defend_P+1","Defend_P+1","Eruption+1","Vigilance+1","Collect+1","BowlingBash+1","HandOfGreed+1","CutThroughFate+1","LessonLearned+1","Consecrate+1","ClearTheMind+1","Meditate+1","EmptyBody+1","DeusExMachina+1","Protect+1","Blasphemy+1","Establishment+1","MentalFortress","Fasting+1","Tantrum+1","CrushJoints","Vengeance+1","TalkToTheHand+1","JustLucky+1","EmptyMind+1","EmptyBody","FlurryOfBlows","DevaForm+1","Alpha+1","ClearTheMind"],"special_seed":0,"relics":["PureWater","OrangePellets","Calipers","Mummified Hand","Tiny Chest","WarpedTongs","Black Star","MutagenicStrength","InkBottle","Anchor","Regal Pillow","Blood Vial","Omamori","PreservedInsect","Shovel","Vajra","Sundial","Snecko Eye","Dead Branch","Orrery","Ancient Tea Set","Toy Ornithopter","White Beast Statue","Chemical X","Lantern","War Paint","Whetstone","Bottled Flame","Pear","Eternal Feather","Letter Opener"],"potions_floor_usage":[],"damage_taken":[{"damage":7.0,"enemies":"Jaw Worm","floor":1.0,"turns":4.0},{"damage":2.0,"enemies":"Cultist","floor":3.0,"turns":3.0},{"damage":0.0,"enemies":"Lagavulin","floor":7.0,"turns":4.0},{"damage":0.0,"enemies":"2 Louse","floor":10.0,"turns":2.0},{"damage":0.0,"enemies":"2 Fungi Beasts","floor":11.0,"turns":2.0},{"damage":14.0,"enemies":"3 Sentries","floor":12.0,"turns":6.0},{"damage":1.0,"enemies":"Gremlin Gang","floor":14.0,"turns":5.0},{"damage":10.0,"enemies":"Slime Boss","floor":16.0,"turns":10.0},{"damage":27.0,"enemies":"2 Thieves","floor":18.0,"turns":4.0},{"damage":19.0,"enemies":"Spheric Guardian","floor":21.0,"turns":4.0},{"damage":35.0,"enemies":"Gremlin Leader","floor":25.0,"turns":5.0},{"damage":5.0,"enemies":"Snecko","floor":27.0,"turns":4.0},{"damage":5.0,"enemies":"Snake Plant","floor":28.0,"turns":3.0},{"damage":0.0,"enemies":"Slavers","floor":30.0,"turns":4.0},{"damage":0.0,"enemies":"Cultist and Chosen","floor":31.0,"turns":3.0},{"damage":6.0,"enemies":"Champ","floor":33.0,"turns":12.0},{"damage":26.0,"enemies":"3 Darklings","floor":35.0,"turns":5.0},{"damage":17.0,"enemies":"2 Orb Walkers","floor":37.0,"turns":3.0},{"damage":0.0,"enemies":"Orb Walker","floor":38.0,"turns":3.0},{"damage":1.0,"enemies":"Nemesis","floor":41.0,"turns":3.0},{"damage":1.0,"enemies":"Reptomancer","floor":45.0,"turns":4.0},{"damage":0.0,"enemies":"Jaw Worm Horde","floor":46.0,"turns":8.0},{"damage":0.0,"enemies":"Giant Head","floor":48.0,"turns":4.0},{"damage":5.0,"enemies":"Time Eater","floor":50.0,"turns":10.0},{"damage":0.0,"enemies":"Awakened One","floor":51.0,"turns":8.0},{"damage":29.0,"enemies":"Shield and Spear","floor":55.0,"turns":4.0},{"damage":11,"enemies":"The Heart","floor":56,"turns":10}],"seed_played":"-7415547118807129625","potions_obtained":[{"floor":1.0,"key":"Explosive Potion"},{"floor":3.0,"key":"FairyPotion"},{"floor":14.0,"key":"PowerPotion"},{"floor":18.0,"key":"Regen Potion"},{"floor":25.0,"key":"SteroidPotion"},{"floor":41.0,"key":"Dexterity Potion"},{"floor":46.0,"key":"StancePotion"},{"floor":48.0,"key":"FearPotion"},{"floor":55.0,"key":"Block Potion"}],"is_trial":false,"path_per_floor":["M","?","M","?","$","R","E","R","T","M","M","E","?","M","R","B",null,"M","?","T","M","$","R","?","E","T","M","M","R","E","M","R","B",null,"M","?","?","M","$","R","E","R","T","$","E","M","R","E","R","B","B",null,"R","$","E","B",null],"character_chosen":"WATCHER","items_purchased":["HandOfGreed","OrangePellets","CutThroughFate","Anchor","Regal Pillow","Orrery","Ancient Tea Set","EmptyBody","FlurryOfBlows","Chemical X"],"campfire_rested":3,"item_purchase_floors":[5,5,5,22,22,39,39,39,39,44],"current_hp_per_floor":[48,48,46,46,46,46,46,46,46,46,46,32,32,31,31,21,51,24,24,24,5,5,38,38,17,17,14,11,44,46,48,48,44,57,33,33,18,20,20,53,54,54,54,54,55,61,61,61,61,61,61,61,71,71,42,33],"gold":38,"neow_bonus":"UPGRADE_CARD","is_prod":false,"is_daily":false,"chose_seed":false,"campfire_upgraded":5,"win_rate":0,"timestamp":1568618214,"path_taken":["M","?","?","?","$","R","E","R","T","M","M","E","?","?","R","BOSS","M","?","?","?","$","R","?","E","T","M","M","R","E","?","R","BOSS","M","?","?","M","$","R","E","R","T","?","E","M","R","E","R","BOSS","BOSS","R","$","E","BOSS"],"build_version":"2019-09-12","purchased_purges":3,"victory":true,"max_hp_per_floor":[61,61,61,61,61,61,61,61,61,61,61,61,61,61,61,61,61,61,61,61,61,61,61,61,61,61,61,61,61,61,61,61,61,61,61,61,61,61,61,61,61,61,61,61,61,61,61,61,61,61,61,61,71,71,71,71],"card_choices":[{"not_picked":["EmptyMind","Consecrate"],"picked":"Collect","floor":1.0},{"not_picked":["Weave","FollowUp"],"picked":"BowlingBash","floor":3.0},{"not_picked":["EmptyBody","FollowUp"],"picked":"LessonLearned","floor":7.0},{"not_picked":["WaveOfTheHand","ThirdEye"],"picked":"Consecrate","floor":10.0},{"not_picked":["Collect","Weave"],"picked":"ClearTheMind","floor":11.0},{"not_picked":["CleanseEvil","ClearTheMind"],"picked":"Meditate","floor":12.0},{"not_picked":["SandsOfTime","Worship"],"picked":"EmptyBody","floor":14.0},{"not_picked":["SignatureMove","Unraveling"],"picked":"DeusExMachina","floor":16.0},{"not_picked":["BowlingBash","Weave"],"picked":"Protect","floor":18.0},{"not_picked":["BowlingBash","EmptyBody"],"picked":"ThirdEye+1","floor":21.0},{"not_picked":["FlurryOfBlows","Weave"],"picked":"Blasphemy","floor":25.0},{"not_picked":["Crescendo+1","ThirdEye"],"picked":"Establishment","floor":27.0},{"not_picked":["Devotion","ClearTheMind"],"picked":"MentalFortress","floor":28.0},{"not_picked":["FollowUp","ThirdEye+1"],"picked":"Fasting","floor":30.0},{"not_picked":["Consecrate","FollowUp","Meditate"],"picked":"SKIP","floor":31.0},{"not_picked":["Weave","Evaluate+1"],"picked":"Tantrum","floor":35.0},{"not_picked":["Consecrate","CutThroughFate+1"],"picked":"CrushJoints","floor":37.0},{"not_picked":["CutThroughFate","EmptyFist"],"picked":"Vengeance+1","floor":38.0},{"not_picked":["FlyingSleeves","Prostrate"],"picked":"TalkToTheHand","floor":39.0},{"not_picked":["ThirdEye","Crescendo"],"picked":"JustLucky+1","floor":39.0},{"not_picked":["Clarity+1","Pray"],"picked":"EmptyMind+1","floor":39.0},{"not_picked":["Pray","Crescendo"],"picked":"DevaForm","floor":41.0},{"not_picked":["Weave","BowlingBash","FlyingSleeves+1"],"picked":"SKIP","floor":45.0},{"not_picked":["Sanctity","Consecrate","ClearTheMind"],"picked":"SKIP","floor":46.0},{"not_picked":["FearNoEvil+1","Halt"],"picked":"Alpha","floor":48.0},{"not_picked":["ThirdEye","CrushJoints"],"picked":"ClearTheMind","floor":55.0}],"player_experience":1088987,"relics_obtained":[{"floor":7.0,"key":"Calipers"},{"floor":9.0,"key":"Mummified Hand"},{"floor":12.0,"key":"Tiny Chest"},{"floor":20.0,"key":"InkBottle"},{"floor":25.0,"key":"Blood Vial"},{"floor":25.0,"key":"Omamori"},{"floor":26.0,"key":"PreservedInsect"},{"floor":30.0,"key":"Shovel"},{"floor":30.0,"key":"Vajra"},{"floor":32.0,"key":"Sundial"},{"floor":37.0,"key":"Dead Branch"},{"floor":41.0,"key":"Toy Ornithopter"},{"floor":41.0,"key":"White Beast Statue"},{"floor":45.0,"key":"Lantern"},{"floor":45.0,"key":"War Paint"},{"floor":48.0,"key":"Whetstone"},{"floor":48.0,"key":"Bottled Flame"},{"floor":53.0,"key":"Pear"},{"floor":55.0,"key":"Eternal Feather"},{"floor":55.0,"key":"Letter Opener"}],"event_choices":[{"damage_healed":0.0,"max_hp_gain":0.0,"max_hp_loss":0.0,"gold_gain":275.0,"event_name":"Golden Shrine","player_choice":"Desecrate","floor":2.0,"gold_loss":0.0,"damage_taken":0.0,"cards_obtained":["Regret"]},{"cards_removed":["Regret"],"damage_healed":0.0,"max_hp_gain":0.0,"max_hp_loss":0.0,"gold_gain":0.0,"event_name":"Living Wall","player_choice":"Forget","floor":4.0,"gold_loss":0.0,"damage_taken":0.0},{"damage_healed":0.0,"max_hp_gain":0.0,"max_hp_loss":0.0,"gold_gain":0.0,"event_name":"Accursed Blacksmith","player_choice":"Rummage","floor":13.0,"gold_loss":0.0,"damage_taken":0.0,"relics_obtained":["WarpedTongs"],"cards_obtained":["Pain"]},{"damage_healed":0.0,"max_hp_gain":0.0,"max_hp_loss":0.0,"gold_gain":0.0,"event_name":"Drug Dealer","player_choice":"Inject Mutagens","floor":19.0,"gold_loss":0.0,"damage_taken":0.0,"relics_obtained":["MutagenicStrength"]},{"damage_healed":0.0,"max_hp_gain":0.0,"max_hp_loss":0.0,"gold_gain":250.0,"event_name":"The Joust","player_choice":"Bet on Owner","floor":24.0,"gold_loss":50.0,"damage_taken":0.0},{"cards_removed":["ThirdEye"],"damage_healed":0.0,"max_hp_gain":0.0,"max_hp_loss":0.0,"gold_gain":0.0,"event_name":"Falling","player_choice":"Removed Skill","floor":36.0,"gold_loss":0.0,"damage_taken":0.0},{"damage_healed":0.0,"max_hp_gain":0.0,"max_hp_loss":0.0,"gold_gain":0.0,"event_name":"Mysterious Sphere","player_choice":"Fight","floor":37.0,"gold_loss":0.0,"damage_taken":0.0}],"is_beta":true,"boss_relics":[{"not_picked":["Cursed Key","Tiny House"],"picked":"Black Star"},{"not_picked":["Coffee Dripper","Velvet Choker"],"picked":"Snecko Eye"}],"items_purged_floors":[22,39,54],"is_endless":false,"potions_floor_spawned":[1,3,14,18,25,30,31,35,38,41,46,48,55],"ascension_level":20}