{"gold_per_floor":[115,115,134,144,160,160,170,170,245,279,279,289,289,303,303,406,406,420,420,439,189,204,219,247,247,247,247,247,4,15,35,35,35],"floor_reached":33,"playtime":1504,"items_purged":["Strike_G"],"score":366,"play_id":"5856d1c5-8296-4cb2-a7cd-7c0b36152e34","local_time":"20190902013830","is_ascension_mode":true,"campfire_choices":[{"data":"Wraith Form v2","floor":6,"key":"SMITH"},{"data":"Caltrops","floor":8,"key":"SMITH"},{"floor":13,"key":"REST"},{"data":"Terror","floor":15,"key":"SMITH"},{"floor":25,"key":"REST"},{"floor":28,"key":"REST"},{"floor":32,"key":"REST"}],"neow_cost":"NONE","seed_source_timestamp":540878796762399,"circlet_count":0,"master_deck":["Strike_G","Strike_G","Strike_G","Strike_G","Defend_G","Defend_G","Defend_G","Defend_G","Defend_G","Survivor","Neutralize","Wraith Form v2+1","Well Laid Plans","Sucker Punch","Caltrops+1","Terror+1","Deflect","Cloak And Dagger","Dagger Spray","Die Die Die","Slice","Adrenaline","Backstab","Blur","Noxious Fumes","Blade Dance+1","Noxious Fumes","Deadly Poison+1"],"relics":["Ring of the Snake","Peace Pipe","Gremlin Horn","Anchor","White Beast Statue","Happy Flower","Mummified Hand","Bottled Tornado"],"potions_floor_usage":[20,22,22,24,24,31,33],"damage_taken":[{"damage":0,"enemies":"2 Louse","floor":1,"turns":4},{"damage":1,"enemies":"Cultist","floor":3,"turns":4},{"damage":0,"enemies":"Small Slimes","floor":4,"turns":5},{"damage":36,"enemies":"Gremlin Gang","floor":5,"turns":7},{"damage":7,"enemies":"3 Louse","floor":7,"turns":7},{"damage":8,"enemies":"Gremlin Nob","floor":10,"turns":5},{"damage":2,"enemies":"Exordium Thugs","floor":12,"turns":5},{"damage":2,"enemies":"Blue Slaver","floor":14,"turns":3},{"damage":16,"enemies":"Hexaghost","floor":16,"turns":10},{"damage":6,"enemies":"Shell Parasite","floor":18,"turns":7},{"damage":0,"enemies":"Chosen","floor":20,"turns":4},{"damage":3,"enemies":"Snecko","floor":22,"turns":7},{"damage":19,"enemies":"Sentry and Sphere","floor":23,"turns":7},{"damage":26,"enemies":"Slavers","floor":24,"turns":5},{"damage":3,"enemies":"Snake Plant","floor":30,"turns":4},{"damage":23,"enemies":"Snecko","floor":31,"turns":6},{"damage":55,"enemies":"Champ","floor":33,"turns":12}],"seed_played":"-754331737338157692","potions_obtained":[{"floor":3,"key":"EssenceOfSteel"},{"floor":4,"key":"PowerPotion"},{"floor":7,"key":"SkillPotion"},{"floor":16,"key":"Strength Potion"},{"floor":20,"key":"Strength Potion"},{"floor":22,"key":"Poison Potion"},{"floor":23,"key":"Energy Potion"},{"floor":24,"key":"Explosive Potion"},{"floor":30,"key":"LiquidBronze"},{"floor":31,"key":"Regen Potion"}],"is_trial":false,"path_per_floor":["M","?","M","M","M","R","M","R","T","E","?","M","R","M","R","B",null,"M","?","M","$","M","M","E","R","T","?","R","$","M","M","R","B"],"character_chosen":"THE_SILENT","items_purchased":["Adrenaline","Backstab","Bottled Tornado"],"campfire_rested":4,"item_purchase_floors":[21,21,29],"current_hp_per_floor":[63,63,62,62,26,26,19,19,19,11,11,9,30,28,28,12,56,50,50,50,50,47,28,2,23,23,23,44,44,41,18,39,0],"gold":35,"neow_bonus":"ONE_RANDOM_RARE_CARD","is_prod":false,"is_daily":false,"chose_seed":false,"campfire_upgraded":3,"win_rate":0,"timestamp":1567402710,"path_taken":["M","?","M","M","?","R","M","R","T","E","?","M","R","?","R","BOSS","M","?","M","?","M","?","E","R","T","?","R","$","M","M","R","BOSS"],"build_version":"2019-08-26","purchased_purges":1,"victory":false,"max_hp_per_floor":[70,70,70,70,70,70,70,70,70,70,70,70,70,70,70,70,70,70,70,70,70,70,70,70,70,70,70,70,70,70,70,70,70],"card_choices":[{"not_picked":["Outmaneuver","Choke"],"picked":"Sucker Punch","floor":1},{"not_picked":["Outmaneuver","Slice"],"picked":"Well Laid Plans","floor":3},{"not_picked":["Acrobatics","Backflip"],"picked":"Sucker Punch","floor":4},{"not_picked":["Quick Slash","Expertise"],"picked":"Caltrops","floor":5},{"not_picked":["Phantasmal Killer","PiercingWail"],"picked":"Terror","floor":7},{"not_picked":["Finisher","Flying Knee"],"picked":"Deflect","floor":10},{"not_picked":["Dagger Spray","Deadly Poison","Dagger Throw"],"picked":"SKIP","floor":12},{"not_picked":["Deadly Poison","Dagger Throw"],"picked":"Dagger Spray","floor":12},{"not_picked":["PiercingWail","Bane","Endless Agony"],"picked":"SKIP","floor":14},{"not_picked":["Doppelganger","Envenom"],"picked":"Die Die Die","floor":16},{"not_picked":["Dagger Throw","Escape Plan","Dagger Spray"],"picked":"SKIP","floor":18},{"not_picked":["Flying Knee","Bane+1"],"picked":"Slice","floor":20},{"not_picked":["Footwork","Bane"],"picked":"Blur","floor":22},{"not_picked":["Heel Hook","Backflip"],"picked":"Noxious Fumes","floor":23},{"not_picked":["A Thousand Cuts","Prepared+1"],"picked":"Blade Dance+1","floor":24},{"not_picked":["Eviscerate","Acrobatics"],"picked":"Noxious Fumes","floor":30},{"not_picked":["Poisoned Stab","Infinite Blades"],"picked":"Deadly Poison+1","floor":31}],"player_experience":993786,"relics_obtained":[{"floor":9,"key":"Gremlin Horn"},{"floor":10,"key":"Anchor"},{"floor":24,"key":"Happy Flower"},{"floor":26,"key":"Mummified Hand"}],"event_choices":[{"cards_removed":["Sucker Punch"],"damage_healed":0,"gold_gain":0,"player_choice":"Gave Card","damage_taken":0,"relics_obtained":["Peace Pipe"],"max_hp_gain":0,"max_hp_loss":0,"event_name":"WeMeetAgain","floor":2,"gold_loss":0},{"damage_healed":0,"gold_gain":0,"player_choice":"1 cards matched","damage_taken":0,"max_hp_gain":0,"max_hp_loss":0,"event_name":"Match and Keep!","floor":11,"gold_loss":0,"cards_obtained":["Cloak And Dagger"]},{"damage_healed":0,"gold_gain":0,"player_choice":"Ignored","damage_taken":0,"max_hp_gain":0,"max_hp_loss":0,"event_name":"N\u0027loth","floor":19,"gold_loss":0},{"damage_healed":0,"gold_gain":0,"player_choice":"Ignored","damage_taken":0,"max_hp_gain":0,"max_hp_loss":0,"event_name":"Ghosts","floor":27,"gold_loss":0}],"is_beta":true,"boss_relics":[{"not_picked":["Calling Bell","Tiny House"],"picked":"White Beast Statue"}],"items_purged_floors":[21],"is_endless":false,"potions_floor_spawned":[3,4,7,12,16,18,20,22,23,24,30,31],"killed_by":"Champ","ascension_level":7}