{"gold_per_floor":[113,131,147,165,90,90,123,123,123,69,69,88,99,111,111,214,214,228,228,228],"floor_reached":20,"playtime":1779,"items_purged":["Strike_P"],"score":176,"play_id":"55c76516-8905-478e-8553-a44fc94a8631","local_time":"20190909150956","is_ascension_mode":false,"campfire_choices":[{"data":"CarveReality","floor":6,"key":"SMITH"},{"data":"Consecrate","floor":11,"key":"SMITH"},{"floor":15,"key":"REST"}],"neow_cost":"NONE","seed_source_timestamp":1194087715224500,"circlet_count":0,"master_deck":["Strike_P","Strike_P","Strike_P","Defend_P","Defend_P","Defend_P","Defend_P","Eruption","Vigilance","CarveReality+1","EmptyFist","WreathOfFlame","Tantrum","ClearTheMind","Consecrate+1","JustLucky","ThirdEye","LessonLearned","CurseOfTheBell","ForeignInfluence"],"relics":["PureWater","PreservedInsect","Art of War","Kunai","Calling Bell","Orichalcum","Eternal Feather","Bird Faced Urn"],"potions_floor_usage":[16,16,16,16,16,16],"damage_taken":[{"damage":0,"enemies":"Cultist","floor":1,"turns":2},{"damage":2,"enemies":"2 Louse","floor":2,"turns":3},{"damage":0,"enemies":"Small Slimes","floor":3,"turns":3},{"damage":21,"enemies":"Blue Slaver","floor":4,"turns":5},{"damage":22,"enemies":"3 Sentries","floor":7,"turns":5},{"damage":0,"enemies":"Exordium Thugs","floor":12,"turns":3},{"damage":0,"enemies":"2 Fungi Beasts","floor":13,"turns":2},{"damage":10,"enemies":"Gremlin Gang","floor":14,"turns":2},{"damage":28,"enemies":"Hexaghost","floor":16,"turns":12},{"damage":52,"enemies":"Chosen","floor":18,"turns":8},{"damage":15,"enemies":"Shell Parasite","floor":20,"turns":2}],"seed_played":"6467819049473390212","potions_obtained":[{"floor":2,"key":"FearPotion"},{"floor":3,"key":"Block Potion"},{"floor":4,"key":"EntropicBrew"},{"floor":12,"key":"Block Potion"}],"is_trial":false,"path_per_floor":["M","M","M","M","$","R","E","?","T","$","R","M","M","M","R","B",null,"M","?","M"],"character_chosen":"WATCHER","items_purchased":["Consecrate"],"campfire_rested":1,"item_purchase_floors":[10],"current_hp_per_floor":[65,63,63,42,42,42,20,20,20,20,20,20,20,10,29,1,65,13,13,0],"gold":228,"neow_bonus":"RANDOM_COMMON_RELIC","is_prod":false,"is_daily":false,"chose_seed":false,"campfire_upgraded":2,"win_rate":0.0,"timestamp":1568056196,"path_taken":["M","?","M","?","?","R","E","?","T","$","R","M","M","M","R","BOSS","M","?","M"],"build_version":"2019-09-09","purchased_purges":1,"victory":false,"max_hp_per_floor":[65,65,65,65,65,65,65,65,65,65,65,65,65,65,65,65,65,65,65,65],"card_choices":[{"not_picked":["Weave","EmptyMind"],"picked":"CarveReality","floor":1},{"not_picked":["EmptyMind","Perseverance"],"picked":"EmptyFist","floor":2},{"not_picked":["CutThroughFate","CrushJoints"],"picked":"WreathOfFlame","floor":3},{"not_picked":["WaveOfTheHand","EmptyFist"],"picked":"Tantrum","floor":4},{"not_picked":["WreathOfFlame","FollowUp"],"picked":"ClearTheMind","floor":7},{"not_picked":["CrushJoints","BowlingBash"],"picked":"JustLucky","floor":12},{"not_picked":["Adaptation","Sanctity"],"picked":"ThirdEye","floor":13},{"not_picked":["SandsOfTime","ClearTheMind","CutThroughFate"],"picked":"SKIP","floor":14},{"not_picked":["BattleHymn","Metaphysics"],"picked":"LessonLearned","floor":16},{"not_picked":["CrushJoints+1","EmptyFist"],"picked":"ForeignInfluence","floor":18}],"player_experience":995818,"relics_obtained":[{"floor":7,"key":"Art of War"},{"floor":9,"key":"Kunai"},{"floor":17,"key":"Orichalcum"},{"floor":17,"key":"Eternal Feather"},{"floor":17,"key":"Bird Faced Urn"}],"event_choices":[{"damage_healed":0,"gold_gain":0,"player_choice":"Ignored","damage_taken":0,"max_hp_gain":0,"max_hp_loss":0,"event_name":"Liars Game","floor":8,"gold_loss":0},{"damage_healed":0,"gold_gain":0,"player_choice":"Ignored","damage_taken":0,"max_hp_gain":0,"max_hp_loss":0,"event_name":"The Mausoleum","floor":19,"gold_loss":0}],"is_beta":true,"boss_relics":[{"not_picked":["Snecko Eye","Pandora\u0027s Box"],"picked":"Calling Bell"}],"items_purged_floors":[5],"is_endless":false,"potions_floor_spawned":[2,3,4,12],"killed_by":"Shell Parasite","ascension_level":0}