{"gold_per_floor":[116,116,116,126,138,138,170,170,170,170,186,199,209,237,237,340,340,351,384,399,399,55,55,68,98,98,98,98,98],"floor_reached":29,"playtime":5355,"items_purged":[],"score":303,"play_id":"f60547a9-2d31-4b33-bc9f-52cd2f45f0fc","local_time":"20190723020754","is_ascension_mode":true,"campfire_choices":[{"data":"Metamorphosis","floor":6,"key":"SMITH"},{"data":"Armaments","floor":8,"key":"SMITH"},{"data":"Anger","floor":10,"key":"SMITH"},{"floor":15,"key":"REST"},{"floor":23,"key":"REST"},{"floor":27,"key":"REST"}],"neow_cost":"TEN_PERCENT_HP_LOSS","seed_source_timestamp":28718038270486,"circlet_count":0,"master_deck":["Strike_R","Strike_R","Strike_R","Strike_R","Strike_R","Defend_R","Defend_R","Defend_R","Defend_R","Bash","Flash of Steel","Metamorphosis+1","Warcry","Anger+1","Armaments+1","Flex+1","Pommel Strike+1","Clothesline+1","Shrug It Off+1","Shockwave+1","Exhume+1","Shrug It Off+1","Spot Weakness+1","Reaper+1","Shrug It Off+1","Shrug It Off+1","Dropkick+1"],"relics":["Burning Blood","Toxic Egg 2","Molten Egg 2","Anchor","Eternal Feather","Red Mask","Calipers","Question Card","Bottled Flame"],"potions_floor_usage":[11,11,14,14,19,20,28],"damage_taken":[{"damage":21,"enemies":"Jaw Worm","floor":1,"turns":4},{"damage":1,"enemies":"Cultist","floor":4,"turns":4},{"damage":10,"enemies":"2 Louse","floor":5,"turns":2},{"damage":8,"enemies":"Lagavulin","floor":7,"turns":4},{"damage":3,"enemies":"2 Fungi Beasts","floor":11,"turns":3},{"damage":13,"enemies":"Large Slime","floor":12,"turns":3},{"damage":7,"enemies":"Blue Slaver","floor":13,"turns":3},{"damage":7,"enemies":"Gremlin Nob","floor":14,"turns":4},{"damage":28,"enemies":"Hexaghost","floor":16,"turns":8},{"damage":4,"enemies":"Chosen","floor":18,"turns":5},{"damage":67,"enemies":"Masked Bandits","floor":19,"turns":5},{"damage":12,"enemies":"3 Byrds","floor":20,"turns":4},{"damage":27,"enemies":"Snake Plant","floor":24,"turns":4},{"damage":38,"enemies":"Slavers","floor":25,"turns":9},{"damage":33,"enemies":"Colosseum Slavers","floor":28,"turns":7},{"damage":34,"enemies":"Gremlin Leader","floor":29,"turns":7}],"seed_played":"246783642575085450","potions_obtained":[{"floor":1,"key":"Block Potion"},{"floor":3,"key":"Energy Potion"},{"floor":3,"key":"SneckoOil"},{"floor":7,"key":"PowerPotion"},{"floor":11,"key":"SpeedPotion"},{"floor":16,"key":"EssenceOfSteel"},{"floor":19,"key":"GamblersBrew"},{"floor":25,"key":"Energy Potion"}],"is_trial":false,"path_per_floor":["M","?","?","M","M","R","E","R","T","R","M","M","M","E","R","B",null,"M","?","M","?","$","R","M","E","T","R","?","E"],"character_chosen":"IRONCLAD","items_purchased":["Calipers","Shrug It Off+1"],"campfire_rested":3,"item_purchase_floors":[22,22],"current_hp_per_floor":[57,62,62,67,63,63,61,61,61,61,64,57,56,55,77,55,77,77,16,10,10,10,48,27,13,13,51,34,0],"gold":98,"neow_bonus":"RANDOM_COLORLESS_2","is_prod":false,"is_daily":false,"chose_seed":false,"campfire_upgraded":3,"win_rate":0,"timestamp":1563862074,"path_taken":["M","?","?","?","M","R","E","R","T","R","M","M","M","E","R","BOSS","M","?","M","?","$","R","M","E","T","R","?","E"],"build_version":"2019-07-17","purchased_purges":0,"victory":false,"max_hp_per_floor":[72,77,77,77,77,77,77,77,77,77,77,77,77,77,77,77,77,77,77,77,77,77,77,77,77,77,77,77,77],"card_choices":[{"not_picked":["Twin Strike","Intimidate"],"picked":"Warcry","floor":1},{"not_picked":["Cleave","Twin Strike"],"picked":"Anger","floor":4},{"not_picked":["Flame Barrier","Second Wind"],"picked":"Armaments","floor":5},{"not_picked":["Dropkick","Ghostly Armor"],"picked":"Flex","floor":7},{"not_picked":["Berserk","Twin Strike+1"],"picked":"Pommel Strike+1","floor":11},{"not_picked":["Headbutt+1","Sword Boomerang+1"],"picked":"Clothesline+1","floor":12},{"not_picked":["Metallicize","Rage+1"],"picked":"Shrug It Off+1","floor":13},{"not_picked":["Power Through+1","Clash+1"],"picked":"Shockwave+1","floor":14},{"not_picked":["Berserk","Fiend Fire+1"],"picked":"Exhume+1","floor":16},{"not_picked":["Burning Pact+1","Rupture"],"picked":"Shrug It Off+1","floor":18},{"not_picked":["Heavy Blade+1","Iron Wave+1"],"picked":"Spot Weakness+1","floor":19},{"not_picked":["Perfected Strike+1","Flex+1"],"picked":"Reaper+1","floor":20},{"not_picked":["Cleave+1","Evolve+1"],"picked":"Shrug It Off+1","floor":24},{"not_picked":["Metallicize","Wild Strike+1"],"picked":"Dropkick+1","floor":25}],"player_experience":154086,"relics_obtained":[{"floor":7,"key":"Toxic Egg 2"},{"floor":9,"key":"Molten Egg 2"},{"floor":14,"key":"Anchor"},{"floor":19,"key":"Red Mask"},{"floor":25,"key":"Question Card"},{"floor":26,"key":"Bottled Flame"}],"event_choices":[{"damage_healed":0,"gold_gain":0,"player_choice":"Donut","damage_taken":0,"max_hp_gain":5,"max_hp_loss":0,"event_name":"Big Fish","floor":2,"gold_loss":0},{"damage_healed":0,"gold_gain":0,"player_choice":"Got Potions","damage_taken":0,"max_hp_gain":0,"max_hp_loss":0,"event_name":"Lab","floor":3,"gold_loss":0},{"damage_healed":0,"gold_gain":0,"player_choice":"Fought Bandits","damage_taken":0,"max_hp_gain":0,"max_hp_loss":0,"event_name":"Masked Bandits","floor":19,"gold_loss":0},{"damage_healed":0,"gold_gain":0,"player_choice":"Ignored","damage_taken":0,"max_hp_gain":0,"max_hp_loss":0,"event_name":"Ghosts","floor":21,"gold_loss":0},{"damage_healed":0,"gold_gain":0,"player_choice":"Fight","damage_taken":0,"max_hp_gain":0,"max_hp_loss":0,"event_name":"Colosseum","floor":28,"gold_loss":0},{"damage_healed":0,"gold_gain":0,"player_choice":"Fled From Nobs","damage_taken":0,"max_hp_gain":0,"max_hp_loss":0,"event_name":"Colosseum","floor":28,"gold_loss":0}],"is_beta":false,"boss_relics":[{"not_picked":["Sozu","Mark of Pain"],"picked":"Eternal Feather"}],"items_purged_floors":[],"is_endless":false,"potions_floor_spawned":[1,7,11,16,19,25,28],"killed_by":"Gremlin Leader","ascension_level":2}