{"gold_per_floor":[114,114,114,134,149,149,183,183,183,183,183,183,213,228,228,329,329,343,358,57,57,57,57],"floor_reached":23,"playtime":1183,"items_purged":[],"score":246,"play_id":"a4358cdd-e394-4243-b26f-3cf48c531368","local_time":"20190219182028","is_ascension_mode":true,"campfire_choices":[{"data":"Whirlwind","floor":6,"key":"SMITH"},{"data":"Bash","floor":8,"key":"SMITH"},{"data":"Battle Trance","floor":10,"key":"SMITH"},{"data":"Disarm","floor":15,"key":"SMITH"}],"neow_cost":"NONE","seed_source_timestamp":10542592021840,"circlet_count":0,"master_deck":["Strike_R","Strike_R","Strike_R","Strike_R","Strike_R","Defend_R","Defend_R","Defend_R","Defend_R","Bash+1","Berserk+1","Disarm+1","Iron Wave","Whirlwind+1","Battle Trance+1","Parasite","Headbutt","Reaper","Body Slam+1","Burning Pact","Spot Weakness","Feel No Pain","Fiend Fire"],"relics":["Burning Blood","Nunchaku","Ornamental Fan","Regal Pillow","Black Star"],"potions_floor_usage":[13,18],"damage_taken":[{"damage":7,"enemies":"Small Slimes","floor":1,"turns":4},{"damage":8,"enemies":"Cultist","floor":4,"turns":4},{"damage":21,"enemies":"Jaw Worm","floor":5,"turns":5},{"damage":36,"enemies":"Gremlin Nob","floor":7,"turns":5},{"damage":10,"enemies":"3 Sentries","floor":13,"turns":3},{"damage":12,"enemies":"3 Louse","floor":14,"turns":3},{"damage":21,"enemies":"Hexaghost","floor":16,"turns":8},{"damage":54,"enemies":"Shell Parasite","floor":18,"turns":6},{"damage":0,"enemies":"3 Byrds","floor":19,"turns":5},{"damage":58,"enemies":"Book of Stabbing","floor":23,"turns":4}],"seed_played":"-8942795765241363420","potions_obtained":[{"floor":1,"key":"Explosive Potion"},{"floor":7,"key":"SkillPotion"},{"floor":14,"key":"FearPotion"}],"is_trial":false,"path_per_floor":["M","?","$","M","M","R","E","R","T","R","?","?","E","M","R","B",null,"M","M","$","?","?","E"],"character_chosen":"IRONCLAD","items_purchased":["Spot Weakness","Feel No Pain","Fiend Fire"],"campfire_rested":0,"item_purchase_floors":[20,20,20],"current_hp_per_floor":[79,79,79,77,62,62,32,32,32,32,58,78,74,68,68,53,73,25,43,43,28,56,0],"gold":57,"neow_bonus":"ONE_RANDOM_RARE_CARD","is_prod":false,"is_daily":false,"chose_seed":false,"campfire_upgraded":4,"win_rate":0,"timestamp":1550596828,"path_taken":["M","?","$","?","M","R","E","R","T","R","?","?","E","M","R","BOSS","M","M","$","?","?","E"],"build_version":"2019-01-23","purchased_purges":0,"victory":false,"max_hp_per_floor":[80,80,80,80,80,80,80,80,80,80,80,80,80,80,80,80,80,80,80,80,85,85,85],"card_choices":[{"not_picked":["Hemokinesis","Clash"],"picked":"Disarm","floor":1},{"not_picked":["Bloodletting","Perfected Strike"],"picked":"Iron Wave","floor":4},{"not_picked":["Cleave","Armaments"],"picked":"Whirlwind","floor":5},{"not_picked":["Offering","Warcry"],"picked":"Battle Trance","floor":7},{"not_picked":["Body Slam","True Grit"],"picked":"Headbutt","floor":13},{"not_picked":["Infernal Blade","Power Through","Carnage"],"picked":"SKIP","floor":14},{"not_picked":["Juggernaut","Offering"],"picked":"Reaper","floor":16},{"not_picked":["Thunderclap","Whirlwind"],"picked":"Body Slam+1","floor":18},{"not_picked":["Warcry","Headbutt"],"picked":"Burning Pact","floor":19}],"player_experience":224911,"relics_obtained":[{"floor":7,"key":"Nunchaku"},{"floor":9,"key":"Ornamental Fan"},{"floor":13,"key":"Regal Pillow"}],"event_choices":[{"damage_healed":0,"gold_gain":0,"player_choice":"Forge","damage_taken":0,"max_hp_gain":0,"max_hp_loss":0,"event_name":"Accursed Blacksmith","floor":2,"gold_loss":0,"cards_upgraded":["Berserk"]},{"damage_healed":26,"gold_gain":0,"player_choice":"Banana","damage_taken":0,"max_hp_gain":0,"max_hp_loss":0,"event_name":"Big Fish","floor":11,"gold_loss":0},{"damage_healed":20,"gold_gain":0,"player_choice":"Healed and dodged fight","damage_taken":0,"max_hp_gain":0,"max_hp_loss":0,"event_name":"Mushrooms","floor":12,"gold_loss":0,"cards_obtained":["Parasite"]},{"damage_healed":0,"gold_gain":0,"player_choice":"Shed Blood","damage_taken":20,"max_hp_gain":5,"max_hp_loss":0,"event_name":"Forgotten Altar","floor":21,"gold_loss":0},{"damage_healed":28,"gold_gain":0,"player_choice":"Heal","damage_taken":0,"max_hp_gain":0,"max_hp_loss":0,"event_name":"The Library","floor":22,"gold_loss":0}],"is_beta":false,"boss_relics":[{"not_picked":["Busted Crown","Orrery"],"picked":"Black Star"}],"items_purged_floors":[],"is_endless":false,"potions_floor_spawned":[1,7,14],"killed_by":"Book of Stabbing","ascension_level":5}