{"path_per_floor":["M","M","M","M","$","E","R","E","T","R","M","M","R","M","R","B",null,"M","?","$","M","M","E","R","?","T","E","?","E","?","?","R","B",null,"M","M","M","?","M","R","E","?","T","M","R","M","$","M","R","B"],"character_chosen":"THE_SILENT","items_purchased":["Mind Blast","SteroidPotion","Bag of Preparation","Jack Of All Trades","Anchor"],"gold_per_floor":[112,128,138,148,4,29,29,55,55,55,75,90,90,106,106,204,204,221,171,14,25,36,69,69,69,92,125,48,81,81,81,81,184,184,202,213,233,333,333,333,359,359,359,377,377,391,70,85,85,85],"floor_reached":51,"campfire_rested":3,"playtime":7544,"current_hp_per_floor":[61,61,61,54,54,55,55,55,55,55,55,55,55,55,55,12,59,59,59,59,59,58,48,48,73,73,53,53,45,31,31,55,31,68,68,44,41,41,41,41,12,12,12,14,38,40,40,29,53,4],"items_purged":["Strike_G"],"gold":85,"score":1111,"play_id":"dc97d6e0-923e-4694-bcdd-a1f4635a3bba","local_time":"20180508192828","is_prod":false,"is_daily":false,"chose_seed":false,"is_ascension_mode":true,"campfire_upgraded":6,"timestamp":1525832908,"path_taken":["M","M","M","?","$","E","R","E","T","R","M","M","R","M","R","BOSS","M","?","$","M","M","E","R","?","T","E","?","E","?","?","R","BOSS","M","?","M","?","M","R","E","?","T","M","R","M","$","M","R","BOSS"],"build_version":"2018-05-07","seed_source_timestamp":283484250817041,"purchased_purges":1,"victory":true,"master_deck":["Defend_G","Defend_G","Defend_G","Defend_G","Defend_G","Survivor","Neutralize+1","AscendersBane","Escape Plan","Finisher+1","Backflip+1","Well Laid Plans","Mind Blast+1","Cloak And Dagger+1","Concentrate","Predator+1","Crippling Poison","Choke","Wraith Form v2+1","Venomology+1","Concentrate+1","Grand Finale+1","Footwork+1","PiercingWail","Footwork","Noxious Fumes+1","J.A.X.","Injury","Phantasmal Killer","Prepared+1","Caltrops+1","Catalyst+1","Backflip+1","Acrobatics+1","Cloak And Dagger+1","Jack Of All Trades","Dodge and Roll"],"max_hp_per_floor":[70,70,70,70,70,75,75,75,75,75,75,75,75,75,75,75,75,75,75,75,75,75,75,75,75,75,75,75,75,80,80,80,80,80,80,80,80,80,80,80,80,80,80,80,80,80,80,80,80,80],"relics":["Ring of the Snake","Turnip","Gremlin Horn","Du-Vu Doll","Astrolabe","Bag of Preparation","The Specimen","Vajra","Whetstone","Orichalcum","Philosopher\u0027s Stone","Blood Vial","Anchor"],"card_choices":[{"not_picked":["Poisoned Stab","Outmaneuver"],"picked":"Escape Plan","floor":1.0},{"not_picked":["Flechettes","Accuracy"],"picked":"Finisher","floor":2.0},{"not_picked":["Masterful Stab","Concentrate"],"picked":"Backflip","floor":3.0},{"not_picked":["Accuracy","Infinite Blades"],"picked":"Well Laid Plans","floor":4.0},{"not_picked":["All Out Attack","Accuracy"],"picked":"Cloak And Dagger","floor":6.0},{"not_picked":["Accuracy","Storm of Steel"],"picked":"Concentrate","floor":8.0},{"not_picked":["Acrobatics","Dodge and Roll"],"picked":"Predator","floor":11.0},{"not_picked":["Catalyst","Deadly Poison"],"picked":"Crippling Poison","floor":12.0},{"not_picked":["Sucker Punch","Dagger Spray"],"picked":"Choke","floor":14.0},{"not_picked":["Die Die Die","Corpse Explosion"],"picked":"Wraith Form v2","floor":16.0},{"not_picked":["Caltrops","Calculated Gamble"],"picked":"Deflect","floor":18.0},{"not_picked":["Quick Slash","Reflex"],"picked":"Footwork","floor":21.0},{"not_picked":["Underhanded Strike","Prepared"],"picked":"PiercingWail","floor":22.0},{"not_picked":["Heel Hook","Dagger Spray"],"picked":"Footwork","floor":23.0},{"not_picked":["Concentrate","Cloak And Dagger"],"picked":"Noxious Fumes","floor":27.0},{"not_picked":["Die Die Die","Envenom"],"picked":"Phantasmal Killer","floor":33.0},{"not_picked":["Bane","Underhanded Strike"],"picked":"Prepared","floor":35.0},{"not_picked":["PiercingWail","Deflect"],"picked":"Caltrops","floor":36.0},{"not_picked":["Unload","Deadly Poison"],"picked":"Catalyst","floor":37.0},{"not_picked":["Heel Hook","Concentrate"],"picked":"Backflip","floor":41.0},{"not_picked":["Prepared","Masterful Stab"],"picked":"Acrobatics","floor":44.0},{"not_picked":["Poisoned Stab","PiercingWail"],"picked":"Cloak And Dagger","floor":46},{"not_picked":["Deadly Poison","Well Laid Plans"],"picked":"Dodge and Roll","floor":48}],"player_experience":607615,"potions_floor_usage":[48,50,50],"damage_taken":[{"damage":2.0,"enemies":"Cultist","floor":1.0,"turns":6.0},{"damage":0.0,"enemies":"Jaw Worm","floor":2.0,"turns":6.0},{"damage":0.0,"enemies":"Blue Slaver","floor":3.0,"turns":9.0},{"damage":7.0,"enemies":"3 Louse","floor":4.0,"turns":5.0},{"damage":4.0,"enemies":"3 Sentries","floor":6.0,"turns":9.0},{"damage":0.0,"enemies":"Lagavulin","floor":8.0,"turns":5.0},{"damage":0.0,"enemies":"Looter","floor":11.0,"turns":3.0},{"damage":0.0,"enemies":"Exordium Wildlife","floor":12.0,"turns":3.0},{"damage":0.0,"enemies":"Large Slime","floor":14.0,"turns":5.0},{"damage":43.0,"enemies":"The Guardian","floor":16.0,"turns":9.0},{"damage":0.0,"enemies":"Chosen","floor":18.0,"turns":2.0},{"damage":0.0,"enemies":"Shell Parasite","floor":21.0,"turns":5.0},{"damage":1.0,"enemies":"Cultist and Chosen","floor":22.0,"turns":4.0},{"damage":10.0,"enemies":"Slavers","floor":23.0,"turns":4.0},{"damage":20.0,"enemies":"Book of Stabbing","floor":27.0,"turns":7.0},{"damage":8.0,"enemies":"Gremlin Leader","floor":29.0,"turns":5.0},{"damage":24.0,"enemies":"Automaton","floor":33.0,"turns":11.0},{"damage":0.0,"enemies":"3 Shapes","floor":35.0,"turns":5.0},{"damage":24.0,"enemies":"3 Darklings","floor":36.0,"turns":5.0},{"damage":3.0,"enemies":"Maw","floor":37.0,"turns":8.0},{"damage":0.0,"enemies":"Spire Growth","floor":39.0,"turns":1.0},{"damage":29.0,"enemies":"Nemesis","floor":41.0,"turns":7.0},{"damage":0.0,"enemies":"Sphere and 2 Shapes","floor":44.0,"turns":4.0},{"damage":0,"enemies":"3 Darklings","floor":46,"turns":4},{"damage":13,"enemies":"Maw","floor":48,"turns":7},{"damage":99,"enemies":"Awakened One","floor":50,"turns":15}],"event_choices":[{"event_name":"The Joust","player_choice":"Bet on Murderer","floor":19.0,"damage_taken":0.0},{"event_name":"The Library","player_choice":"Heal","floor":25.0,"damage_taken":0.0},{"event_name":"Drug Dealer","player_choice":"Got JAXXED","floor":28.0,"damage_taken":0.0},{"event_name":"Forgotten Altar","player_choice":"Shed Blood","floor":30.0,"damage_taken":0.0},{"event_name":"Accursed Blacksmith","player_choice":"Forge","floor":31.0,"damage_taken":0.0},{"event_name":"Golden Shrine","player_choice":"Pray","floor":38.0,"damage_taken":0.0}],"boss_relics":[],"potions_floor_spawned":[2,4,6,8,11,14,21,29,33,39,41],"seed_played":"5565359382170085870","ascension_level":10,"is_trial":false}