{"path_per_floor":["M","M","?","?","?","R","E","?","T","M","R","$","R","M","R","B",null,"M","M","$","M","M","R","E","M","T"],"character_chosen":"THE_SILENT","items_purchased":["Mummified Hand","Footwork"],"gold_per_floor":[19,31,131,131,131,131,156,156,238,257,257,17,17,28,28,128,128,140,151,70,89,105,105,137,150,150,150],"floor_reached":27,"campfire_rested":0,"playtime":1826,"current_hp_per_floor":[83,78,78,61,43,43,26,47,47,47,47,47,47,47,47,10,84,84,84,84,43,33,33,22,3,3,0],"items_purged":[],"gold":150,"score":268,"play_id":"e9d204b3-58f6-4513-b3cb-ee393d9c2289","local_time":"20180417181120","is_prod":false,"is_daily":false,"chose_seed":false,"is_ascension_mode":true,"campfire_upgraded":5,"timestamp":1524003080,"path_taken":["M","M","?","?","?","R","E","?","T","M","R","?","R","M","R","BOSS","M","M","?","M","M","R","E","M","T","M"],"build_version":"2018-04-12","seed_source_timestamp":1447424660264267,"purchased_purges":0,"victory":false,"master_deck":["Defend_G","Defend_G+1","Defend_G","Defend_G","Defend_G","Strike_G","Strike_G","Strike_G","Strike_G+1","Strike_G+1","Survivor","Neutralize+1","Cloak And Dagger+1","Escape Plan","Well Laid Plans","Parasite","Slice+1","Cloak And Dagger+1","Die Die Die","Finisher+1","Acrobatics+1","Footwork","Footwork","Leg Sweep+1","Blur+1","Infinite Blades"],"max_hp_per_floor":[84,84,84,84,84,84,84,84,84,84,84,84,84,84,84,84,84,84,84,84,84,84,84,84,84,84,84],"relics":["Ring of the Snake","Juzu Bracelet","Question Card","Ornamental Fan","Mummified Hand","Runic Dome","War Paint","Oddly Smooth Stone"],"card_choices":[{"not_picked":["Accuracy","Flying Knee"],"picked":"Cloak And Dagger","floor":1},{"not_picked":["Underhanded Strike","Deflect"],"picked":"Escape Plan","floor":2},{"not_picked":["Wraith Form v2","Terror"],"picked":"Well Laid Plans","floor":7},{"not_picked":["Setup","Acrobatics","Escape Plan"],"picked":"Slice","floor":10},{"not_picked":["Acrobatics","Sucker Punch","Riddle With Holes"],"picked":"Cloak And Dagger","floor":14},{"not_picked":["Grand Finale","Venomology","Unload"],"picked":"Die Die Die","floor":16},{"not_picked":["Backflip","Predator","Prepared"],"picked":"Finisher","floor":18},{"not_picked":["Dagger Throw","Concentrate","Tools of the Trade"],"picked":"Acrobatics","floor":19},{"not_picked":["PiercingWail","Blur","Outmaneuver"],"picked":"Footwork","floor":21},{"not_picked":["Acrobatics","Crippling Poison","Catalyst"],"picked":"Leg Sweep","floor":22},{"not_picked":["Heel Hook","Prepared","Endless Agony"],"picked":"Blur","floor":24},{"not_picked":["Outmaneuver","Dagger Throw","Calculated Gamble"],"picked":"Infinite Blades","floor":25}],"player_experience":358500,"potions_floor_usage":[16,16,27],"damage_taken":[{"damage":1,"enemies":"Jaw Worm","floor":1,"turns":6},{"damage":5,"enemies":"Cultist","floor":2,"turns":4},{"damage":17,"enemies":"3 Sentries","floor":7,"turns":11},{"damage":0,"enemies":"Small Slimes","floor":10,"turns":3},{"damage":0,"enemies":"3 Louse","floor":14,"turns":2},{"damage":52,"enemies":"The Guardian","floor":16,"turns":19},{"damage":0,"enemies":"3 Byrds","floor":18,"turns":4},{"damage":0,"enemies":"Shell Parasite","floor":19,"turns":4},{"damage":41,"enemies":"Snecko","floor":21,"turns":7},{"damage":10,"enemies":"Snake Plant","floor":22,"turns":7},{"damage":11,"enemies":"Slavers","floor":24,"turns":6},{"damage":19,"enemies":"Centurion and Healer","floor":25,"turns":8},{"damage":27,"enemies":"Cultist and Chosen","floor":27,"turns":4}],"event_choices":[{"event_name":"Golden Shrine","player_choice":"Pray","floor":3,"damage_taken":0},{"event_name":"Shining Light","player_choice":"Entered Light","floor":4,"damage_taken":0},{"event_name":"Scrap Ooze","player_choice":"success","floor":5,"damage_taken":18},{"event_name":"Mushrooms","player_choice":"Healed and dodged fight","floor":8,"damage_taken":0}],"boss_relics":[{"not_picked":["Orrery","Runic Pyramid"],"picked":"Runic Dome"}],"potions_floor_spawned":[2,10,18,22,24,25],"seed_played":"6260075375476401004","killed_by":"Cultist and Chosen","ascension_level":3,"is_trial":false}