{"gold_per_floor":[110,120,138,150,162,162,181,281,308,320,32,59,59,77,77,182,182,201,214,231,78,177,177,177],"floor_reached":24,"playtime":1352,"items_purged":[],"score":225,"play_id":"c667affe-8319-4aef-94eb-62ef6fe898a0","local_time":"20190914233335","is_ascension_mode":false,"campfire_choices":[{"data":"Catalyst","floor":6,"key":"SMITH"},{"data":"Deadly Poison","floor":10,"key":"SMITH"},{"data":"PiercingWail","floor":13,"key":"SMITH"},{"floor":15,"key":"REST"},{"floor":23,"key":"REST"}],"neow_cost":"NONE","seed_source_timestamp":2487813927008800,"circlet_count":0,"master_deck":["Strike_G","Strike_G","Strike_G","Strike_G","Strike_G","Defend_G","Defend_G","Defend_G","Defend_G","Defend_G","Survivor","Neutralize","Catalyst+1","Deadly Poison+1","Deadly Poison","PiercingWail+1","Deadly Poison","Catalyst","Night Terror","Deadly Poison+1","Deadly Poison"],"relics":["Ring of the Snake","NeowsBlessing","MawBank","Snake Skull","Oddly Smooth Stone","Art of War","Regal Pillow"],"potions_floor_usage":[7,7,16],"damage_taken":[{"damage":0,"enemies":"Jaw Worm","floor":1,"turns":1},{"damage":0,"enemies":"Cultist","floor":2,"turns":1},{"damage":0,"enemies":"Small Slimes","floor":3,"turns":1},{"damage":9,"enemies":"3 Louse","floor":4,"turns":6},{"damage":0,"enemies":"Looter","floor":5,"turns":5},{"damage":0,"enemies":"Gremlin Gang","floor":7,"turns":6},{"damage":13,"enemies":"Lagavulin","floor":12,"turns":4},{"damage":0,"enemies":"3 Louse","floor":14,"turns":4},{"damage":38,"enemies":"Slime Boss","floor":16,"turns":12},{"damage":0,"enemies":"Shell Parasite","floor":18,"turns":4},{"damage":32,"enemies":"Spheric Guardian","floor":19,"turns":6},{"damage":18,"enemies":"Shelled Parasite and Fungi","floor":20,"turns":5},{"damage":60,"enemies":"Slavers","floor":24,"turns":5}],"seed_played":"7636460981308587732","potions_obtained":[{"floor":1,"key":"Dexterity Potion"},{"floor":4,"key":"Energy Potion"},{"floor":7,"key":"EssenceOfSteel"},{"floor":12,"key":"Strength Potion"}],"is_trial":false,"path_per_floor":["M","M","M","M","M","R","M","?","T","R","$","E","R","M","R","B",null,"M","M","M","$","?","R","E"],"character_chosen":"THE_SILENT","items_purchased":["Snake Skull","Oddly Smooth Stone","Regal Pillow"],"campfire_rested":2,"item_purchase_floors":[11,11,21],"current_hp_per_floor":[70,70,70,61,61,61,61,61,61,61,61,48,48,48,69,31,70,70,38,20,20,20,56,0],"gold":177,"neow_bonus":"THREE_ENEMY_KILL","is_prod":false,"is_daily":false,"chose_seed":false,"campfire_upgraded":3,"win_rate":0,"timestamp":1568518415,"path_taken":["M","M","M","M","M","R","M","?","T","R","$","E","R","?","R","BOSS","M","M","M","?","?","R","E"],"build_version":"2019-07-17","purchased_purges":0,"victory":false,"max_hp_per_floor":[70,70,70,70,70,70,70,70,70,70,70,70,70,70,70,70,70,70,70,70,70,70,70,70],"card_choices":[{"not_picked":["Skewer","Bane"],"picked":"Catalyst","floor":1},{"not_picked":["Dagger Throw","Slice"],"picked":"Deadly Poison","floor":2},{"not_picked":["Acrobatics","Dagger Spray","Setup"],"picked":"SKIP","floor":3},{"not_picked":["Dagger Throw","Slice","Outmaneuver"],"picked":"SKIP","floor":4},{"not_picked":["Dagger Throw","Distraction"],"picked":"Deadly Poison","floor":5},{"not_picked":["Quick Slash","Die Die Die"],"picked":"PiercingWail","floor":7},{"not_picked":["Unload","Flying Knee"],"picked":"Deadly Poison","floor":12},{"not_picked":["Blade Dance","Masterful Stab"],"picked":"Catalyst","floor":14},{"not_picked":["Bullet Time","Glass Knife"],"picked":"Night Terror","floor":16},{"not_picked":["Cloak And Dagger","Dagger Throw","All Out Attack"],"picked":"SKIP","floor":18},{"not_picked":["Leg Sweep","Prepared"],"picked":"Deadly Poison+1","floor":19},{"not_picked":["Sucker Punch+1","Tools of the Trade"],"picked":"Deadly Poison","floor":20}],"player_experience":474739,"relics_obtained":[{"floor":9,"key":"MawBank"},{"floor":12,"key":"Art of War"}],"event_choices":[{"damage_healed":0,"gold_gain":100,"player_choice":"Gold","damage_taken":0,"max_hp_gain":0,"max_hp_loss":0,"event_name":"Wheel of Change","floor":8,"gold_loss":0},{"damage_healed":0,"gold_gain":99,"player_choice":"Stole From Cult","damage_taken":0,"max_hp_gain":0,"max_hp_loss":0,"event_name":"Nest","floor":22,"gold_loss":0}],"is_beta":false,"boss_relics":[{"not_picked":["Fusion Hammer","Cursed Key","Velvet Choker"]}],"items_purged_floors":[],"is_endless":false,"potions_floor_spawned":[1,4,7,12],"killed_by":"Slavers","ascension_level":0}