{"path_per_floor":["M","?","$","M","M","R","M","$","T","R","?","M","M","?","R","B",null,"M","M","$","?","?","R","$"],"character_chosen":"DEFECT","items_purchased":["Redo","Defragment"],"gold_per_floor":[114,114,39,53,71,71,85,3,3,3,3,21,46,46,46,165,165,186,210,28,0,0,0,0,0],"floor_reached":25,"campfire_rested":0,"playtime":1801,"current_hp_per_floor":[72,52,52,50,49,49,38,38,38,38,65,63,58,58,58,10,64,59,43,43,43,43,43,43,0],"items_purged":["Strike_B","Strike_B"],"gold":0,"score":258,"play_id":"9e078a6f-8ace-4a18-8121-2fedae7f67e1","local_time":"20180502112356","is_prod":false,"is_daily":false,"chose_seed":false,"is_ascension_mode":true,"campfire_upgraded":4,"timestamp":1525285436,"path_taken":["M","?","$","M","?","R","M","$","T","R","?","?","M","?","R","BOSS","M","M","$","?","?","R","?","E"],"build_version":"2018-05-01v2","seed_source_timestamp":86329873663743,"purchased_purges":2,"victory":false,"master_deck":["Strike_B","Strike_B","Defend_B","Defend_B","Defend_B","Defend_B","Zap+1","Dualcast+1","FTL","Double Energy","Aggregate","Recycle+1","Redo+1","Self Repair","Streamline","Thunder Strike","Glacier","White Noise","Chaos","Skim","Leap","Defragment+1"],"max_hp_per_floor":[82,82,82,82,82,82,82,82,82,82,82,82,82,82,82,82,82,82,82,82,82,82,82,82,82],"relics":["Cracked Core","Golden Idol","Darkstone Periapt","Orrery"],"card_choices":[{"not_picked":["Axe Kick","Capacitor"],"picked":"FTL","floor":1.0},{"not_picked":["Cold Snap","Force Field"],"picked":"Double Energy","floor":4.0},{"not_picked":["Beam Cell","Barrage"],"picked":"Aggregate","floor":5.0},{"not_picked":["Melter","Cold Snap"],"picked":"Recycle","floor":7.0},{"not_picked":["Rip and Tear","Impulse"],"picked":"Self Repair","floor":12.0},{"not_picked":["Coolheaded","Storm"],"picked":"Streamline","floor":13.0},{"not_picked":["Biased Cognition","Seek"],"picked":"Thunder Strike","floor":16.0},{"not_picked":["Turbo","Beam Cell"],"picked":"Glacier","floor":17.0},{"not_picked":["Coolheaded","Streamline"],"picked":"White Noise","floor":17.0},{"not_picked":["Melter","Blizzard"],"picked":"Chaos","floor":17.0},{"not_picked":["Gash","Rebound"],"picked":"Skim","floor":17.0},{"not_picked":["Impulse","Cold Snap"],"picked":"Leap","floor":19.0}],"player_experience":524678,"potions_floor_usage":[25],"damage_taken":[{"damage":3.0,"enemies":"2 Louse","floor":1.0,"turns":3.0},{"damage":2.0,"enemies":"Jaw Worm","floor":4.0,"turns":3.0},{"damage":1.0,"enemies":"Cultist","floor":5.0,"turns":3.0},{"damage":11.0,"enemies":"Lots of Slimes","floor":7.0,"turns":5.0},{"damage":2.0,"enemies":"3 Louse","floor":12.0,"turns":3.0},{"damage":12.0,"enemies":"Looter","floor":13.0,"turns":3.0},{"damage":55.0,"enemies":"The Guardian","floor":16.0,"turns":11.0},{"damage":12.0,"enemies":"Spheric Guardian","floor":18.0,"turns":4.0},{"damage":23.0,"enemies":"Shell Parasite","floor":19.0,"turns":9.0},{"damage":58,"enemies":"Book of Stabbing","floor":25,"turns":7}],"event_choices":[{"event_name":"Golden Idol","player_choice":"Take Damage","floor":2.0,"damage_taken":0.0},{"event_name":"Big Fish","player_choice":"Banana","floor":11.0,"damage_taken":0.0},{"event_name":"Accursed Blacksmith","player_choice":"Forge","floor":14.0,"damage_taken":0.0},{"event_name":"Masked Bandits","player_choice":"Paid Bandits 28 gold","floor":21,"damage_taken":0},{"event_name":"The Mausoleum","player_choice":"No","floor":22,"damage_taken":0}],"boss_relics":[],"potions_floor_spawned":[12,13,18],"seed_played":"-1850728269278231193","killed_by":"Book of Stabbing","ascension_level":7,"is_trial":false}