{"path_per_floor":["M","$","M","?","?","R","M","?","T","R","E","M","M","M","R","B",null,"M","M","$","?","?","R","?","R","T","M","M","?","M","M","R","B",null,"M","M"],"character_chosen":"IRONCLAD","items_purchased":["Dramatic Entrance","Pantograph"],"gold_per_floor":[116,24,42,42,42,42,58,8,32,32,73,86,107,130,130,253,253,276,289,33,33,33,33,0,0,0,23,47,47,66,82,82,185,185,203,213,213],"floor_reached":37,"campfire_rested":1,"playtime":896,"item_purchase_floors":[2,20],"current_hp_per_floor":[80,80,80,80,60,60,64,64,64,64,55,61,67,68,68,64,80,72,80,80,80,80,80,80,80,80,70,45,45,28,22,46,80,80,80,53,0],"items_purged":[],"gold":213,"score":373,"play_id":"6d28fc07-473a-4df8-b636-989859e1bfcb","local_time":"20180615200112","is_prod":false,"is_daily":false,"chose_seed":false,"is_ascension_mode":false,"campfire_upgraded":5,"win_rate":0,"timestamp":1529107272,"campfire_choices":[{"data":"Hemokinesis","floor":6,"key":"SMITH"},{"data":"Double Tap","floor":10,"key":"SMITH"},{"data":"Flex","floor":15,"key":"SMITH"},{"data":"Limit Break","floor":23,"key":"SMITH"},{"data":"Pummel","floor":25,"key":"SMITH"},{"floor":32,"key":"REST"}],"path_taken":["M","$","M","?","?","R","M","?","T","R","E","M","M","M","R","BOSS","M","M","$","?","?","R","?","R","T","M","?","?","M","?","R","BOSS","M","M","M"],"build_version":"2018-06-14v2","seed_source_timestamp":1380609600984470,"purchased_purges":0,"victory":false,"master_deck":["Strike_R","Defend_R","Defend_R","Defend_R","Defend_R","Bash","Double Tap+1","Reckless Charge","Dramatic Entrance","Hemokinesis+1","Pummel+1","Shrug It Off","Flex+1","Sword Boomerang","Reaper","Limit Break+1","Battle Trance+1","Reaper","Sword Boomerang","Perfected Strike+1","Shockwave+1","Brutality+1","Flex+1","True Grit+1"],"max_hp_per_floor":[80,80,80,80,80,80,80,80,80,80,80,80,80,80,80,80,80,80,80,80,80,80,80,80,80,80,80,80,80,80,80,80,80,80,80,80,80],"relics":["Burning Blood","Bloody Idol","Boot","Bronze Scales","Philosopher\u0027s Stone","Pantograph","Smiling Mask","Astrolabe"],"card_choices":[{"not_picked":["Havoc","Burning Pact"],"picked":"Reckless Charge","floor":1},{"not_picked":["Blood for Blood","Shrug It Off"],"picked":"Hemokinesis","floor":3},{"not_picked":["Reckless Charge","Wild Strike"],"picked":"Pummel","floor":7},{"not_picked":["Sword Boomerang","Cleave"],"picked":"Shrug It Off","floor":11},{"not_picked":["Iron Wave","Sentinel"],"picked":"Flex","floor":12},{"not_picked":["Wild Strike","Havoc"],"picked":"Sword Boomerang","floor":13},{"not_picked":["Sever Soul","Power Through"],"picked":"Reaper","floor":14},{"not_picked":["Exhume","Feed"],"picked":"Limit Break","floor":16},{"not_picked":["Havoc","Pommel Strike"],"picked":"Battle Trance+1","floor":18},{"not_picked":["Entrench","Armaments","Combust"],"picked":"SKIP","floor":19},{"not_picked":["Anger","Clothesline","Iron Wave"],"picked":"SKIP","floor":27},{"not_picked":["Heavy Blade","Body Slam"],"picked":"Sword Boomerang","floor":28},{"not_picked":["Carnage","Perfected Strike","Battle Trance"],"picked":"SKIP","floor":30},{"not_picked":["Clothesline+1","Rupture","Second Wind"],"picked":"SKIP","floor":31},{"not_picked":["Twin Strike+1","Rampage+1"],"picked":"Flex+1","floor":35},{"not_picked":["Shrug It Off","Clothesline+1"],"picked":"True Grit+1","floor":36}],"player_experience":555679,"potions_floor_usage":[12,14,33,33,37],"damage_taken":[{"damage":1,"enemies":"2 Louse","floor":1,"turns":3},{"damage":0,"enemies":"Cultist","floor":3,"turns":2},{"damage":2,"enemies":"Small Slimes","floor":7,"turns":1},{"damage":15,"enemies":"Lagavulin","floor":11,"turns":3},{"damage":0,"enemies":"Exordium Wildlife","floor":12,"turns":2},{"damage":0,"enemies":"Looter","floor":13,"turns":2},{"damage":5,"enemies":"Exordium Thugs","floor":14,"turns":2},{"damage":18,"enemies":"Slime Boss","floor":16,"turns":7},{"damage":14,"enemies":"Spheric Guardian","floor":18,"turns":3},{"damage":0,"enemies":"3 Byrds","floor":19,"turns":2},{"damage":22,"enemies":"Snecko","floor":27,"turns":4},{"damage":31,"enemies":"Snake Plant","floor":28,"turns":3},{"damage":28,"enemies":"Centurion and Healer","floor":30,"turns":3},{"damage":17,"enemies":"Snecko","floor":31,"turns":4},{"damage":16,"enemies":"Champ","floor":33,"turns":5},{"damage":5,"enemies":"3 Shapes","floor":35,"turns":4},{"damage":56,"enemies":"3 Darklings","floor":36,"turns":4},{"damage":67,"enemies":"Sphere and 2 Shapes","floor":37,"turns":3}],"relics_obtained":[{"floor":9,"key":"Boot"},{"floor":11,"key":"Bronze Scales"},{"floor":26,"key":"Smiling Mask"}],"event_choices":[{"event_name":"Match and Keep!","player_choice":"0 cards matched","floor":4,"damage_taken":0},{"event_name":"Golden Idol","player_choice":"Take Damage","floor":5,"damage_taken":0},{"event_name":"The Cleric","player_choice":"Card Removal","floor":8,"damage_taken":0},{"event_name":"Duplicator","player_choice":"One dupe","floor":21,"damage_taken":0},{"event_name":"Addict","player_choice":"Ignored","floor":22,"damage_taken":0},{"event_name":"Masked Bandits","player_choice":"Paid Bandits 33 gold","floor":24,"damage_taken":0},{"event_name":"Forgotten Altar","player_choice":"Gave Idol","floor":29,"damage_taken":0}],"boss_relics":[{"not_picked":["Black Blood","Orrery"],"picked":"Philosopher\u0027s Stone"},{"not_picked":["Runic Pyramid","Busted Crown"],"picked":"Astrolabe"}],"items_purged_floors":[],"is_endless":true,"potions_floor_spawned":[1,11,13,14,16,18,30,31,33],"seed_played":"-3319937927531538398","killed_by":"Sphere and 2 Shapes","ascension_level":0,"potions_obtained":[{"floor":1,"key":"Fire Potion"},{"floor":11,"key":"Poison Potion"},{"floor":13,"key":"SteroidPotion"},{"floor":14,"key":"Regen Potion"},{"floor":16,"key":"Ancient Potion"},{"floor":33,"key":"Poison Potion"}],"is_trial":false}