{"path_per_floor":["M","M","T","M","?","R","?","R","T","M","R","$","M","E","R","B",null,"M","M","M","T","M","R","E","?","T","R","M","$","?","?","R"],"character_chosen":"IRONCLAD","items_purchased":["Dramatic Entrance","Mango"],"gold_per_floor":[116,127,177,191,191,191,191,191,191,174,174,87,107,139,139,242,242,252,269,284,284,301,301,335,335,335,335,345,52,52,52,52],"floor_reached":33,"campfire_rested":4,"playtime":3333,"current_hp_per_floor":[96,96,96,96,89,89,89,89,89,75,75,75,76,68,96,61,96,78,54,22,22,26,54,21,21,21,49,8,22,22,22,55],"items_purged":[],"gold":52,"score":315,"play_id":"f299efa1-5448-4bf4-ba88-adf09aeffde0","is_prod":false,"is_daily":false,"is_ascension_mode":false,"campfire_upgraded":3,"path_taken":["M","M","?","M","?","R","?","R","T","M","R","$","?","E","R","BOSS","M","M","M","?","M","R","E","?","T","R","M","$","?","?","R","BOSS"],"build_version":"2018-02-15-PROD1","purchased_purges":0,"victory":false,"master_deck":["Strike_R","Strike_R","Strike_R","Strike_R","Defend_R","Defend_R","Defend_R","Defend_R","Bash+1","Armaments+1","Pummel","Flex","Juggernaut","Spot Weakness+1","Dramatic Entrance","Inflame","Berserk","Limit Break","Spot Weakness+1","Dropkick+1","Dropkick","Flame Barrier+1","Decay","Heavy Blade+1"],"max_hp_per_floor":[96,96,96,96,96,96,96,96,96,96,96,96,96,96,96,96,96,96,96,96,96,96,96,96,96,96,96,96,110,110,110,110],"relics":["Burning Blood","Vajra","Bottled Lightning","Letter Opener","Lizard Tail","Paper Frog","Toolbox","Smiling Mask","Mango"],"card_choices":[{"not_picked":["Thunderclap","Iron Wave"],"picked":"Armaments"},{"not_picked":["Combust","Wild Strike"],"picked":"Pummel"},{"not_picked":["True Grit","Sword Boomerang"],"picked":"Flex"},{"not_picked":["Clothesline","Rampage"],"picked":"Spot Weakness"},{"not_picked":["Clothesline","Sword Boomerang"],"picked":"Inflame"},{"not_picked":["Reckless Charge","Anger"],"picked":"Berserk"},{"not_picked":["Impervious","Offering"],"picked":"Limit Break"},{"not_picked":["Iron Wave","Clash"],"picked":"Spot Weakness"},{"not_picked":["Headbutt","Intimidate"],"picked":"Dropkick"},{"not_picked":["Iron Wave","Rupture"],"picked":"Dropkick"},{"not_picked":["Shrug It Off","Second Wind"],"picked":"Flame Barrier"},{"not_picked":["Fiend Fire","Twin Strike"],"picked":"Heavy Blade"}],"player_experience":68913,"potions_floor_usage":[],"damage_taken":[{"damage":3,"enemies":"Cultist","floor":1,"turns":5},{"damage":1,"enemies":"2 Louse","floor":2,"turns":4},{"damage":1,"enemies":"Jaw Worm","floor":4,"turns":3},{"damage":20,"enemies":"Exordium Thugs","floor":10,"turns":6},{"damage":5,"enemies":"Looter","floor":13,"turns":3},{"damage":14,"enemies":"Gremlin Nob","floor":14,"turns":3},{"damage":41,"enemies":"Slime Boss","floor":16,"turns":9},{"damage":24,"enemies":"Chosen","floor":18,"turns":7},{"damage":30,"enemies":"3 Byrds","floor":19,"turns":4},{"damage":38,"enemies":"Centurion and Healer","floor":20,"turns":6},{"damage":65,"enemies":"Cultist and Chosen","floor":22,"turns":7},{"damage":39,"enemies":"Book of Stabbing","floor":24,"turns":4},{"damage":47,"enemies":"Sentry and Sphere","floor":28,"turns":5},{"damage":65,"enemies":"Champ","floor":33,"turns":7}],"event_choices":[{"event_name":"Golden Wing","player_choice":"Card Removal","floor":5,"damage_taken":0},{"event_name":"Transmorgrifier","player_choice":"Transform","floor":7,"damage_taken":0},{"event_name":"Forgotten Altar","player_choice":"Smashed Altar","floor":25,"damage_taken":0},{"event_name":"Addict","player_choice":"Ignored","floor":30,"damage_taken":0},{"event_name":"Drug Dealer","player_choice":"Ignored","floor":31,"damage_taken":0}],"boss_relics":[{"not_picked":["Question Card","Ectoplasm"],"picked":"Lizard Tail"}],"potions_floor_spawned":[2,14,16,20,22],"seed_played":"4272703603036416495","killed_by":"Champ","ascension_level":0,"is_trial":false}