{"gold_per_floor":[110,64,64,64,81,106,106,139,139,139,157,157,171,252,252,351,666,682,692,704,703,723,723,733,758,808,808,808,808,808,828,828,932,1032,1050,626,644,662,681,681,714,730,730,730,746,746,601,614,614,614],"floor_reached":51,"playtime":1692,"items_purged":["Strike_G"],"score":759,"play_id":"de44ff2f-6d17-4d52-bf9d-c7b75526a84e","local_time":"20190215203811","is_ascension_mode":false,"campfire_choices":[{"data":"strawberrySpire:SpinKick","floor":7,"key":"SMITH"},{"data":"strawberrySpire:Insectonator","floor":10,"key":"SMITH"},{"data":"hubris:Counter","floor":12,"key":"SMITH"},{"data":"Neutralize","floor":15,"key":"SMITH"},{"data":"strawberrySpire:Insectonator","floor":23,"key":"SMITH"},{"data":"Adrenaline","floor":30,"key":"SMITH"},{"data":"Noxious Fumes","floor":32,"key":"SMITH"},{"data":"After Image","floor":40,"key":"SMITH"},{"data":"Pot Of Greed","floor":49,"key":"SMITH"}],"neow_cost":"NONE","seed_source_timestamp":194392327921394,"circlet_count":0,"master_deck":["Defend_G","Defend_G","Strike_G","Strike_G","Survivor","Neutralize+1","strawberrySpire:Insectonator+1","Cloak And Dagger","ReplayTheSpireMod:From All Sides","Pot Of Greed+1","Pot Of Greed","strawberrySpire:SpinKick+1","hubris:Counter+1","strawberrySpire:Swampstar","Heel Hook","Adrenaline+1","Noxious Fumes+1","strawberrySpire:Insectonator+1","After Image+1","The Bomb+1","Noxious Fumes+1","strawberrySpire:Fastroyer+1","Pot Of Greed+1","Infinite Blades","strawberrySpire:Insectonator+1","Dagger Spray+1","Poisoned Strike","Bane+1"],"relics":["Ring of the Snake","NeowsBlessing","Grinning Jar","infinitespire:Beetle Shell","Vampiric Spirits","Ornamental Fan","Empty Cage","Lantern","infinitespire:Satchel","Juzu Bracelet","aspiration:RitualStick","Replay:Wanted Poster","strawberrySpire:CharschorBlot","aspiration:StickyExplosives","Gremlin Food","War Paint"],"potions_floor_usage":[50,50,50],"damage_taken":[{"damage":0,"enemies":"Jaw Worm","floor":1,"turns":1},{"damage":0,"enemies":"Cultist","floor":5,"turns":1},{"damage":0,"enemies":"3 Sentries","floor":6,"turns":1},{"damage":24,"enemies":"Gremlin Nob","floor":8,"turns":5},{"damage":0,"enemies":"2 Louse","floor":11,"turns":2},{"damage":16,"enemies":"Large Slime","floor":13,"turns":5},{"damage":13,"enemies":"Slime Boss","floor":16,"turns":11},{"damage":2,"enemies":"2 Thieves","floor":18,"turns":4},{"damage":0,"enemies":"Shell Parasite","floor":19,"turns":3},{"damage":11,"enemies":"Snake Plant","floor":20,"turns":3},{"damage":15,"enemies":"Sentry and Sphere","floor":22,"turns":5},{"damage":0,"enemies":"Snecko","floor":24,"turns":4},{"damage":8,"enemies":"Book of Stabbing","floor":25,"turns":4},{"damage":0,"enemies":"Cultist and Chosen","floor":31,"turns":4},{"damage":39,"enemies":"Collector","floor":33,"turns":6},{"damage":3,"enemies":"3 Shapes","floor":35,"turns":3},{"damage":4,"enemies":"Orb Walker","floor":37,"turns":3},{"damage":7,"enemies":"Sphere and 2 Shapes","floor":38,"turns":3},{"damage":4,"enemies":"4 Shapes","floor":39,"turns":3},{"damage":18,"enemies":"Reptomancer","floor":41,"turns":5},{"damage":5,"enemies":"Spire Growth","floor":42,"turns":3},{"damage":18,"enemies":"3 Darklings","floor":45,"turns":4},{"damage":0,"enemies":"Transient","floor":48,"turns":5},{"damage":48,"enemies":"Time Eater","floor":50,"turns":6}],"seed_played":"7636896200873480646","potions_obtained":[{"floor":1,"key":"Poison Potion"},{"floor":6,"key":"Strength Potion"},{"floor":8,"key":"Fire Potion"},{"floor":20,"key":"Adrenaline Potion"}],"is_trial":false,"path_per_floor":["M","$","?","?","M","E","R","E","T","R","M","R","M","T","R","B",null,"M","M","M","$","M","R","M","E","T","?","?","?","R","M","R","B",null,"M","$","M","M","M","R","E","M","T","?","M","?","$","M","R","B",null],"character_chosen":"THE_SILENT","items_purchased":["Cloak And Dagger","Noxious Fumes","Lantern","The Bomb","strawberrySpire:CharschorBlot","War Paint"],"campfire_rested":0,"item_purchase_floors":[2,21,21,36,36,47],"current_hp_per_floor":[70,70,70,70,70,70,70,46,46,46,48,48,36,36,36,27,70,68,68,58,58,47,47,49,41,41,28,23,48,48,49,49,12,75,72,72,68,62,60,60,42,37,37,66,48,48,48,48,48,1],"gold":614,"neow_bonus":"THREE_ENEMY_KILL","is_prod":false,"is_daily":false,"chose_seed":false,"campfire_upgraded":9,"win_rate":0,"timestamp":1550281091,"path_taken":["M","$","?","?","M","E","R","E","T","R","M","R","?","?","R","BOSS","M","M","M","$","M","R","M","E","T","?","?","?","R","M","R","BOSS","M","$","M","M","M","R","E","M","T","?","M","?","$","M","R","BOSS"],"build_version":"2019-01-23","purchased_purges":1,"victory":true,"max_hp_per_floor":[70,70,70,70,70,70,70,70,70,70,70,70,70,70,70,70,70,70,70,70,70,70,70,70,70,70,75,75,75,75,75,75,75,75,75,75,75,75,75,75,75,75,75,66,66,66,66,66,66,66],"card_choices":[{"not_picked":["Blade Dance","Bane"],"picked":"strawberrySpire:Insectonator","floor":1},{"not_picked":["Fluid Movement","Sucker Punch"],"picked":"ReplayTheSpireMod:From All Sides","floor":5},{"not_picked":["Cloak And Dagger","Blur"],"picked":"strawberrySpire:SpinKick","floor":6},{"not_picked":["Calculated Gamble","strawberrySpire:Slide"],"picked":"hubris:Counter","floor":8},{"not_picked":["Poisoned Stab","Sucker Punch"],"picked":"strawberrySpire:Swampstar","floor":11},{"not_picked":["Outmaneuver","strawberrySpire:Grapple"],"picked":"Heel Hook","floor":13},{"not_picked":["Phantasmal Killer","Tools of the Trade"],"picked":"Adrenaline","floor":16},{"not_picked":["Calculated Gamble","hubris:SlightOfHand","hubris:Counter"],"picked":"SKIP","floor":18},{"not_picked":["strawberrySpire:Grapple","Dodge and Roll+1","Flying Knee"],"picked":"SKIP","floor":19},{"not_picked":["Hidden Blade+1","hubris:SlightOfHand","Toxin Wave"],"picked":"SKIP","floor":20},{"not_picked":["Slice+1","Poisoned Stab"],"picked":"strawberrySpire:Insectonator","floor":22},{"not_picked":["Grand Finale","strawberrySpire:DeltaFlow","Poisoned Stab+1"],"picked":"SKIP","floor":24},{"not_picked":["Underhanded Strike","Bouncing Flask","Caltrops"],"picked":"SKIP","floor":25},{"not_picked":["strawberrySpire:Urgency","Skewer+1","Underhanded Strike"],"picked":"SKIP","floor":31},{"not_picked":["Storm of Steel","Doppelganger"],"picked":"After Image","floor":33},{"not_picked":["PiercingWail+1","Deadly Poison","ReplayTheSpireMod:Scrap Shanks"],"picked":"SKIP","floor":35},{"not_picked":["ReplayTheSpireMod:Tripwire+1","hubris:Counter+1"],"picked":"strawberrySpire:Fastroyer+1","floor":37},{"not_picked":["strawberrySpire:Pant","PiercingWail"],"picked":"Infinite Blades","floor":38},{"not_picked":["Backflip","Acrobatics"],"picked":"strawberrySpire:Insectonator+1","floor":39},{"not_picked":["strawberrySpire:SideSwipe+1","Blade Dance+1","Blur+1"],"picked":"SKIP","floor":41},{"not_picked":["strawberrySpire:Pant","Blade Dance"],"picked":"Dagger Spray+1","floor":42},{"not_picked":["Dagger Spray","Distraction+1","Dodge and Roll"],"picked":"SKIP","floor":45},{"not_picked":["ReplayTheSpireMod:Trickstab","Replay:Sssssssssshield"],"picked":"Poisoned Strike","floor":46},{"not_picked":["Underhanded Strike+1","hubris:TrickCloak"],"picked":"Bane+1","floor":48}],"player_experience":701840,"relics_obtained":[{"floor":6,"key":"Grinning Jar"},{"floor":8,"key":"infinitespire:Beetle Shell"},{"floor":9,"key":"Vampiric Spirits"},{"floor":14,"key":"Ornamental Fan"},{"floor":25,"key":"infinitespire:Satchel"},{"floor":26,"key":"Juzu Bracelet"},{"floor":41,"key":"aspiration:StickyExplosives"},{"floor":43,"key":"Gremlin Food"}],"event_choices":[{"cards_removed":["Defend_G"],"damage_healed":0,"gold_gain":0,"player_choice":"Offered Basic","damage_taken":0,"max_hp_gain":0,"max_hp_loss":0,"event_name":"Bonfire Elementals","floor":4,"gold_loss":0},{"damage_healed":0,"gold_gain":0,"player_choice":"Shed Blood","damage_taken":18,"max_hp_gain":5,"max_hp_loss":0,"event_name":"Forgotten Altar","floor":27,"gold_loss":0},{"damage_healed":25,"gold_gain":0,"player_choice":"Heal","damage_taken":0,"max_hp_gain":0,"max_hp_loss":0,"event_name":"The Library","floor":29,"gold_loss":0},{"damage_healed":66,"gold_gain":0,"player_choice":"Heal","damage_taken":0,"max_hp_gain":0,"max_hp_loss":9,"event_name":"The Moai Head","floor":44,"gold_loss":0},{"damage_healed":0,"gold_gain":0,"player_choice":"Memory 1","damage_taken":0,"max_hp_gain":0,"max_hp_loss":0,"event_name":"SensoryStone","floor":46,"gold_loss":0}],"is_beta":false,"boss_relics":[{"not_picked":["aspiration:RingOfOuroboros","Replay:Bronze Core"],"picked":"Empty Cage"},{"not_picked":["Sozu","Pandora\u0027s Box"],"picked":"Replay:Wanted Poster"}],"items_purged_floors":[21],"is_endless":false,"potions_floor_spawned":[1,6,8,13,20,24,25,35,39,41],"ascension_level":0}