{"path_per_floor":["M","M","?","M","M","R","T","?","T","M","M","M","M","M","R","B",null,"M","M","M"],"character_chosen":"IRONCLAD","items_purchased":[],"gold_per_floor":[118,136,186,202,213,213,240,270,270,282,295,265,284,295,295,393,393,406,421,435],"floor_reached":21,"campfire_rested":1,"playtime":1857,"current_hp_per_floor":[45,46,46,52,42,66,66,66,66,72,77,80,80,80,80,54,80,77,65,10],"items_purged":[],"gold":435,"score":177,"play_id":"63f3066e-32b4-46ef-8434-b251078d0815","is_prod":false,"is_daily":false,"is_ascension_mode":false,"campfire_upgraded":1,"path_taken":["M","M","?","M","M","R","?","?","T","M","M","M","M","M","R","BOSS","M","M","M","M"],"build_version":"2018-02-15-PROD1","purchased_purges":0,"victory":false,"master_deck":["Strike_R","Strike_R","Strike_R","Strike_R","Strike_R","Defend_R","Defend_R","Defend_R","Defend_R","Bash","Bludgeon+1","Sentinel","Armaments","Clothesline","Sword Boomerang","Flame Barrier","Headbutt","Infernal Blade","Inflame","Shrug It Off","Double Tap","Pommel Strike+1","Seeing Red+1","Wild Strike+1"],"max_hp_per_floor":[80,80,80,80,80,80,80,80,80,80,80,80,80,80,80,80,80,80,80,80],"relics":["Burning Blood","Calipers","Orichalcum","Prayer Wheel","Torii","Question Card"],"card_choices":[{"not_picked":["Rage","Wild Strike"],"picked":"Bludgeon"},{"not_picked":["Clothesline","Twin Strike"],"picked":"Sentinel"},{"not_picked":["Shrug It Off","Anger"],"picked":"Armaments"},{"not_picked":["Perfected Strike","Shrug It Off"],"picked":"Clothesline"},{"not_picked":["Dropkick","Clothesline"],"picked":"Sword Boomerang"},{"not_picked":["Clothesline","Pummel"],"picked":"Flame Barrier"},{"not_picked":["Corruption","Perfected Strike"],"picked":"Headbutt"},{"not_picked":["Twin Strike","Burning Pact"],"picked":"Infernal Blade"},{"not_picked":["Burning Pact","Headbutt"],"picked":"Inflame"},{"not_picked":["Heavy Blade","Reckless Charge"],"picked":"Shrug It Off"},{"not_picked":["Juggernaut","Reaper"],"picked":"Double Tap"},{"not_picked":["Perfected Strike","Iron Wave","Clothesline"],"picked":"Pommel Strike"},{"not_picked":["True Grit","Rage","Thunderclap"],"picked":"Seeing Red"},{"not_picked":["Clash","Heavy Blade","Havoc"],"picked":"Wild Strike"}],"player_experience":74813,"potions_floor_usage":[],"damage_taken":[{"damage":1.0,"enemies":"Jaw Worm","floor":1.0,"turns":3.0},{"damage":5.0,"enemies":"Small Slimes","floor":2.0,"turns":2.0},{"damage":0,"enemies":"2 Louse","floor":4,"turns":3},{"damage":16,"enemies":"Exordium Thugs","floor":5,"turns":6},{"damage":0,"enemies":"Large Slime","floor":10,"turns":4},{"damage":1,"enemies":"Blue Slaver","floor":11,"turns":2},{"damage":1,"enemies":"Looter","floor":12,"turns":4},{"damage":0,"enemies":"3 Louse","floor":13,"turns":2},{"damage":1,"enemies":"Exordium Thugs","floor":14,"turns":3},{"damage":32,"enemies":"Slime Boss","floor":16,"turns":10},{"damage":9,"enemies":"Chosen","floor":18,"turns":4},{"damage":18,"enemies":"3 Byrds","floor":19,"turns":5},{"damage":61,"enemies":"Slaver and Parasite","floor":20,"turns":6},{"damage":11,"enemies":"Sentry and Sphere","floor":21,"turns":3}],"event_choices":[{"event_name":"Golden Wing","player_choice":"Gained Gold","floor":3.0,"damage_taken":0.0},{"event_name":"Dead Adventurer","player_choice":"Searched \u00273\u0027 times","floor":8,"damage_taken":0}],"boss_relics":[{"not_picked":["Runic Pyramid","Sozu"],"picked":"Question Card"}],"potions_floor_spawned":[1,10,13,14,18],"seed_played":"-7300134273127399188","killed_by":"Sentry and Sphere","ascension_level":0,"is_trial":false}