{"gold_per_floor":[111,126,143,162,220,220,255,255,255,287,307,307,307,323,323,423,423,443,35,35,35,47,76,93,110,188,188,204,218,229,242,242,340,340,350,310,94,141,141,141],"floor_reached":40,"playtime":2668,"items_purged":[],"score":445,"play_id":"8257ae86-95c4-412e-9fff-6df085d31d3f","local_time":"20190911204627","is_ascension_mode":false,"campfire_choices":[{"data":"Heavy Blade","floor":6,"key":"SMITH"},{"floor":8,"key":"REST"},{"floor":13,"key":"REST"},{"data":"Armaments","floor":15,"key":"SMITH"},{"floor":27,"key":"REST"},{"floor":32,"key":"REST"}],"neow_cost":"CURSE","seed_source_timestamp":59822997919400,"circlet_count":0,"master_deck":["Strike_R+1","Strike_R+1","Strike_R","Strike_R","Defend_R","Defend_R","Defend_R","Defend_R","Bash","Blood for Blood+1","Headbutt+1","Spot Weakness","Heavy Blade+1","Perfected Strike","Bludgeon","Dropkick","Armaments+1","Demon Form","Ghostly Armor","Metallicize","Anger","J.A.X.","Iron Wave","Perfected Strike","Combust","Clash","Twin Strike","Pommel Strike","Shrug It Off","Sword Boomerang","Fiend Fire","Bloodletting","Rupture","Violence","Madness","Madness"],"relics":["Burning Blood","Ice Cream","Anchor","Whetstone","Gremlin Horn","Mummified Hand","Busted Crown","Bird Faced Urn","Champion Belt","Shuriken","Empty Cage","Ancient Tea Set"],"potions_floor_usage":[],"damage_taken":[{"damage":3,"enemies":"Cultist","floor":1,"turns":3},{"damage":15,"enemies":"2 Louse","floor":2,"turns":3},{"damage":0,"enemies":"Small Slimes","floor":3,"turns":3},{"damage":15,"enemies":"Looter","floor":4,"turns":3},{"damage":44,"enemies":"Lagavulin","floor":7,"turns":8},{"damage":30,"enemies":"3 Sentries","floor":10,"turns":7},{"damage":2,"enemies":"Exordium Thugs","floor":11,"turns":3},{"damage":0,"enemies":"2 Fungi Beasts","floor":14,"turns":2},{"damage":21,"enemies":"Slime Boss","floor":16,"turns":11},{"damage":24,"enemies":"3 Byrds","floor":18,"turns":4},{"damage":0,"enemies":"Chosen","floor":22,"turns":3},{"damage":51,"enemies":"Book of Stabbing","floor":23,"turns":6},{"damage":8,"enemies":"Snake Plant","floor":24,"turns":3},{"damage":19,"enemies":"Centurion and Healer","floor":25,"turns":5},{"damage":19,"enemies":"3 Cultists","floor":28,"turns":4},{"damage":10,"enemies":"Cultist and Chosen","floor":29,"turns":4},{"damage":17,"enemies":"Snake Plant","floor":30,"turns":3},{"damage":12,"enemies":"Centurion and Healer","floor":31,"turns":3},{"damage":42,"enemies":"Automaton","floor":33,"turns":5},{"damage":27,"enemies":"3 Darklings","floor":35,"turns":4},{"damage":105,"enemies":"Nemesis","floor":40,"turns":7}],"seed_played":"2247234200211459808","potions_obtained":[{"floor":2,"key":"Ancient Potion"},{"floor":3,"key":"Weak Potion"},{"floor":14,"key":"SteroidPotion"},{"floor":18,"key":"Fire Potion"},{"floor":23,"key":"Swift Potion"},{"floor":29,"key":"FairyPotion"}],"is_trial":false,"path_per_floor":["M","M","M","M","?","R","E","R","T","E","M","?","R","M","R","B",null,"M","$","?","?","M","E","M","M","T","R","M","M","M","M","R","B",null,"M","?","$","T","?","E"],"character_chosen":"IRONCLAD","items_purchased":["Bird Faced Urn","Metallicize","Anger","Rupture","Violence"],"campfire_rested":4,"item_purchase_floors":[19,19,19,37,37],"current_hp_per_floor":[80,71,77,68,68,68,30,54,54,30,34,34,58,64,64,49,80,62,62,62,62,70,29,31,20,20,44,33,33,22,16,40,8,80,61,61,61,61,51,0],"gold":141,"neow_bonus":"ONE_RARE_RELIC","is_prod":false,"is_daily":false,"chose_seed":false,"campfire_upgraded":2,"win_rate":0.0,"timestamp":1568227587,"path_taken":["M","?","M","M","?","R","E","R","T","E","M","?","R","M","R","BOSS","M","$","?","?","M","E","?","M","T","R","M","M","M","M","R","BOSS","M","?","$","?","?","E"],"build_version":"2019-07-17","purchased_purges":0,"victory":false,"max_hp_per_floor":[80,80,80,80,80,80,80,80,80,80,80,80,80,80,80,80,80,80,80,80,80,80,80,80,80,80,80,80,80,80,80,80,80,80,80,80,80,80,80,80],"card_choices":[{"not_picked":["Iron Wave","Clothesline"],"picked":"Blood for Blood","floor":1},{"not_picked":["Cleave","Thunderclap"],"picked":"Headbutt","floor":2},{"not_picked":["Disarm","Feel No Pain"],"picked":"Spot Weakness","floor":3},{"not_picked":["Clothesline","Cleave"],"picked":"Heavy Blade","floor":4},{"not_picked":["Warcry","Iron Wave"],"picked":"Perfected Strike","floor":7},{"not_picked":["Body Slam","Iron Wave"],"picked":"Bludgeon","floor":10},{"not_picked":["True Grit","Clash"],"picked":"Dropkick","floor":11},{"not_picked":["Headbutt","Iron Wave"],"picked":"Armaments","floor":14},{"not_picked":["Offering","Dark Embrace"],"picked":"Demon Form","floor":16},{"not_picked":[],"picked":"Ghostly Armor","floor":18},{"not_picked":[],"picked":"Perfected Strike","floor":22},{"not_picked":[],"picked":"Corruption","floor":23},{"not_picked":[],"picked":"Combust","floor":24},{"not_picked":[],"picked":"Clash","floor":25},{"not_picked":[],"picked":"Twin Strike","floor":28},{"not_picked":[],"picked":"Pommel Strike","floor":29},{"not_picked":[],"picked":"Shrug It Off","floor":30},{"not_picked":[],"picked":"Sword Boomerang","floor":31},{"not_picked":[],"picked":"Fiend Fire","floor":33},{"not_picked":[],"picked":"Bloodletting","floor":35}],"player_experience":14028,"relics_obtained":[{"floor":7,"key":"Anchor"},{"floor":9,"key":"Whetstone"},{"floor":10,"key":"Gremlin Horn"},{"floor":23,"key":"Champion Belt"},{"floor":26,"key":"Shuriken"},{"floor":38,"key":"Ancient Tea Set"}],"event_choices":[{"damage_healed":0,"gold_gain":58,"player_choice":"Gained Gold","damage_taken":0,"max_hp_gain":0,"max_hp_loss":0,"event_name":"Golden Wing","floor":5,"gold_loss":0},{"damage_healed":0,"gold_gain":0,"player_choice":"Searched \u00272\u0027 times","damage_taken":0,"relics_obtained":["Mummified Hand"],"max_hp_gain":0,"max_hp_loss":0,"event_name":"Dead Adventurer","floor":12,"gold_loss":0},{"damage_healed":0,"gold_gain":0,"player_choice":"Obtain J.A.X.","damage_taken":0,"max_hp_gain":0,"max_hp_loss":0,"event_name":"Drug Dealer","floor":20,"gold_loss":0,"cards_obtained":["J.A.X."]},{"cards_removed":["Decay"],"damage_healed":0,"gold_gain":0,"player_choice":"Took Card","damage_taken":0,"max_hp_gain":0,"max_hp_loss":0,"event_name":"NoteForYourself","floor":21,"gold_loss":0,"cards_obtained":["Iron Wave"]},{"damage_healed":0,"gold_gain":0,"player_choice":"Upgraded Two","damage_taken":0,"max_hp_gain":0,"max_hp_loss":0,"event_name":"Designer","floor":36,"gold_loss":40,"cards_upgraded":["Blood for Blood","Strike_R"]},{"damage_healed":0,"gold_gain":0,"player_choice":"Embrace Madness","damage_taken":10,"max_hp_gain":0,"max_hp_loss":0,"event_name":"Winding Halls","floor":39,"gold_loss":0,"cards_obtained":["Madness","Madness"]}],"is_beta":false,"boss_relics":[{"not_picked":["Ectoplasm","Black Blood"],"picked":"Busted Crown"},{"not_picked":["Runic Dome","Coffee Dripper"],"picked":"Empty Cage"}],"items_purged_floors":[],"is_endless":false,"potions_floor_spawned":[2,3,14,18,23,24,29,30],"killed_by":"Nemesis","ascension_level":0}