{"path_per_floor":["M","M","?","M","T","E","M","R","T","E","?","?","R","E","R","B",null,"M","M","$","M","?","R"],"character_chosen":"IRONCLAD","items_purchased":["Orichalcum","Spot Weakness"],"gold_per_floor":[117,135,135,149,149,183,198,198,198,232,232,332,332,364,364,464,464,479,489,260,275,275,275],"floor_reached":24,"campfire_rested":3,"playtime":925,"current_hp_per_floor":[80,80,80,80,80,72,64,64,64,44,44,44,68,58,82,71,83,77,38,38,11,11,35],"items_purged":[],"gold":275,"score":214,"play_id":"bcea9deb-7b18-4af5-a30c-a7458189b343","is_prod":false,"is_daily":false,"is_ascension_mode":false,"campfire_upgraded":1,"path_taken":["M","M","?","?","?","E","M","R","T","E","?","?","R","E","R","BOSS","M","M","$","M","?","R","E"],"build_version":"2018-02-15-PROD1","purchased_purges":0,"victory":false,"master_deck":["Strike_R","Strike_R","Strike_R","Strike_R","Strike_R","Defend_R","Defend_R","Defend_R","Bash","Clash","Sword Boomerang","Flex","Infernal Blade","Inflame","Armaments+1","Flex","Iron Wave+1","Disarm","Demon Form","Twin Strike+1","Heavy Blade+1","Spot Weakness","Inflame","Decay"],"max_hp_per_floor":[80,80,80,80,80,80,83,83,83,83,83,83,83,83,83,83,83,83,83,83,83,83,83],"relics":["Black Blood","Letter Opener","Paper Frog","Juzu Bracelet","Molten Egg 2","Bottled Flame","Orichalcum"],"card_choices":[{"not_picked":["Shockwave","Feel No Pain"],"picked":"Clash"},{"not_picked":["Twin Strike","Searing Blow"],"picked":"Sword Boomerang"},{"not_picked":["Feel No Pain","Immolate"],"picked":"Flex"},{"not_picked":["Wild Strike","Shrug It Off"],"picked":"Infernal Blade"},{"not_picked":["Evolve","Anger"],"picked":"Inflame"},{"not_picked":["Flex","Twin Strike"],"picked":"Armaments"},{"not_picked":["Power Through","Disarm"],"picked":"Flex"},{"not_picked":["Combust","True Grit"],"picked":"Disarm"},{"not_picked":["Fiend Fire","Reaper"],"picked":"Demon Form"},{"not_picked":["Flex","Headbutt"],"picked":"Twin Strike"},{"not_picked":["Headbutt","Twin Strike"],"picked":"Heavy Blade"},{"not_picked":["Body Slam","Clothesline"],"picked":"Inflame"}],"player_experience":59102,"potions_floor_usage":[],"damage_taken":[{"damage":4,"enemies":"2 Louse","floor":1,"turns":3},{"damage":1,"enemies":"Cultist","floor":2,"turns":3},{"damage":5,"enemies":"Small Slimes","floor":4,"turns":4},{"damage":14,"enemies":"Gremlin Nob","floor":6,"turns":3},{"damage":17,"enemies":"Exordium Thugs","floor":7,"turns":3},{"damage":26,"enemies":"Lagavulin","floor":10,"turns":5},{"damage":16,"enemies":"3 Sentries","floor":14,"turns":5},{"damage":17,"enemies":"Slime Boss","floor":16,"turns":9},{"damage":16,"enemies":"3 Byrds","floor":18,"turns":7},{"damage":49,"enemies":"Spheric Guardian","floor":19,"turns":6},{"damage":37,"enemies":"Centurion and Healer","floor":21,"turns":5},{"damage":35,"enemies":"Book of Stabbing","floor":24,"turns":3}],"event_choices":[{"event_name":"The Woman in Blue","player_choice":"Bought 0 Potions","floor":3,"damage_taken":0},{"event_name":"Transmorgrifier","player_choice":"Transform","floor":11,"damage_taken":0},{"event_name":"Golden Shrine","player_choice":"Pray","floor":12,"damage_taken":0},{"event_name":"Forgotten Altar","player_choice":"Smashed Altar","floor":22,"damage_taken":0}],"boss_relics":[{"not_picked":["Sozu","Runic Cube"],"picked":"Black Blood"}],"potions_floor_spawned":[2,6,16,21],"seed_played":"-2296651781141606445","killed_by":"Book of Stabbing","ascension_level":0,"is_trial":false}