{"path_per_floor":["M","$","M","?","M","R","E","$","T","?","R","M","R","T","R","B",null,"M","?","$","?","$","R","?","M","T","R","$","M","R","E","R","B",null,"M","M","?","?","?"],"character_chosen":"IRONCLAD","items_purchased":["Apotheosis","Body Slam","Anger","Flex","Shuriken","Rampage"],"gold_per_floor":[361,25,42,42,55,55,85,61,86,86,86,106,106,187,187,317,317,338,338,92,92,51,51,11,29,29,29,29,44,44,79,79,207,207,221,236,236,236,236,236],"floor_reached":40,"campfire_rested":1,"playtime":2741,"current_hp_per_floor":[64,64,68,68,74,74,65,65,65,45,45,51,51,51,51,10,63,52,52,52,52,52,52,52,54,54,54,54,36,60,49,49,49,72,76,47,47,47,47,0],"items_purged":["Decay"],"gold":236,"score":672,"play_id":"dd380378-7976-43c7-99d3-9fad63e5e27d","local_time":"20180420223502","is_prod":false,"is_daily":false,"chose_seed":false,"is_ascension_mode":true,"campfire_upgraded":7,"timestamp":1524288902,"path_taken":["M","$","M","?","M","R","E","$","T","?","R","M","R","?","R","BOSS","M","?","$","?","$","R","?","?","T","R","?","?","R","E","R","BOSS","M","M","?","?","?","E"],"build_version":"2018-04-19","seed_source_timestamp":215504742627749,"purchased_purges":1,"victory":false,"master_deck":["Strike_R","Strike_R","Defend_R","Defend_R","Defend_R","Defend_R","Bash","AscendersBane","Flame Barrier+1","Apotheosis+1","Body Slam+1","Anger","Flex","Fiend Fire+1","Offering+1","Twin Strike","Barricade+1","Blood for Blood+1","Corruption+1","Hemokinesis+1","Rampage+1","Spot Weakness+1","Ghostly Armor+1","Rupture+1","Body Slam+1","Limit Break","Iron Wave+1","Iron Wave+1"],"max_hp_per_floor":[80,80,80,80,80,80,80,80,80,80,80,80,80,80,80,80,80,80,80,80,80,80,80,80,80,80,80,80,80,80,80,80,80,80,80,80,80,80,80,80],"relics":["Black Blood","Dream Catcher","Omamori","Golden Idol","Frozen Egg 2","Astrolabe","Shuriken","Self Forming Clay","Torii","Gremlin Horn"],"card_choices":[{"not_picked":["Sword Boomerang","Headbutt"],"picked":"Flame Barrier","floor":1},{"not_picked":["Iron Wave","Headbutt"],"picked":"Flex","floor":3},{"not_picked":["Pommel Strike","Havoc"],"picked":"Fiend Fire","floor":5},{"not_picked":["Pommel Strike","Anger"],"picked":"Offering","floor":7},{"not_picked":["Perfected Strike","Flame Barrier"],"picked":"Twin Strike","floor":12},{"not_picked":["Juggernaut","Immolate"],"picked":"Barricade","floor":16},{"not_picked":["Carnage","Warcry"],"picked":"Spot Weakness","floor":25},{"not_picked":["Body Slam","Pommel Strike"],"picked":"Ghostly Armor","floor":29},{"not_picked":["Second Wind","Wild Strike"],"picked":"Rupture","floor":30},{"not_picked":["Cleave","Pommel Strike"],"picked":"Body Slam","floor":31},{"not_picked":["Reaper","Demon Form"],"picked":"Limit Break","floor":33},{"not_picked":["Perfected Strike","Clothesline"],"picked":"Iron Wave","floor":35},{"not_picked":["Heavy Blade","Carnage"],"picked":"Iron Wave","floor":36}],"player_experience":407609,"potions_floor_usage":[7,7,16,25,31,33,33,33,35,40],"damage_taken":[{"damage":14,"enemies":"Jaw Worm","floor":1,"turns":3},{"damage":2,"enemies":"Cultist","floor":3,"turns":4},{"damage":0,"enemies":"Small Slimes","floor":5,"turns":3},{"damage":15,"enemies":"Lagavulin","floor":7,"turns":4},{"damage":0,"enemies":"Looter","floor":12,"turns":3},{"damage":62,"enemies":"The Guardian","floor":16,"turns":7},{"damage":17,"enemies":"Spheric Guardian","floor":18,"turns":3},{"damage":4,"enemies":"3 Byrds","floor":25,"turns":4},{"damage":24,"enemies":"Cultist and Chosen","floor":29,"turns":7},{"damage":17,"enemies":"Book of Stabbing","floor":31,"turns":4},{"damage":6,"enemies":"Automaton","floor":33,"turns":9},{"damage":6,"enemies":"3 Darklings","floor":35,"turns":5},{"damage":39,"enemies":"3 Shapes","floor":36,"turns":8},{"damage":69,"enemies":"Giant Head","floor":40,"turns":8}],"event_choices":[{"event_name":"The Lab","player_choice":"Got Potions","floor":4,"damage_taken":0},{"event_name":"Golden Idol","player_choice":"Take Damage","floor":10,"damage_taken":0},{"event_name":"Vampires","player_choice":"Ignored","floor":19,"damage_taken":0},{"event_name":"Wheel of Change","player_choice":"Relic","floor":21,"damage_taken":0},{"event_name":"The Woman in Blue","player_choice":"Bought 3 Potions","floor":24,"damage_taken":0},{"event_name":"Tomb of Lord Red Mask","player_choice":"Ignored","floor":37,"damage_taken":0},{"event_name":"SecretPortal","player_choice":"Rejected Portal.","floor":38,"damage_taken":0}],"boss_relics":[{"not_picked":["Runic Dome","Philosopher\u0027s Stone"],"picked":"Astrolabe"},{"not_picked":["Snecko Eye","Velvet Choker"],"picked":"Black Blood"}],"potions_floor_spawned":[1,3,29,31,33,36],"seed_played":"-9150115566756818521","killed_by":"Giant Head","ascension_level":10,"is_trial":false}