{"gold_per_floor":[114,129,185,200,215,245,245,95,145,160,190,190,205,220,220,320,320,335,350,3,18,33,63,78,93,93,193,223,238,238,253,253,353,353,368,383,383,402,182,212,212,242,242,168,183,183,213,213,213,213],"floor_reached":51,"playtime":3594,"items_purged":[],"score":991,"play_id":"11ca79cf-f53a-4793-a6a7-340061ee4648","local_time":"20180902231519","daily_mods":["Diverse","Terminal","Hoarder"],"is_ascension_mode":false,"campfire_choices":[{"floor":7,"key":"REST"},{"floor":12,"key":"REST"},{"data":"Double Energy","floor":15,"key":"SMITH"},{"floor":32,"key":"REST"},{"data":"1","floor":46,"key":"LIFT"},{"data":"2","floor":49,"key":"LIFT"}],"neow_cost":"","seed_source_timestamp":0,"circlet_count":0,"master_deck":["Defend_G","Defend_G","Defend_G","Defend_G","Defend_G","Strike_G","Strike_G","Strike_G","Strike_G","Strike_G","Survivor","Neutralize","Clash","Clash","Clash","Sever Soul","Sever Soul","Sever Soul","Leap","Leap","Leap","Wild Strike","Wild Strike","Wild Strike","Double Energy","Double Energy","Double Energy+1","Anger","Anger","Anger","Feed","Feed","Feed","Infinite Blades+1","Infinite Blades+1","Infinite Blades+1","Dodge and Roll","Dodge and Roll","Dodge and Roll","Flash of Steel","Flash of Steel","Flash of Steel","Endless Agony","Endless Agony","Endless Agony","Shrug It Off","Shrug It Off","Shrug It Off","Blade Dance+1","Blade Dance+1","Blade Dance+1","Pommel Strike+1","Pommel Strike+1","Pommel Strike+1","Hologram+1","Hologram+1","Hologram+1","Envenom+1","Envenom+1","Envenom+1","Slice+1","Slice+1","Slice+1","Acrobatics","Acrobatics","Acrobatics","Endless Agony","Endless Agony","Endless Agony","Dagger Throw","Dagger Throw","Dagger Throw","Battle Trance","Battle Trance","Battle Trance","Inflame+1","Inflame+1","Inflame+1","Secret Technique","Secret Technique","Secret Technique","Acrobatics","Acrobatics","Acrobatics","After Image+1","After Image+1","After Image+1","Backflip","Backflip","Backflip","Steam Power","Steam Power","Steam Power"],"special_seed":17776,"relics":["Ring of the Snake","Dodecahedron","Orichalcum","Bronze Scales","Ornamental Fan","WristBlade","Bottled Lightning","Thread and Needle","Shuriken","Nunchaku","Frozen Egg 2","Snake Skull","Orrery","Girya","Ancient Tea Set","Mummified Hand","Question Card"],"potions_floor_usage":[11,16,27,28,33,33,38,38,50],"damage_taken":[{"damage":0,"enemies":"Small Slimes","floor":1,"turns":5},{"damage":0,"enemies":"2 Louse","floor":2,"turns":1},{"damage":0,"enemies":"Cultist","floor":4,"turns":3},{"damage":0,"enemies":"Blue Slaver","floor":5,"turns":2},{"damage":12,"enemies":"Lagavulin","floor":6,"turns":7},{"damage":0,"enemies":"2 Fungi Beasts","floor":10,"turns":2},{"damage":7,"enemies":"3 Sentries","floor":11,"turns":5},{"damage":0,"enemies":"Lots of Slimes","floor":13,"turns":3},{"damage":0,"enemies":"Gremlin Gang","floor":14,"turns":3},{"damage":0,"enemies":"Hexaghost","floor":16,"turns":8},{"damage":0,"enemies":"Shell Parasite","floor":18,"turns":3},{"damage":0,"enemies":"Chosen","floor":19,"turns":3},{"damage":1,"enemies":"Centurion and Healer","floor":21,"turns":4},{"damage":1,"enemies":"Snecko","floor":22,"turns":4},{"damage":3,"enemies":"Book of Stabbing","floor":23,"turns":3},{"damage":8,"enemies":"Snake Plant","floor":24,"turns":3},{"damage":3,"enemies":"Shelled Parasite and Fungi","floor":25,"turns":3},{"damage":0,"enemies":"Colosseum Slavers","floor":27,"turns":2},{"damage":0,"enemies":"Colosseum Nobs","floor":27,"turns":3},{"damage":1,"enemies":"Gremlin Leader","floor":28,"turns":3},{"damage":0,"enemies":"Centurion and Healer","floor":29,"turns":3},{"damage":0,"enemies":"Cultist and Chosen","floor":31,"turns":3},{"damage":2,"enemies":"Collector","floor":33,"turns":6},{"damage":0,"enemies":"Orb Walker","floor":35,"turns":2},{"damage":9,"enemies":"3 Shapes","floor":36,"turns":3},{"damage":0,"enemies":"Mysterious Sphere","floor":38,"turns":6},{"damage":0,"enemies":"Giant Head","floor":40,"turns":4},{"damage":0,"enemies":"2 Orb Walkers","floor":42,"turns":3},{"damage":0,"enemies":"Spire Growth","floor":45,"turns":3},{"damage":0,"enemies":"Giant Head","floor":47,"turns":4},{"damage":21,"enemies":"Time Eater","floor":50,"turns":6}],"seed_played":"7770520436414535672","potions_obtained":[{"floor":2,"key":"SteroidPotion"},{"floor":6,"key":"PowerPotion"},{"floor":10,"key":"Ancient Potion"},{"floor":13,"key":"Poison Potion"},{"floor":14,"key":"Energy Potion"},{"floor":21,"key":"GamblersBrew"},{"floor":27,"key":"Explosive Potion"},{"floor":29,"key":"GamblersBrew"},{"floor":31,"key":"AttackPotion"},{"floor":35,"key":"GhostInAJar"},{"floor":36,"key":"Regen Potion"},{"floor":40,"key":"SkillPotion"}],"is_trial":false,"path_per_floor":["M","M","?","M","M","E","R","$","T","M","E","R","M","M","R","B",null,"M","M","$","M","M","E","M","M","T","?","E","M","?","M","R","B",null,"M","M","?","?","$","E","?","E","T","$","M","R","E","?","R","B"],"character_chosen":"THE_SILENT","items_purchased":["Orichalcum","Flash of Steel","Bottled Lightning","Secret Technique","Acrobatics","Steam Power"],"campfire_rested":3,"item_purchase_floors":[8,20,20,39,39,44],"current_hp_per_floor":[68,67,66,65,64,52,62,61,60,59,52,57,56,55,54,53,52,54,53,52,51,53,50,42,42,42,48,47,53,53,53,58,59,59,58,52,46,58,57,56,55,54,53,52,51,50,49,46,45,24],"gold":213,"neow_bonus":"","is_prod":false,"is_daily":true,"chose_seed":false,"campfire_upgraded":1,"win_rate":0,"timestamp":1535922919,"path_taken":["M","M","?","M","M","E","R","$","T","?","E","R","M","M","R","BOSS","M","M","$","M","M","E","M","M","T","?","E","?","?","M","R","BOSS","M","M","?","?","$","E","?","E","T","$","?","R","E","?","R","BOSS"],"build_version":"2018-08-30","purchased_purges":0,"victory":true,"max_hp_per_floor":[68,67,66,65,64,63,62,61,60,59,58,57,56,55,54,53,52,54,53,52,51,53,52,51,53,52,57,56,61,60,59,58,60,59,58,60,59,58,57,56,55,54,53,52,51,50,49,46,45,44],"card_choices":[{"not_picked":["Dagger Spray","Rupture"],"picked":"Clash","floor":1},{"not_picked":["Chaos","Sucker Punch","Blade Dance"],"picked":"SKIP","floor":2},{"not_picked":["Prepared","Expertise"],"picked":"Sever Soul","floor":4},{"not_picked":["Heatsinks","Cloak And Dagger"],"picked":"Leap","floor":5},{"not_picked":["Quick Slash","Cloak And Dagger"],"picked":"Wild Strike","floor":6},{"not_picked":["Setup","Poisoned Stab","Spot Weakness"],"picked":"SKIP","floor":10},{"not_picked":["Hello World","Bane"],"picked":"Double Energy","floor":11},{"not_picked":["Thunderclap","Tactician"],"picked":"Anger","floor":13},{"not_picked":["Cold Snap","Core Surge","True Grit"],"picked":"SKIP","floor":14},{"not_picked":["Die Die Die","Tools of the Trade"],"picked":"Feed","floor":16},{"not_picked":["Hello World","Iron Wave"],"picked":"Infinite Blades+1","floor":18},{"not_picked":["Cleave+1","Tempest+1"],"picked":"Dodge and Roll","floor":19},{"not_picked":["Wild Strike+1","Redo","Carnage+1"],"picked":"SKIP","floor":21},{"not_picked":["Poisoned Stab","Cold Snap+1"],"picked":"Endless Agony","floor":22},{"not_picked":["Cold Snap","Stack+1","BootSequence"],"picked":"SKIP","floor":23},{"not_picked":["Bane","Havoc+1","Clothesline+1"],"picked":"SKIP","floor":24},{"not_picked":["Backstab+1","Flechettes"],"picked":"Shrug It Off","floor":25},{"not_picked":["Die Die Die","Pummel"],"picked":"Blade Dance+1","floor":27},{"not_picked":["Body Slam","PiercingWail","Escape Plan"],"picked":"SKIP","floor":28},{"not_picked":["Stack","Backflip"],"picked":"Pommel Strike+1","floor":29},{"not_picked":["Static Discharge+1","Sucker Punch"],"picked":"Hologram+1","floor":31},{"not_picked":["Electrodynamics+1","Exhume"],"picked":"Envenom+1","floor":33},{"not_picked":["Redo","Burning Pact+1"],"picked":"Slice+1","floor":34},{"not_picked":["Grand Finale","Deflect"],"picked":"Acrobatics","floor":34},{"not_picked":["Hologram","Entrench"],"picked":"Endless Agony","floor":34},{"not_picked":["Go for the Eyes","Riddle With Holes"],"picked":"Dagger Throw","floor":34},{"not_picked":["Outmaneuver+1","Flying Knee+1"],"picked":"Battle Trance","floor":35},{"not_picked":["Deflect","Chill"],"picked":"Inflame+1","floor":36},{"not_picked":["Beam Cell+1","Cold Snap"],"picked":"After Image+1","floor":40},{"not_picked":["Stack","Genetic Algorithm+1"],"picked":"Backflip","floor":42},{"not_picked":["Backstab+1","Quick Slash","Steam+1","Bane"],"picked":"SKIP","floor":45},{"not_picked":["Exhume","Compile Driver+1","Scrape+1","Cold Snap"],"picked":"SKIP","floor":47}],"player_experience":88784,"relics_obtained":[{"floor":6,"key":"Dodecahedron"},{"floor":9,"key":"Bronze Scales"},{"floor":11,"key":"Ornamental Fan"},{"floor":23,"key":"Thread and Needle"},{"floor":26,"key":"Shuriken"},{"floor":27,"key":"Nunchaku"},{"floor":27,"key":"Frozen Egg 2"},{"floor":28,"key":"Snake Skull"},{"floor":38,"key":"Girya"},{"floor":40,"key":"Ancient Tea Set"},{"floor":42,"key":"Mummified Hand"},{"floor":43,"key":"Question Card"}],"event_choices":[{"event_name":"Golden Wing","player_choice":"Gained Gold","floor":3,"damage_taken":0},{"event_name":"Colosseum","player_choice":"Fight","floor":27,"damage_taken":0},{"event_name":"Colosseum","player_choice":"Fought Nobs","floor":27,"damage_taken":0},{"event_name":"Vampires","player_choice":"Ignored","floor":30,"damage_taken":0},{"event_name":"Wheel of Change","player_choice":"Damage","floor":37,"damage_taken":0},{"event_name":"Mysterious Sphere","player_choice":"Fight","floor":38,"damage_taken":0},{"event_name":"Tomb of Lord Red Mask","player_choice":"Ignored","floor":41,"damage_taken":0},{"event_name":"Winding Halls","player_choice":"Max HP","floor":48,"damage_taken":0}],"is_beta":false,"boss_relics":[{"not_picked":["Cursed Key","Velvet Choker"],"picked":"WristBlade"},{"not_picked":["HoveringKite","Fusion Hammer"],"picked":"Orrery"}],"items_purged_floors":[],"is_endless":false,"potions_floor_spawned":[2,6,10,13,14,21,24,25,27,27,29,31,35,36,40],"ascension_level":0}