{"gold_per_floor":[17,28,43,43,56,56,87,104,104,131,131,159,179,194,194,298,298,315,315,8,25,45,45,71,71,71,71,86,186,203,231,231,327,327,343,355,355,373,385,419,429,463,463,491,491,511,511,545,545,545,545,545,3,36,36],"floor_reached":56,"playtime":10821,"items_purged":["Strike_P"],"score":1659,"play_id":"cffe21e3-f4e4-40c4-aa6b-6fc58ad1ed54","local_time":"20190910135817","is_ascension_mode":true,"campfire_choices":[{"data":"Eruption","floor":6.0,"key":"SMITH"},{"data":"DeceiveReality","floor":15.0,"key":"SMITH"},{"data":"Collect","floor":23.0,"key":"SMITH"},{"data":"Collect","floor":25.0,"key":"SMITH"},{"data":"Protect","floor":27.0,"key":"SMITH"},{"data":"Protect","floor":32.0,"key":"SMITH"},{"floor":47.0,"key":"RECALL"},{"data":"Strike_P","floor":49.0,"key":"PURGE"},{"data":"Strike_P","floor":52.0,"key":"PURGE"}],"neow_cost":"NO_GOLD","seed_source_timestamp":179377724821167,"circlet_count":0,"master_deck":["Strike_P","Eruption+1","Vigilance","Establishment","Protect+1","EmptyBody","CutThroughFate","MentalFortress","DeceiveReality+1","Collect+1","Protect+1","DeusExMachina","Crescendo","Vault","Weave+1","Sanctity+1","Collect+1","ClearTheMind","EmptyMind+1","WaveOfTheHand+1","Vault","JustLucky+1","Brilliance","WindmillStrike+1","MentalFortress+1","Sanctity+1","SandsOfTime+1","Vault","Fasting","CrushJoints+1","MentalFortress+1","Swivel"],"special_seed":0,"relics":["PureWater","MealTicket","Bottled Lightning","Shuriken","Gremlin Horn","Sozu","PreservedInsect","Ice Cream","Pocketwatch","Lizard Tail","Torii","Dodecahedron","Juzu Bracelet","Snecko Eye","Orichalcum","Peace Pipe","Yang","Boot","Mummified Hand","Chemical X","Sundial"],"potions_floor_usage":[],"damage_taken":[{"damage":0.0,"enemies":"Cultist","floor":1.0,"turns":2.0},{"damage":7.0,"enemies":"Jaw Worm","floor":2.0,"turns":2.0},{"damage":3.0,"enemies":"2 Louse","floor":3.0,"turns":4.0},{"damage":0.0,"enemies":"2 Fungi Beasts","floor":5.0,"turns":5.0},{"damage":7.0,"enemies":"3 Sentries","floor":7.0,"turns":5.0},{"damage":0.0,"enemies":"Large Slime","floor":8.0,"turns":6.0},{"damage":28.0,"enemies":"Gremlin Nob","floor":10.0,"turns":3.0},{"damage":0.0,"enemies":"3 Sentries","floor":12.0,"turns":8.0},{"damage":2.0,"enemies":"Exordium Wildlife","floor":13.0,"turns":3.0},{"damage":2.0,"enemies":"3 Louse","floor":14.0,"turns":4.0},{"damage":0.0,"enemies":"Slime Boss","floor":16.0,"turns":3.0},{"damage":3.0,"enemies":"3 Byrds","floor":18.0,"turns":7.0},{"damage":2.0,"enemies":"Chosen","floor":21.0,"turns":3.0},{"damage":1.0,"enemies":"Snecko","floor":22.0,"turns":6.0},{"damage":0.0,"enemies":"Book of Stabbing","floor":24.0,"turns":4.0},{"damage":1.0,"enemies":"Sentry and Sphere","floor":28.0,"turns":3.0},{"damage":0.0,"enemies":"Colosseum Slavers","floor":29.0,"turns":4.0},{"damage":0.0,"enemies":"Colosseum Nobs","floor":29.0,"turns":4.0},{"damage":1.0,"enemies":"Snake Plant","floor":30.0,"turns":5.0},{"damage":1.0,"enemies":"Gremlin Leader","floor":31.0,"turns":4.0},{"damage":2.0,"enemies":"Automaton","floor":33.0,"turns":7.0},{"damage":8.0,"enemies":"3 Shapes","floor":35.0,"turns":5.0},{"damage":0.0,"enemies":"Orb Walker","floor":36.0,"turns":3.0},{"damage":1.0,"enemies":"Maw","floor":38.0,"turns":6.0},{"damage":1.0,"enemies":"3 Darklings","floor":39.0,"turns":5.0},{"damage":0.0,"enemies":"Giant Head","floor":40.0,"turns":7.0},{"damage":0.0,"enemies":"Spire Growth","floor":41.0,"turns":4.0},{"damage":0.0,"enemies":"Nemesis","floor":42.0,"turns":7.0},{"damage":0.0,"enemies":"Reptomancer","floor":44.0,"turns":3.0},{"damage":0.0,"enemies":"Jaw Worm Horde","floor":46.0,"turns":3.0},{"damage":0.0,"enemies":"Giant Head","floor":48.0,"turns":5.0},{"damage":0.0,"enemies":"Awakened One","floor":50.0,"turns":8.0},{"damage":0.0,"enemies":"Shield and Spear","floor":54.0,"turns":6.0},{"damage":34,"enemies":"The Heart","floor":55,"turns":10}],"seed_played":"1092473927520050202","potions_obtained":[{"floor":1.0,"key":"DuplicationPotion"},{"floor":2.0,"key":"SkillPotion"},{"floor":7.0,"key":"Regen Potion"},{"floor":10.0,"key":"StancePotion"},{"floor":14.0,"key":"FearPotion"}],"is_trial":false,"path_per_floor":["M","M","M","?","M","R","E","M","T","E","?","E","M","M","R","B",null,"M","T","$","M","M","R","E","R","T","R","M","?","M","E","R","B",null,"M","M","?","M","M","E","M","E","T","E","?","M","R","E","R","B",null,"R","$","E","B",null],"character_chosen":"WATCHER","items_purchased":["Ice Cream","Mummified Hand","Chemical X","Swivel"],"campfire_rested":0,"item_purchase_floors":[20,53,53,53],"current_hp_per_floor":[65,58,55,55,55,55,48,48,48,20,20,35,33,31,31,31,65,62,62,65,63,62,62,62,62,62,62,61,61,60,59,59,57,65,57,57,57,56,55,55,55,55,55,55,55,55,55,55,55,55,62,62,62,62,28],"gold":36,"neow_bonus":"REMOVE_TWO","is_prod":false,"is_daily":false,"chose_seed":false,"campfire_upgraded":6,"win_rate":0,"timestamp":1568149097,"path_taken":["M","M","?","?","M","R","E","?","T","E","?","E","?","M","R","BOSS","M","?","$","M","M","R","E","R","T","R","?","?","M","E","R","BOSS","M","M","?","M","M","E","M","E","T","E","?","M","R","E","R","BOSS","R","$","E","BOSS"],"build_version":"2019-09-09v2","purchased_purges":1,"victory":true,"max_hp_per_floor":[65,65,65,65,65,65,65,65,65,65,65,65,65,65,65,65,65,65,65,65,65,65,65,65,65,65,65,65,65,65,65,65,65,65,65,65,65,65,65,65,65,65,65,65,62,62,62,62,62,62,62,62,62,62,62],"card_choices":[{"not_picked":["Adaptation","Halt"],"picked":"Establishment","floor":1.0},{"not_picked":["JustLucky","Swivel"],"picked":"Protect","floor":2.0},{"not_picked":["JustLucky","Consecrate"],"picked":"EmptyBody","floor":3.0},{"not_picked":["Vengeance","EmptyFist"],"picked":"CutThroughFate","floor":5.0},{"not_picked":["Swivel","ThirdEye"],"picked":"MentalFortress","floor":7.0},{"not_picked":["Weave","Prostrate"],"picked":"DeceiveReality","floor":8.0},{"not_picked":["JustLucky","Halt"],"picked":"Collect","floor":10.0},{"not_picked":["FlyingSleeves","Halt"],"picked":"Protect","floor":12.0},{"not_picked":["FlyingSleeves","EmptyFist"],"picked":"DeusExMachina","floor":13.0},{"not_picked":["Vengeance","Halt"],"picked":"Crescendo","floor":14.0},{"not_picked":["Blasphemy","FlowState"],"picked":"Vault","floor":16.0},{"not_picked":["Tantrum","Halt"],"picked":"Weave+1","floor":18.0},{"not_picked":["EmptyBody+1","BowlingBash"],"picked":"Sanctity+1","floor":21.0},{"not_picked":["BowlingBash","JustLucky"],"picked":"Collect","floor":22.0},{"not_picked":["EmptyMind","Wireheading"],"picked":"ClearTheMind","floor":24.0},{"not_picked":["Weave","FlyingSleeves"],"picked":"EmptyMind+1","floor":28.0},{"not_picked":["Clarity","Collect"],"picked":"WaveOfTheHand+1","floor":29.0},{"not_picked":["PathToVictory","JustLucky"],"picked":"Vault","floor":30.0},{"not_picked":["FollowUp","FlurryOfBlows"],"picked":"JustLucky+1","floor":31.0},{"not_picked":["Wish","Omniscience"],"picked":"Brilliance","floor":33.0},{"not_picked":["ThirdEye+1","JustLucky"],"picked":"WindmillStrike+1","floor":35.0},{"not_picked":["FollowUp+1","JustLucky+1"],"picked":"MentalFortress+1","floor":36.0},{"not_picked":["FollowUp","PathToVictory+1"],"picked":"Sanctity+1","floor":38.0},{"not_picked":["FlurryOfBlows+1","Weave"],"picked":"SandsOfTime+1","floor":39.0},{"not_picked":["CrushJoints","Sanctity+1"],"picked":"Vault","floor":40.0},{"not_picked":["FearNoEvil","Wireheading+1"],"picked":"Fasting","floor":41.0},{"not_picked":["Consecrate","Vengeance"],"picked":"CrushJoints+1","floor":42.0},{"not_picked":["PathToVictory+1","Tantrum"],"picked":"MentalFortress+1","floor":44.0},{"not_picked":["EmptyBody","Weave","TalkToTheHand"],"picked":"SKIP","floor":46.0},{"not_picked":["ClearTheMind+1","Consecrate","Weave+1"],"picked":"SKIP","floor":48.0},{"not_picked":["WaveOfTheHand","CutThroughFate","Sanctity+1"],"picked":"SKIP","floor":54.0}],"player_experience":57239,"relics_obtained":[{"floor":7.0,"key":"MealTicket"},{"floor":9.0,"key":"Bottled Lightning"},{"floor":10.0,"key":"Shuriken"},{"floor":12.0,"key":"Gremlin Horn"},{"floor":19.0,"key":"PreservedInsect"},{"floor":24.0,"key":"Pocketwatch"},{"floor":26.0,"key":"Lizard Tail"},{"floor":29.0,"key":"Torii"},{"floor":29.0,"key":"Dodecahedron"},{"floor":31.0,"key":"Juzu Bracelet"},{"floor":40.0,"key":"Orichalcum"},{"floor":42.0,"key":"Peace Pipe"},{"floor":44.0,"key":"Yang"},{"floor":48.0,"key":"Boot"},{"floor":54.0,"key":"Sundial"}],"event_choices":[{"cards_removed":["Defend_P"],"damage_healed":0.0,"max_hp_gain":0.0,"max_hp_loss":0.0,"gold_gain":0.0,"event_name":"Purifier","player_choice":"Purged","floor":4.0,"gold_loss":0.0,"damage_taken":0.0},{"cards_removed":["Defend_P"],"damage_healed":0.0,"max_hp_gain":0.0,"max_hp_loss":0.0,"gold_gain":0.0,"event_name":"Bonfire Elementals","player_choice":"Offered Basic","floor":11.0,"gold_loss":0.0,"damage_taken":0.0},{"damage_healed":0.0,"max_hp_gain":0.0,"max_hp_loss":0.0,"gold_gain":0.0,"event_name":"Colosseum","player_choice":"Fight","floor":29.0,"gold_loss":0.0,"damage_taken":0.0},{"damage_healed":0.0,"max_hp_gain":0.0,"max_hp_loss":0.0,"gold_gain":0.0,"event_name":"Colosseum","player_choice":"Fought Nobs","floor":29.0,"gold_loss":0.0,"damage_taken":0.0},{"damage_healed":0.0,"max_hp_gain":0.0,"max_hp_loss":0.0,"gold_gain":0.0,"event_name":"Tomb of Lord Red Mask","player_choice":"Ignored","floor":37.0,"gold_loss":0.0,"damage_taken":0.0},{"damage_healed":0.0,"max_hp_gain":0.0,"max_hp_loss":3.0,"gold_gain":0.0,"event_name":"Winding Halls","player_choice":"Max HP","floor":45.0,"gold_loss":0.0,"damage_taken":0.0}],"is_beta":true,"boss_relics":[{"not_picked":["HolyWater","Empty Cage"],"picked":"Sozu"},{"not_picked":["Coffee Dripper","VioletLotus"],"picked":"Snecko Eye"}],"items_purged_floors":[53],"is_endless":false,"potions_floor_spawned":[1,2,7,10,14,18,21,29,29,36,39,42,48],"ascension_level":2}