{"gold_per_floor":[109,34,44,61,72,72,88,88,112,126,126,126,160,260,260,260],"floor_reached":16,"playtime":1158,"items_purged":["Strike_R"],"score":102,"play_id":"7e62fcb1-855c-4365-b4f5-2d8603f660f4","local_time":"20190914000937","is_ascension_mode":false,"campfire_choices":[{"data":"Body Slam","floor":6,"key":"SMITH"},{"data":"Dual Wield","floor":8,"key":"SMITH"},{"data":"Ghostly Armor","floor":12,"key":"SMITH"},{"floor":15,"key":"REST"}],"neow_cost":"NONE","seed_source_timestamp":2403769889299200,"circlet_count":0,"master_deck":["Strike_R","Strike_R","Strike_R","Strike_R","Defend_R","Defend_R","Defend_R","Defend_R","Bash","Ghostly Armor+1","Body Slam+1","Dual Wield+1","Flame Barrier+1"],"relics":["Burning Blood"],"potions_floor_usage":[5,13,16],"damage_taken":[{"damage":10,"enemies":"Small Slimes","floor":1,"turns":4},{"damage":3,"enemies":"2 Louse","floor":3,"turns":3},{"damage":5,"enemies":"Cultist","floor":4,"turns":6},{"damage":13,"enemies":"Large Slime","floor":5,"turns":12},{"damage":0,"enemies":"2 Fungi Beasts","floor":7,"turns":5},{"damage":10,"enemies":"Exordium Thugs","floor":10,"turns":6},{"damage":48,"enemies":"3 Sentries","floor":13,"turns":13},{"damage":74,"enemies":"Slime Boss","floor":16,"turns":12}],"seed_played":"-1526084479381898868","potions_obtained":[{"floor":4,"key":"Block Potion"},{"floor":7,"key":"Regen Potion"},{"floor":13,"key":"Energy Potion"}],"is_trial":false,"path_per_floor":["M","$","M","M","M","R","M","R","T","M","?","R","E","?","R","B"],"character_chosen":"IRONCLAD","items_purchased":[],"campfire_rested":1,"item_purchase_floors":[],"current_hp_per_floor":[76,76,79,80,73,73,79,79,79,75,75,75,48,48,72,0],"gold":260,"neow_bonus":"THREE_CARDS","is_prod":false,"is_daily":false,"chose_seed":false,"campfire_upgraded":3,"win_rate":0,"timestamp":1568434177,"path_taken":["M","$","M","M","M","R","M","R","T","M","?","R","E","?","R","BOSS"],"build_version":"2019-07-17","purchased_purges":1,"victory":false,"max_hp_per_floor":[80,80,80,80,80,80,80,80,80,80,80,80,80,80,80,80],"card_choices":[{"not_picked":["Perfected Strike","Sever Soul"],"picked":"Ghostly Armor","floor":0},{"not_picked":["Rupture","Wild Strike"],"picked":"Body Slam","floor":1},{"not_picked":["Heavy Blade","Battle Trance"],"picked":"Dual Wield","floor":3},{"not_picked":["Infernal Blade","Body Slam"],"picked":"Flame Barrier","floor":4},{"not_picked":["Warcry","Uppercut","Heavy Blade"],"picked":"SKIP","floor":5},{"not_picked":["Sword Boomerang","Iron Wave","Perfected Strike"],"picked":"SKIP","floor":7},{"not_picked":["Iron Wave","True Grit","Havoc"],"picked":"SKIP","floor":10},{"not_picked":["Wild Strike","Clash","Sentinel"],"picked":"SKIP","floor":13}],"player_experience":422832,"relics_obtained":[],"event_choices":[{"damage_healed":0,"gold_gain":0,"player_choice":"Grow","damage_taken":0,"max_hp_gain":0,"max_hp_loss":0,"event_name":"Living Wall","floor":11,"gold_loss":0,"cards_upgraded":["Flame Barrier"]},{"damage_healed":0,"gold_gain":100,"player_choice":"Pray","damage_taken":0,"max_hp_gain":0,"max_hp_loss":0,"event_name":"Golden Shrine","floor":14,"gold_loss":0}],"is_beta":false,"boss_relics":[],"items_purged_floors":[2],"is_endless":false,"potions_floor_spawned":[4,7,13],"killed_by":"Slime Boss","ascension_level":0}