{"gold_per_floor":[111,12,12,12,23,23,33,33,33,61,61,80,93,93,93,93],"floor_reached":16,"playtime":342,"items_purged":["Strike_G"],"score":100,"play_id":"2dc5f1b7-bdad-44eb-8f38-91b60074b42b","local_time":"20190822004731","is_ascension_mode":false,"campfire_choices":[{"data":"Dagger Spray","floor":6,"key":"SMITH"},{"data":"Cloak And Dagger","floor":15,"key":"SMITH"}],"neow_cost":"NONE","seed_source_timestamp":31959353110800,"circlet_count":0,"master_deck":["Strike_G","Strike_G","Strike_G","Strike_G","Defend_G","Defend_G","Defend_G","Defend_G","Defend_G","Survivor","Neutralize","Dagger Spray","Dagger Spray+1","Cloak And Dagger+1","Backstab","Infinite Blades","Quick Slash","Die Die Die"],"relics":["Ring of the Snake","NeowsBlessing","GremlinMask","Pocketwatch","Dream Catcher","Golden Idol"],"potions_floor_usage":[10,16],"damage_taken":[{"damage":0,"enemies":"Small Slimes","floor":1,"turns":1},{"damage":0,"enemies":"Jaw Worm","floor":5,"turns":1},{"damage":0,"enemies":"Cultist","floor":7,"turns":1},{"damage":23,"enemies":"Lagavulin","floor":10,"turns":5},{"damage":0,"enemies":"2 Fungi Beasts","floor":12,"turns":2},{"damage":0,"enemies":"3 Louse","floor":13,"turns":2},{"damage":36,"enemies":"The Guardian","floor":16,"turns":12}],"seed_played":"4280276285593648692","potions_obtained":[{"floor":1,"key":"Strength Potion"},{"floor":7,"key":"SkillPotion"}],"is_trial":false,"path_per_floor":["M","$","?","?","M","R","M","?","T","E","?","M","M","?","R","B"],"character_chosen":"THE_SILENT","items_purchased":["Dagger Spray"],"campfire_rested":0,"item_purchase_floors":[2],"current_hp_per_floor":[70,70,70,70,70,70,70,75,75,52,34,34,34,34,34,0],"gold":93,"neow_bonus":"THREE_ENEMY_KILL","is_prod":false,"is_daily":false,"chose_seed":false,"campfire_upgraded":2,"win_rate":0,"timestamp":1566449251,"path_taken":["M","$","?","?","M","R","?","?","T","E","?","M","M","?","R","BOSS"],"build_version":"2019-08-15","purchased_purges":1,"victory":false,"max_hp_per_floor":[70,70,70,70,70,70,70,75,75,75,75,75,75,75,75,75],"card_choices":[{"not_picked":["Calculated Gamble","Flying Knee"],"picked":"Dagger Spray","floor":1},{"not_picked":["Dodge and Roll","Bane"],"picked":"Cloak And Dagger","floor":5},{"not_picked":["Calculated Gamble","Acrobatics"],"picked":"Backstab","floor":7},{"not_picked":["Phantasmal Killer","Slice"],"picked":"Infinite Blades","floor":10},{"not_picked":["Bouncing Flask","Escape Plan"],"picked":"Quick Slash","floor":12},{"not_picked":["Deadly Poison","Acrobatics"],"picked":"Die Die Die","floor":13}],"player_experience":977037,"relics_obtained":[{"floor":9,"key":"Pocketwatch"},{"floor":10,"key":"Dream Catcher"}],"event_choices":[{"damage_healed":0,"gold_gain":0,"player_choice":"Ignored","damage_taken":0,"max_hp_gain":0,"max_hp_loss":0,"event_name":"Liars Game","floor":3,"gold_loss":0},{"damage_healed":0,"gold_gain":0,"player_choice":"Trade","damage_taken":0,"relics_obtained":["GremlinMask"],"max_hp_gain":0,"max_hp_loss":0,"event_name":"FaceTrader","floor":4,"gold_loss":0},{"damage_healed":0,"gold_gain":0,"player_choice":"Donut","damage_taken":0,"max_hp_gain":5,"max_hp_loss":0,"event_name":"Big Fish","floor":8,"gold_loss":0},{"damage_healed":0,"gold_gain":0,"player_choice":"Take Damage","damage_taken":18,"relics_obtained":["Golden Idol"],"max_hp_gain":0,"max_hp_loss":0,"event_name":"Golden Idol","floor":11,"gold_loss":0},{"damage_healed":0,"gold_gain":0,"player_choice":"Ignored","damage_taken":0,"max_hp_gain":0,"max_hp_loss":0,"event_name":"NoteForYourself","floor":14,"gold_loss":0}],"is_beta":true,"boss_relics":[],"items_purged_floors":[2],"is_endless":false,"potions_floor_spawned":[1,7],"killed_by":"The Guardian","ascension_level":0}