{"path_per_floor":["M","?","M","?","$","R","M","R","T","M","?","$","M","$","R","B",null,"M","?","?","T","M","R","M"],"character_chosen":"DEFECT","items_purchased":["Chill","Vajra","Ball Lightning"],"gold_per_floor":[110,110,130,130,92,92,106,106,157,175,175,32,52,6,6,107,107,89,4,0,74,87,87,101,101],"floor_reached":25,"campfire_rested":1,"playtime":682,"current_hp_per_floor":[75,68,62,47,47,47,44,44,44,30,30,30,23,23,45,45,75,52,52,52,52,35,35,27,0],"items_purged":[],"gold":101,"score":241,"play_id":"3cc6e9c7-5d45-4fa5-a855-755469763ac2","local_time":"20180509195918","is_prod":false,"is_daily":false,"chose_seed":false,"is_ascension_mode":false,"campfire_upgraded":3,"timestamp":1525910358,"path_taken":["M","?","?","?","$","R","M","R","T","M","?","?","M","$","R","BOSS","M","?","?","?","M","R","M","M"],"build_version":"2018-05-08","seed_source_timestamp":686194663253536,"purchased_purges":0,"victory":false,"master_deck":["Strike_B","Strike_B","Strike_B","Defend_B+1","Defend_B","Defend_B+1","Defend_B","Zap+1","Dualcast","Redo+1","Go for the Eyes+1","Chill","Gash","Beam Cell","Scrape","Ball Lightning","Creative AI","Coolheaded+1","Clumsy","Gash","Go for the Eyes+1"],"max_hp_per_floor":[75,75,75,75,75,75,75,75,75,75,75,75,75,75,75,75,75,75,75,75,75,75,75,75,75],"relics":["Cracked Core","Ancient Tea Set","Juzu Bracelet","Vajra","Cursed Key","Singing Bowl","Symbiotic Virus"],"card_choices":[{"not_picked":["Turbo","Sweeping Beam"],"picked":"Redo","floor":1},{"not_picked":["Hologram","Leap"],"picked":"Go for the Eyes","floor":3},{"not_picked":["Stack","Glacier"],"picked":"Gash","floor":7},{"not_picked":["Recycle","Scrape"],"picked":"Beam Cell","floor":10},{"not_picked":["Amplify","Genetic Algorithm"],"picked":"Scrape","floor":13},{"not_picked":["Fusion","Thunder Strike"],"picked":"Creative AI","floor":16},{"not_picked":["Barrage","Sweeping Beam"],"picked":"Coolheaded","floor":18},{"not_picked":["Ball Lightning","Skim"],"picked":"Gash","floor":22},{"not_picked":["Steam","Doom and Gloom"],"picked":"Go for the Eyes","floor":24}],"player_experience":438398,"potions_floor_usage":[16,24],"damage_taken":[{"damage":0,"enemies":"Small Slimes","floor":1,"turns":2},{"damage":6,"enemies":"Jaw Worm","floor":3,"turns":4},{"damage":3,"enemies":"2 Louse","floor":7,"turns":2},{"damage":14,"enemies":"Gremlin Gang","floor":10,"turns":7},{"damage":7,"enemies":"Looter","floor":13,"turns":2},{"damage":0,"enemies":"Slime Boss","floor":16,"turns":6},{"damage":23,"enemies":"2 Thieves","floor":18,"turns":4},{"damage":17,"enemies":"Chosen","floor":22,"turns":5},{"damage":8,"enemies":"3 Cultists","floor":24,"turns":6},{"damage":32,"enemies":"Snake Plant","floor":25,"turns":3}],"event_choices":[{"event_name":"Golden Wing","player_choice":"Card Removal","floor":2,"damage_taken":0},{"event_name":"Shining Light","player_choice":"Entered Light","floor":4,"damage_taken":0},{"event_name":"The Lab","player_choice":"Got Potions","floor":11,"damage_taken":0},{"event_name":"Addict","player_choice":"Obtained Relic","floor":19,"damage_taken":0},{"event_name":"Masked Bandits","player_choice":"Paid Bandits 4 gold","floor":20,"damage_taken":0}],"boss_relics":[{"not_picked":["Eternal Feather","Velvet Choker"],"picked":"Cursed Key"}],"potions_floor_spawned":[10,13,22],"seed_played":"125873709488931871","killed_by":"Snake Plant","ascension_level":0,"is_trial":false}