{"gold_per_floor":[119,119,135,147,147,147,147,147,147,147,165,199,222,245,257,364,376,406,333,345,204,204,204,224,224,248,274,333,333,333,348,348,452,452,470,570,291,308,323,323,341,341,341,360,360,375,390,390,390,390],"floor_reached":51,"playtime":1308,"items_purged":["Defend_B","Strike_B"],"score":717,"play_id":"4312f62e-a140-4f59-bc5a-8e7d33e046c2","local_time":"20190108225750","is_ascension_mode":false,"campfire_choices":[{"data":"Zap","floor":6,"key":"SMITH"},{"data":"Rip and Tear","floor":8,"key":"SMITH"},{"data":"Rip and Tear","floor":10,"key":"SMITH"},{"data":"Static Discharge","floor":15,"key":"SMITH"},{"data":"Storm","floor":23,"key":"SMITH"},{"data":"Chill","floor":25,"key":"SMITH"},{"data":"hubris:PowerSurge","floor":29,"key":"SMITH"},{"data":"Machine Learning","floor":32,"key":"SMITH"},{"data":"hubris:PowerSurge","floor":40,"key":"SMITH"},{"data":"Electrodynamics","floor":42,"key":"SMITH"},{"data":"Consume","floor":49,"key":"SMITH"}],"neow_cost":"NONE","seed_source_timestamp":1041773451306737,"circlet_count":0,"master_deck":["Defend_B","Defend_B+1","Defend_B+1","Zap+1","Dualcast","Rip and Tear+1","Rip and Tear+1","Static Discharge+1","hubris:PowerSurge+1","Cold Snap","Cold Snap","Machine Learning+1","Fusion+1","Conserve Battery+1","Force Field+1","Chill+1","Storm+1","Static Discharge+1","Skim","hubris:PowerSurge+1","Loop+1","Electrodynamics+1","Panache","Redo+1","Redo+1","hubris:Ukulele+1","Consume+1"],"relics":["Cracked Core","Blue Candle","Ornamental Fan","War Paint","MawBank","Astrolabe","hubris:Potato","Orichalcum","infinitespire:Lucky Rock","Inserter","Thread and Needle","hubris:BallOfYels","Gambling Chip","Ginger"],"potions_floor_usage":[50],"damage_taken":[{"damage":0,"enemies":"Small Slimes","floor":1,"turns":5},{"damage":0,"enemies":"Cultist","floor":3,"turns":3},{"damage":1,"enemies":"2 Louse","floor":4,"turns":2},{"damage":6,"enemies":"Looter","floor":11,"turns":2},{"damage":22,"enemies":"Lagavulin","floor":12,"turns":5},{"damage":13,"enemies":"Lots of Slimes","floor":13,"turns":3},{"damage":6,"enemies":"3 Louse","floor":14,"turns":3},{"damage":9,"enemies":"Hexaghost","floor":16,"turns":9},{"damage":3,"enemies":"Spheric Guardian","floor":18,"turns":4},{"damage":1,"enemies":"3 Byrds","floor":24,"turns":4},{"damage":2,"enemies":"Book of Stabbing","floor":27,"turns":5},{"damage":0,"enemies":"Shelled Parasite and Fungi","floor":31,"turns":4},{"damage":60,"enemies":"Collector","floor":33,"turns":10},{"damage":2,"enemies":"3 Darklings","floor":35,"turns":3},{"damage":0,"enemies":"Mind Bloom Boss Battle","floor":36,"turns":5},{"damage":0,"enemies":"3 Shapes","floor":38,"turns":2},{"damage":5,"enemies":"Spire Growth","floor":39,"turns":3},{"damage":0,"enemies":"3 Darklings","floor":41,"turns":2},{"damage":0,"enemies":"Writhing Mass","floor":44,"turns":3},{"damage":0,"enemies":"Jaw Worm Horde","floor":46,"turns":3},{"damage":0,"enemies":"Sphere and 2 Shapes","floor":47,"turns":2},{"damage":0,"enemies":"Donu and Deca","floor":50,"turns":4}],"seed_played":"-4817588688686825659","potions_obtained":[{"floor":3,"key":"PowerPotion"},{"floor":13,"key":"Fire Potion"},{"floor":14,"key":"Explosive Potion"}],"is_trial":false,"path_per_floor":["M","?","M","M","?","R","?","R","T","R","M","E","M","M","R","B",null,"M","?","?","$","?","R","M","R","T","E","$","R","?","M","R","B",null,"M","?","$","M","M","R","M","R","T","M","?","M","M","?","R","B",null],"character_chosen":"DEFECT","items_purchased":["Chill","Storm","hubris:PowerSurge","Panache"],"campfire_rested":0,"item_purchase_floors":[21,21,28,37],"current_hp_per_floor":[75,78,78,77,77,77,77,77,77,77,71,49,36,30,30,21,78,75,75,75,75,75,75,74,74,74,72,72,72,78,78,78,18,78,76,76,76,76,71,71,71,71,71,71,71,71,71,71,71,71],"gold":390,"neow_bonus":"ONE_RANDOM_RARE_CARD","is_prod":false,"is_daily":false,"chose_seed":false,"campfire_upgraded":11,"win_rate":0,"timestamp":1547006270,"path_taken":["M","?","M","?","?","R","?","R","T","R","?","E","M","M","R","BOSS","M","?","?","$","?","R","M","R","T","E","$","R","?","M","R","BOSS","M","?","$","M","M","R","M","R","T","M","?","M","M","?","R","BOSS"],"build_version":"2019-01-03v4","purchased_purges":2,"victory":true,"max_hp_per_floor":[75,78,78,78,78,78,78,78,78,78,78,78,78,78,78,78,78,78,78,78,78,78,78,78,78,78,78,78,78,78,78,78,78,78,78,78,78,78,78,78,78,78,78,78,74,74,74,74,74,74],"card_choices":[{"not_picked":["Compile Driver","Redo","Aggregate"],"picked":"SKIP","floor":1},{"not_picked":["Double Energy","Coolheaded"],"picked":"Rip and Tear","floor":3},{"not_picked":["Steam","Rebound"],"picked":"Rip and Tear","floor":4},{"not_picked":["Cold Snap","Reprogram"],"picked":"Static Discharge","floor":11},{"not_picked":["Hello World","hubris:DoWhile"],"picked":"hubris:PowerSurge","floor":12},{"not_picked":["Leap","Barrage"],"picked":"Cold Snap","floor":13},{"not_picked":["Beam Cell","Redo"],"picked":"Cold Snap","floor":14},{"not_picked":["hubris:SpecializedCircuitry","hubris:Prefetch"],"picked":"Machine Learning","floor":16},{"not_picked":["Rebound","Gash","Aggregate"],"picked":"SKIP","floor":18},{"not_picked":["Hologram","Beam Cell+1"],"picked":"Static Discharge+1","floor":24},{"not_picked":["Auto Shields","Hologram+1","Skim"],"picked":"SKIP","floor":27},{"not_picked":["Auto Shields","Hologram+1"],"picked":"Skim","floor":27},{"not_picked":["Go for the Eyes","Self Repair+1"],"picked":"Loop+1","floor":31},{"not_picked":["hubris:SpecializedCircuitry","Amplify"],"picked":"Electrodynamics","floor":33},{"not_picked":["Go for the Eyes+1","FTL","Ball Lightning"],"picked":"SKIP","floor":35},{"not_picked":["Hologram","Stack+1"],"picked":"Redo+1","floor":38},{"not_picked":["Reinforced Body","Leap"],"picked":"Redo+1","floor":39},{"not_picked":["Gash","Sweeping Beam+1"],"picked":"hubris:Ukulele+1","floor":41},{"not_picked":["Genetic Algorithm+1","Streamline+1","hubris:DoWhile"],"picked":"SKIP","floor":44},{"not_picked":["Hologram+1","Glacier"],"picked":"Consume","floor":46},{"not_picked":["Streamline+1","Hologram+1","Reinforced Body+1"],"picked":"SKIP","floor":47}],"player_experience":558128,"relics_obtained":[{"floor":9,"key":"Ornamental Fan"},{"floor":12,"key":"MawBank"},{"floor":26,"key":"Orichalcum"},{"floor":27,"key":"infinitespire:Lucky Rock"},{"floor":36,"key":"Thread and Needle"},{"floor":43,"key":"Gambling Chip"}],"event_choices":[{"cards_removed":["Amplify"],"damage_healed":0,"gold_gain":0,"player_choice":"Gave Card","damage_taken":0,"relics_obtained":["Blue Candle"],"max_hp_gain":0,"max_hp_loss":0,"event_name":"WeMeetAgain","floor":7,"gold_loss":0},{"damage_healed":0,"gold_gain":0,"player_choice":"Obtained Relic","damage_taken":0,"relics_obtained":["hubris:Potato"],"max_hp_gain":0,"max_hp_loss":0,"event_name":"Addict","floor":19,"gold_loss":85},{"damage_healed":0,"gold_gain":0,"player_choice":"Ignored","damage_taken":0,"max_hp_gain":0,"max_hp_loss":0,"event_name":"Cursed Tome","floor":20,"gold_loss":0},{"damage_healed":6,"gold_gain":0,"player_choice":"Full Heal","damage_taken":0,"max_hp_gain":0,"max_hp_loss":0,"event_name":"Wheel of Change","floor":30,"gold_loss":0},{"damage_healed":0,"gold_gain":0,"player_choice":"Fight","damage_taken":0,"max_hp_gain":0,"max_hp_loss":0,"event_name":"MindBloom","floor":36,"gold_loss":0},{"damage_healed":0,"gold_gain":0,"player_choice":"Max HP","damage_taken":0,"max_hp_gain":0,"max_hp_loss":4,"event_name":"Winding Halls","floor":45,"gold_loss":0},{"damage_healed":0,"gold_gain":0,"player_choice":"Ignored","damage_taken":0,"max_hp_gain":0,"max_hp_loss":0,"event_name":"SecretPortal","floor":48,"gold_loss":0}],"is_beta":false,"boss_relics":[{"not_picked":["hubris:TerracottaHorce","Black Star"],"picked":"Astrolabe"},{"not_picked":["hubris:BlackHole","Cursed Key"],"picked":"Inserter"}],"items_purged_floors":[28,37],"is_endless":false,"potions_floor_spawned":[3,13,14,31,36,39,46,47],"ascension_level":0}