{"gold_per_floor":[114,289,17,92,107,140,140,158,213,233,250,250,250,268,268,371,371,388,388,357,370,386,386,403,365,365,365,377,13,103,116,116,116],"floor_reached":33,"playtime":1384,"items_purged":["Doubt","Defend_B"],"score":345,"play_id":"8267b24d-d18d-49be-9acf-25615f14e204","local_time":"20181226233039","is_ascension_mode":true,"campfire_choices":[{"data":"Apotheosis","floor":7,"key":"SMITH"},{"data":"Loop","floor":15,"key":"SMITH"},{"floor":23,"key":"REST"},{"data":"Self Repair","floor":27,"key":"SMITH"},{"data":"Capacitor","floor":32,"key":"SMITH"}],"neow_cost":"NONE","seed_source_timestamp":538144571405039,"circlet_count":0,"master_deck":["Strike_B","Strike_B","Strike_B","Strike_B","Defend_B","Defend_B","Defend_B","Zap","Dualcast","Cold Snap","Apotheosis+1","Double Energy","Double Energy","Coolheaded","Loop+1","Reboot","Cold Snap","Glacier","Glacier","Self Repair+1","Coolheaded","Capacitor+1","Capacitor"],"relics":["FrozenCore","NeowsBlessing","DataDisk","Dream Catcher","Kunai","Strawberry","DollysMirror"],"potions_floor_usage":[6,16,20,21,21,31,33],"damage_taken":[{"damage":0,"enemies":"Cultist","floor":1,"turns":1},{"damage":0,"enemies":"2 Louse","floor":5,"turns":1},{"damage":0,"enemies":"Gremlin Nob","floor":6,"turns":1},{"damage":7,"enemies":"Small Slimes","floor":8,"turns":3},{"damage":3,"enemies":"3 Louse","floor":10,"turns":3},{"damage":17,"enemies":"Exordium Thugs","floor":11,"turns":3},{"damage":2,"enemies":"2 Fungi Beasts","floor":14,"turns":4},{"damage":37,"enemies":"Hexaghost","floor":16,"turns":12},{"damage":3,"enemies":"Shell Parasite","floor":18,"turns":9},{"damage":17,"enemies":"2 Thieves","floor":20,"turns":5},{"damage":15,"enemies":"3 Cultists","floor":21,"turns":7},{"damage":0,"enemies":"Snecko","floor":22,"turns":8},{"damage":24,"enemies":"Centurion and Healer","floor":24,"turns":10},{"damage":0,"enemies":"3 Cultists","floor":28,"turns":7},{"damage":3,"enemies":"Cultist and Chosen","floor":31,"turns":9},{"damage":76,"enemies":"Automaton","floor":33,"turns":22}],"seed_played":"6521968844292080291","potions_obtained":[{"floor":1,"key":"EssenceOfSteel"},{"floor":5,"key":"Regen Potion"},{"floor":6,"key":"Fruit Juice"},{"floor":14,"key":"SkillPotion"},{"floor":16,"key":"PowerPotion"},{"floor":21,"key":"Block Potion"},{"floor":28,"key":"Regen Potion"}],"is_trial":false,"path_per_floor":["M","?","$","?","M","E","R","M","T","M","M","?","?","M","R","B",null,"M","?","M","M","M","R","M","$","T","R","M","$","?","M","R","B"],"character_chosen":"DEFECT","items_purchased":["Apotheosis","Self Repair","Capacitor","DollysMirror"],"campfire_rested":1,"item_purchase_floors":[3,25,29,29],"current_hp_per_floor":[75,75,75,68,68,73,73,66,66,63,46,72,72,70,70,33,68,65,65,62,47,47,71,47,47,54,54,64,64,48,70,70,0],"gold":116,"neow_bonus":"THREE_ENEMY_KILL","is_prod":false,"is_daily":false,"chose_seed":false,"campfire_upgraded":4,"win_rate":0,"timestamp":1545863439,"path_taken":["M","?","$","?","M","E","R","M","T","M","?","?","?","?","R","BOSS","M","?","M","M","M","R","M","$","T","R","M","$","?","M","R","BOSS"],"build_version":"2018-12-20","purchased_purges":2,"victory":false,"max_hp_per_floor":[75,75,75,75,75,80,80,80,80,80,80,80,80,80,80,80,80,80,80,80,80,80,80,80,80,87,87,87,87,87,87,87,87],"card_choices":[{"not_picked":["Auto Shields","Beam Cell"],"picked":"Cold Snap","floor":1},{"not_picked":["Sweeping Beam","Turbo"],"picked":"Double Energy","floor":5},{"not_picked":["Chaos","Barrage"],"picked":"Double Energy","floor":6},{"not_picked":["Hello World","Hologram"],"picked":"Coolheaded","floor":8},{"not_picked":["Undo","Conserve Battery"],"picked":"Loop","floor":10},{"not_picked":["Beam Cell","Go for the Eyes","Genetic Algorithm"],"picked":"SKIP","floor":11},{"not_picked":["Genetic Algorithm","Beam Cell","All For One"],"picked":"SKIP","floor":14},{"not_picked":["All For One","Multi-Cast"],"picked":"Reboot","floor":16},{"not_picked":["Hologram","Go for the Eyes"],"picked":"Cold Snap","floor":18},{"not_picked":["Genetic Algorithm","Double Energy","Beam Cell"],"picked":"SKIP","floor":20},{"not_picked":["Conserve Battery","Aggregate+1"],"picked":"Glacier","floor":21},{"not_picked":["Rebound","Stack"],"picked":"Glacier","floor":22},{"not_picked":["Storm","Leap+1","Scrape"],"picked":"SKIP","floor":24},{"not_picked":["Chaos","Go for the Eyes"],"picked":"Coolheaded","floor":28},{"not_picked":["Conserve Battery","Leap+1","Beam Cell+1"],"picked":"SKIP","floor":31}],"player_experience":343894,"relics_obtained":[{"floor":6,"key":"DataDisk"},{"floor":9,"key":"Dream Catcher"},{"floor":13,"key":"Kunai"},{"floor":26,"key":"Strawberry"}],"event_choices":[{"damage_healed":0,"gold_gain":175,"player_choice":"AGREE","damage_taken":0,"max_hp_gain":0,"max_hp_loss":0,"event_name":"Liars Game","floor":2,"gold_loss":0,"cards_obtained":["Doubt"]},{"damage_healed":0,"gold_gain":75,"player_choice":"Touch","damage_taken":7,"max_hp_gain":0,"max_hp_loss":0,"event_name":"FaceTrader","floor":4,"gold_loss":0},{"damage_healed":26,"gold_gain":0,"player_choice":"Banana","damage_taken":0,"max_hp_gain":0,"max_hp_loss":0,"event_name":"Big Fish","floor":12,"gold_loss":0},{"damage_healed":0,"gold_gain":0,"player_choice":"Relic","damage_taken":0,"max_hp_gain":0,"max_hp_loss":0,"event_name":"Wheel of Change","floor":13,"gold_loss":0},{"damage_healed":0,"gold_gain":0,"player_choice":"Ignored","damage_taken":0,"max_hp_gain":0,"max_hp_loss":0,"event_name":"The Mausoleum","floor":19,"gold_loss":0},{"damage_healed":0,"gold_gain":90,"player_choice":"GOLD ","damage_taken":16,"max_hp_gain":0,"max_hp_loss":0,"event_name":"Knowing Skull","floor":30,"potions_obtained":[],"gold_loss":0,"cards_obtained":[]}],"is_beta":false,"boss_relics":[{"not_picked":["Runic Pyramid","Tiny House"],"picked":"FrozenCore"}],"items_purged_floors":[3,29],"is_endless":false,"potions_floor_spawned":[1,5,6,14,16,18,21,28],"killed_by":"Automaton","ascension_level":5}