{"gold_per_floor":[110,127,143,113,125,125,29,64,64,64,89,89,109,124,124,223,223,235,135,10,30,48,48,78,90,155,181,205,217,257,209,221,329,341,371,383,395,407,435,447,470,482,546,558,586,498,513,533,533,533],"floor_reached":50,"playtime":5138,"items_purged":["Strike_R","Bash"],"score":596,"play_id":"04cd2374-c26f-4f22-9665-68e355a151e2","local_time":"20190204075303","is_ascension_mode":true,"campfire_choices":[{"floor":6.0,"key":"RECALL"},{"data":"Combust","floor":10.0,"key":"SMITH"},{"data":"Anger","floor":12.0,"key":"SMITH"},{"data":"Warcry","floor":15.0,"key":"SMITH"},{"data":"Warcry","floor":23.0,"key":"SMITH"},{"data":"Burning Pact","floor":25.0,"key":"SMITH"},{"data":"Shrug It Off","floor":32.0,"key":"SMITH"},{"data":"Shrug It Off","floor":40.0,"key":"SMITH"},{"data":"Dark Embrace","floor":42.0,"key":"SMITH"},{"data":"Feel No Pain","floor":44.0,"key":"SMITH"},{"floor":49,"key":"REST"}],"neow_cost":"NONE","seed_source_timestamp":0,"circlet_count":0,"master_deck":["Strike_R","Strike_R","Strike_R","Strike_R","Defend_R","Defend_R","Defend_R","Defend_R","Shrug It Off+1","Ghostly Armor","Shrug It Off","Anger+1","Combust+1","Shrug It Off+1","Warcry+1","Cleave","Warcry+1","Iron Wave","Juggernaut","Seeing Red+1","True Grit","Shrug It Off","Feel No Pain+1","Burning Pact+1","Armaments+1","Shrug It Off+1","Dark Embrace+1","Parasite"],"special_seed":0,"relics":["Burning Blood","NeowsBlessing","Thread and Needle","Shuriken","Philosopher\u0027s Stone","MawBank","PreservedInsect","Bottled Flame","Blood Vial","Mark of Pain","Turnip","Vajra"],"potions_floor_usage":[50],"damage_taken":[{"damage":0.0,"enemies":"Small Slimes","floor":1.0,"turns":2.0},{"damage":0.0,"enemies":"Cultist","floor":2.0,"turns":1.0},{"damage":0.0,"enemies":"2 Louse","floor":3.0,"turns":1.0},{"damage":3.0,"enemies":"Red Slaver","floor":5.0,"turns":7.0},{"damage":40.0,"enemies":"Gremlin Nob","floor":8.0,"turns":6.0},{"damage":3.0,"enemies":"3 Sentries","floor":11.0,"turns":5.0},{"damage":0.0,"enemies":"2 Fungi Beasts","floor":13.0,"turns":3.0},{"damage":3.0,"enemies":"3 Louse","floor":14.0,"turns":4.0},{"damage":44.0,"enemies":"Hexaghost","floor":16.0,"turns":10.0},{"damage":33.0,"enemies":"3 Byrds","floor":18.0,"turns":4.0},{"damage":8.0,"enemies":"Shell Parasite","floor":21.0,"turns":5.0},{"damage":10.0,"enemies":"3 Cultists","floor":22.0,"turns":5.0},{"damage":22.0,"enemies":"Gremlin Leader","floor":24.0,"turns":6.0},{"damage":3.0,"enemies":"Cultist and Chosen","floor":27.0,"turns":5.0},{"damage":11.0,"enemies":"Snake Plant","floor":28.0,"turns":4.0},{"damage":2.0,"enemies":"Slavers","floor":30.0,"turns":4.0},{"damage":10.0,"enemies":"Champ","floor":33.0,"turns":14.0},{"damage":6.0,"enemies":"3 Darklings","floor":35.0,"turns":6.0},{"damage":10.0,"enemies":"Orb Walker","floor":39.0,"turns":3.0},{"damage":33.0,"enemies":"3 Darklings","floor":41.0,"turns":6.0},{"damage":10.0,"enemies":"4 Shapes","floor":45.0,"turns":7.0},{"damage":31.0,"enemies":"Spire Growth","floor":47.0,"turns":6.0},{"damage":0.0,"enemies":"Writhing Mass","floor":48.0,"turns":6.0},{"damage":92,"enemies":"Time Eater","floor":50,"turns":10}],"seed_played":"6980311299014436881","potions_obtained":[{"floor":3.0,"key":"Swift Potion"},{"floor":4.0,"key":"Explosive Potion"},{"floor":4.0,"key":"PowerPotion"},{"floor":5.0,"key":"Block Potion"},{"floor":11.0,"key":"Poison Potion"},{"floor":13.0,"key":"Dexterity Potion"},{"floor":16.0,"key":"EssenceOfSteel"},{"floor":18.0,"key":"Regen Potion"},{"floor":22.0,"key":"Fire Potion"},{"floor":24.0,"key":"BloodPotion"},{"floor":27.0,"key":"BloodPotion"},{"floor":33.0,"key":"SteroidPotion"},{"floor":37.0,"key":"FairyPotion"},{"floor":37.0,"key":"Fire Potion"}],"is_trial":false,"path_per_floor":["M","M","M","?","M","R","$","E","T","R","E","R","M","M","R","B",null,"M","$","$","M","M","R","E","R","T","M","M","?","E","?","R","B",null,"M","T","?","$","M","R","M","R","T","R","M","$","M","M","R","B"],"character_chosen":"IRONCLAD","items_purchased":["Combust","Shrug It Off","True Grit","Shrug It Off","Feel No Pain"],"campfire_rested":1,"item_purchase_floors":[7,7,19,20,20],"current_hp_per_floor":[80,80,80,80,80,80,80,46,46,46,49,49,55,58,58,20,80,53,53,53,51,47,47,45,45,45,48,43,43,47,47,47,53,80,80,80,80,80,76,76,59,59,59,59,57,57,34,42,66,0],"gold":533,"neow_bonus":"THREE_ENEMY_KILL","is_prod":false,"is_daily":false,"chose_seed":false,"campfire_upgraded":9,"win_rate":0,"timestamp":1549263183,"path_taken":["M","M","M","?","M","R","$","E","T","R","E","R","M","M","R","BOSS","M","?","$","M","M","R","E","R","T","M","M","?","E","?","R","BOSS","M","?","?","$","M","R","M","R","T","R","M","$","M","M","R","BOSS"],"build_version":"2019-01-23","purchased_purges":2,"victory":false,"max_hp_per_floor":[80,80,80,80,80,80,80,80,80,80,80,80,80,80,80,80,80,80,80,80,80,80,80,80,80,80,80,80,80,80,80,80,80,80,80,80,80,80,80,80,80,80,80,80,80,80,80,80,80,80],"card_choices":[{"not_picked":["Perfected Strike","Sentinel"],"picked":"Shrug It Off","floor":1.0},{"not_picked":["Armaments","Reckless Charge"],"picked":"Ghostly Armor","floor":2.0},{"not_picked":["Searing Blow","Clash"],"picked":"Shrug It Off","floor":3.0},{"not_picked":["Uppercut","Pommel Strike"],"picked":"Anger","floor":5.0},{"not_picked":["Searing Blow","Twin Strike"],"picked":"Warcry","floor":8.0},{"not_picked":["Dark Embrace","Pommel Strike"],"picked":"Cleave","floor":11.0},{"not_picked":["Ghostly Armor","Flex"],"picked":"Warcry","floor":13.0},{"not_picked":["Flex","Heavy Blade"],"picked":"Iron Wave","floor":14.0},{"not_picked":["Double Tap","Exhume"],"picked":"Juggernaut","floor":16.0},{"not_picked":["Thunderclap","Flame Barrier+1"],"picked":"Seeing Red+1","floor":18.0},{"not_picked":["Spot Weakness+1","Body Slam","Thunderclap"],"picked":"SKIP","floor":21.0},{"not_picked":["Wild Strike","Warcry"],"picked":"Burning Pact","floor":22.0},{"not_picked":["Wild Strike","Double Tap"],"picked":"Armaments+1","floor":24.0},{"not_picked":["Headbutt","Disarm","Clash+1"],"picked":"SKIP","floor":27.0},{"not_picked":["Twin Strike+1","Reaper"],"picked":"Shrug It Off+1","floor":28.0},{"not_picked":["Seeing Red+1","Thunderclap","Flex"],"picked":"SKIP","floor":30.0},{"not_picked":["Bludgeon","Offering"],"picked":"Dark Embrace","floor":33.0},{"not_picked":["Thunderclap","Clash","Spot Weakness+1"],"picked":"SKIP","floor":35.0},{"not_picked":["Second Wind+1","Flex+1","Entrench"],"picked":"SKIP","floor":39.0},{"not_picked":["Thunderclap","Wild Strike","Headbutt+1"],"picked":"SKIP","floor":41.0},{"not_picked":["Blood for Blood","Pommel Strike","Armaments"],"picked":"SKIP","floor":45.0},{"not_picked":["True Grit","Intimidate","Inflame"],"picked":"SKIP","floor":47.0},{"not_picked":["Body Slam","Havoc","Iron Wave"],"picked":"SKIP","floor":48.0}],"player_experience":112446,"relics_obtained":[{"floor":8.0,"key":"Thread and Needle"},{"floor":11.0,"key":"Shuriken"},{"floor":24.0,"key":"MawBank"},{"floor":26.0,"key":"PreservedInsect"},{"floor":30.0,"key":"Bottled Flame"},{"floor":36.0,"key":"Turnip"},{"floor":43.0,"key":"Vajra"}],"event_choices":[{"damage_healed":0.0,"max_hp_gain":0.0,"max_hp_loss":0.0,"gold_gain":0.0,"event_name":"The Woman in Blue","player_choice":"Bought 2 Potions","floor":4.0,"gold_loss":0.0,"damage_taken":0.0},{"damage_healed":0.0,"max_hp_gain":0.0,"max_hp_loss":0.0,"gold_gain":0.0,"event_name":"Ghosts","player_choice":"Ignored","floor":29.0,"gold_loss":0.0,"damage_taken":0.0},{"damage_healed":0.0,"max_hp_gain":0.0,"max_hp_loss":0.0,"gold_gain":0.0,"event_name":"WeMeetAgain","player_choice":"Paid Gold","floor":31.0,"gold_loss":60.0,"damage_taken":0.0,"relics_obtained":["Blood Vial"]},{"damage_healed":0.0,"max_hp_gain":0.0,"max_hp_loss":0.0,"gold_gain":0.0,"event_name":"Lab","player_choice":"Got Potions","floor":37.0,"gold_loss":0.0,"damage_taken":0.0}],"is_beta":false,"boss_relics":[{"not_picked":["Snecko Eye","White Beast Statue"],"picked":"Philosopher\u0027s Stone"},{"not_picked":["Sozu","Eternal Feather"],"picked":"Mark of Pain"}],"items_purged_floors":[19,46],"is_endless":false,"potions_floor_spawned":[3,5,11,13,16,18,22,24,27,33,39],"killed_by":"Time Eater","ascension_level":1}