{"gold_per_floor":[115,128,53,53,53,53,66,109,193,193,234,258,274,274,274,274],"floor_reached":16,"playtime":1138,"items_purged":["Defend_B"],"score":220,"play_id":"2549921e-2f69-477c-8827-9530c4c30938","local_time":"20190821222011","is_ascension_mode":true,"campfire_choices":[{"data":"Zap","floor":6.0,"key":"SMITH"},{"floor":10.0,"key":"REST"},{"data":"Sunder","floor":15,"key":"SMITH"}],"neow_cost":"NONE","seed_source_timestamp":646534926802796,"circlet_count":0,"master_deck":["AscendersBane","Strike_B","Strike_B","Strike_B","Defend_B","Defend_B","Defend_B","Zap+1","Dualcast","Steam","Coolheaded","Reboot","Recycle","Sunder+1","Undo","Chill"],"special_seed":0,"relics":["Cracked Core","Golden Idol","Bag of Marbles","Tiny Chest","Bronze Scales"],"potions_floor_usage":[16],"damage_taken":[{"damage":9.0,"enemies":"2 Louse","floor":1.0,"turns":3.0},{"damage":6.0,"enemies":"Jaw Worm","floor":2.0,"turns":3.0},{"damage":0.0,"enemies":"Small Slimes","floor":7.0,"turns":3.0},{"damage":18.0,"enemies":"Lagavulin","floor":8.0,"turns":7.0},{"damage":33,"enemies":"3 Sentries","floor":11,"turns":13},{"damage":4,"enemies":"Looter","floor":12,"turns":3},{"damage":1,"enemies":"Lots of Slimes","floor":13,"turns":3},{"damage":14,"enemies":"Slime Boss","floor":16,"turns":3}],"seed_played":"3380056463303964594","potions_obtained":[{"floor":12,"key":"SteroidPotion"},{"floor":13,"key":"Weak Potion"}],"is_trial":false,"path_per_floor":["M","M","$","?","?","R","M","E","T","R","E","M","M","?","R","B"],"character_chosen":"DEFECT","items_purchased":[],"campfire_rested":1,"item_purchase_floors":[],"current_hp_per_floor":[62,56,56,56,49,49,49,31,31,52,19,15,14,14,14,0],"gold":274,"neow_bonus":"TEN_PERCENT_HP_BONUS","is_prod":false,"is_daily":false,"chose_seed":false,"campfire_upgraded":2,"win_rate":0,"timestamp":1566451211,"path_taken":["M","M","$","?","?","R","M","E","T","R","E","M","?","?","R","BOSS"],"build_version":"2019-07-17","purchased_purges":1,"victory":false,"max_hp_per_floor":[78,78,78,71,71,71,71,71,71,71,71,71,71,71,71,71],"card_choices":[{"not_picked":["Streamline","Hologram"],"picked":"Steam","floor":1.0},{"not_picked":["Gash","Stack"],"picked":"Coolheaded","floor":2.0},{"not_picked":["Chaos","Rip and Tear"],"picked":"Reboot","floor":7.0},{"not_picked":["Melter","Force Field"],"picked":"Recycle","floor":8.0},{"not_picked":["Fusion","Compile Driver"],"picked":"Sunder","floor":11},{"not_picked":["Leap","Chill"],"picked":"Undo","floor":12},{"not_picked":["Melter","Gash"],"picked":"Chill","floor":13}],"player_experience":733913,"relics_obtained":[{"floor":8.0,"key":"Bag of Marbles"},{"floor":9.0,"key":"Tiny Chest"},{"floor":11,"key":"Bronze Scales"}],"event_choices":[{"damage_healed":0.0,"max_hp_gain":0.0,"max_hp_loss":7.0,"gold_gain":0.0,"event_name":"Golden Idol","player_choice":"Lose Max HP","floor":4.0,"gold_loss":0.0,"damage_taken":0.0,"relics_obtained":["Golden Idol"]},{"cards_removed":["Strike_B"],"damage_healed":0.0,"max_hp_gain":0.0,"max_hp_loss":0.0,"gold_gain":0.0,"event_name":"Golden Wing","player_choice":"Card Removal","floor":5.0,"gold_loss":0.0,"damage_taken":7.0},{"damage_healed":0,"gold_gain":0,"player_choice":"Ignored","damage_taken":0,"max_hp_gain":0,"max_hp_loss":0,"event_name":"Liars Game","floor":14,"gold_loss":0}],"is_beta":false,"boss_relics":[],"items_purged_floors":[3],"is_endless":false,"potions_floor_spawned":[12,13],"killed_by":"Slime Boss","ascension_level":20}