{"gold_per_floor":[119,119,130,150,127,127,127,146,146,160,178,178,199,124,124,222,222,237,336,336,236,256,281,281,295,340,255,265,265,278,291,291,291],"floor_reached":33,"playtime":895,"items_purged":["Strike_R","Strike_R"],"score":259,"play_id":"01a69e34-c661-4fb3-b4d0-58689637711e","local_time":"20190912155029","is_ascension_mode":false,"campfire_choices":[{"floor":6,"key":"REST"},{"floor":12,"key":"REST"},{"data":"Anger","floor":15,"key":"SMITH"},{"floor":24,"key":"REST"},{"floor":32,"key":"REST"}],"neow_cost":"PERCENT_DAMAGE","seed_source_timestamp":2287685407702700,"circlet_count":0,"master_deck":["Strike_R","Strike_R","Strike_R","Defend_R+1","Defend_R","Defend_R","Bash+1","Anger+1","Seeing Red","Spot Weakness","Cleave","Anger","Perfected Strike","Whirlwind","Whirlwind+1"],"relics":["Burning Blood","Torii","Sundial","Odd Mushroom","Orrery","Mercury Hourglass","Bag of Marbles","Orichalcum","Strawberry"],"potions_floor_usage":[11,13,16,16,23,30,31,33],"damage_taken":[{"damage":2,"enemies":"Jaw Worm","floor":1,"turns":5},{"damage":1,"enemies":"Small Slimes","floor":3,"turns":4},{"damage":2,"enemies":"2 Louse","floor":4,"turns":4},{"damage":1,"enemies":"Large Slime","floor":8,"turns":6},{"damage":7,"enemies":"Exordium Wildlife","floor":10,"turns":3},{"damage":10,"enemies":"Exordium Thugs","floor":11,"turns":4},{"damage":15,"enemies":"The Mushroom Lair","floor":13,"turns":5},{"damage":38,"enemies":"Hexaghost","floor":16,"turns":7},{"damage":35,"enemies":"2 Thieves","floor":18,"turns":4},{"damage":10,"enemies":"Spheric Guardian","floor":22,"turns":3},{"damage":38,"enemies":"Gremlin Leader","floor":23,"turns":5},{"damage":34,"enemies":"Snake Plant","floor":25,"turns":3},{"damage":18,"enemies":"Centurion and Healer","floor":28,"turns":5},{"damage":18,"enemies":"Shelled Parasite and Fungi","floor":30,"turns":4},{"damage":15,"enemies":"Snake Plant","floor":31,"turns":3},{"damage":71,"enemies":"Automaton","floor":33,"turns":6}],"seed_played":"5024526505171255977","potions_obtained":[{"floor":4,"key":"Regen Potion"},{"floor":8,"key":"Fire Potion"},{"floor":10,"key":"SpeedPotion"},{"floor":13,"key":"LiquidBronze"},{"floor":18,"key":"Poison Potion"},{"floor":25,"key":"Fire Potion"},{"floor":30,"key":"BloodPotion"},{"floor":31,"key":"Weak Potion"}],"is_trial":false,"path_per_floor":["M","?","M","M","?","R","?","M","T","M","M","R","?","$","R","B",null,"M","?","?","$","M","E","R","M","T","?","M","?","M","M","R","B"],"character_chosen":"IRONCLAD","items_purchased":[],"campfire_rested":4,"item_purchase_floors":[],"current_hp_per_floor":[60,44,49,53,53,77,77,80,80,79,75,80,71,71,71,51,80,51,51,77,77,73,41,65,37,37,37,25,32,20,32,58,0],"gold":291,"neow_bonus":"ONE_RARE_RELIC","is_prod":false,"is_daily":false,"chose_seed":false,"campfire_upgraded":1,"win_rate":0,"timestamp":1568317829,"path_taken":["M","?","M","M","?","R","?","M","T","M","M","R","?","$","R","BOSS","M","?","?","?","M","E","R","?","T","?","M","?","M","M","R","BOSS"],"build_version":"2019-07-17","purchased_purges":2,"victory":false,"max_hp_per_floor":[80,80,80,80,80,80,80,80,80,80,80,80,80,80,80,80,80,80,80,80,80,80,80,80,80,80,80,80,87,87,87,87,87],"card_choices":[{"not_picked":["Thunderclap","Metallicize","Warcry"],"picked":"SKIP","floor":1},{"not_picked":["Shockwave","Warcry","Disarm"],"picked":"SKIP","floor":3},{"not_picked":["Sentinel","Sword Boomerang","Sever Soul"],"picked":"SKIP","floor":4},{"not_picked":["Disarm","True Grit","Dropkick"],"picked":"SKIP","floor":8},{"not_picked":["Sword Boomerang","Pommel Strike","Shrug It Off"],"picked":"SKIP","floor":10},{"not_picked":["Heavy Blade","Wild Strike","Body Slam"],"picked":"SKIP","floor":11},{"not_picked":["Pommel Strike","Feed"],"picked":"Anger","floor":13},{"not_picked":["Perfected Strike","Fire Breathing"],"picked":"Seeing Red","floor":17},{"not_picked":["Pommel Strike","Clash"],"picked":"Spot Weakness","floor":17},{"not_picked":["Sword Boomerang","Entrench"],"picked":"Cleave","floor":17},{"not_picked":["Warcry","Sever Soul"],"picked":"Anger","floor":17},{"not_picked":["Reckless Charge","Feed"],"picked":"Perfected Strike","floor":17},{"not_picked":["Shrug It Off+1","Pommel Strike"],"picked":"Whirlwind","floor":18},{"not_picked":["Havoc","Thunderclap+1","Dual Wield"],"picked":"SKIP","floor":22},{"not_picked":["True Grit","Body Slam","Demon Form"],"picked":"SKIP","floor":23},{"not_picked":["Armaments+1","Shockwave","Clash+1"],"picked":"SKIP","floor":25},{"not_picked":["Headbutt","Sword Boomerang","Clash"],"picked":"SKIP","floor":28},{"not_picked":["Wild Strike+1","Heavy Blade"],"picked":"Whirlwind+1","floor":30},{"not_picked":["Battle Trance","Sword Boomerang","Twin Strike"],"picked":"SKIP","floor":31}],"player_experience":390891,"relics_obtained":[{"floor":9,"key":"Sundial"},{"floor":13,"key":"Odd Mushroom"},{"floor":23,"key":"Mercury Hourglass"},{"floor":26,"key":"Bag of Marbles"}],"event_choices":[{"damage_healed":0,"gold_gain":0,"player_choice":"Entered Light","damage_taken":16,"max_hp_gain":0,"max_hp_loss":0,"event_name":"Shining Light","floor":2,"gold_loss":0,"cards_upgraded":["Bash","Defend_R"]},{"damage_healed":0,"gold_gain":0,"player_choice":"Left Gold","damage_taken":0,"max_hp_gain":0,"max_hp_loss":0,"event_name":"World of Goop","floor":5,"gold_loss":23},{"cards_removed":["Defend_R"],"damage_healed":0,"gold_gain":0,"player_choice":"Forget","damage_taken":0,"max_hp_gain":0,"max_hp_loss":0,"event_name":"Living Wall","floor":7,"gold_loss":0},{"damage_healed":0,"gold_gain":0,"player_choice":"Fought Mushrooms","damage_taken":0,"max_hp_gain":0,"max_hp_loss":0,"event_name":"Mushrooms","floor":13,"gold_loss":0},{"damage_healed":0,"gold_gain":99,"player_choice":"Stole From Cult","damage_taken":0,"max_hp_gain":0,"max_hp_loss":0,"event_name":"Nest","floor":19,"gold_loss":0},{"damage_healed":26,"gold_gain":0,"player_choice":"Heal","damage_taken":0,"max_hp_gain":0,"max_hp_loss":0,"event_name":"The Library","floor":20,"gold_loss":0},{"damage_healed":0,"gold_gain":0,"player_choice":"Obtained Relic","damage_taken":0,"relics_obtained":["Orichalcum"],"max_hp_gain":0,"max_hp_loss":0,"event_name":"Addict","floor":27,"gold_loss":85},{"damage_healed":0,"gold_gain":0,"player_choice":"Opened","damage_taken":0,"relics_obtained":["Strawberry"],"max_hp_gain":0,"max_hp_loss":0,"event_name":"The Mausoleum","floor":29,"gold_loss":0}],"is_beta":false,"boss_relics":[{"not_picked":["White Beast Statue","Snecko Eye"],"picked":"Orrery"}],"items_purged_floors":[14,21],"is_endless":false,"potions_floor_spawned":[4,8,10,13,18,25,30,31],"killed_by":"Automaton","ascension_level":0}