{"gold_per_floor":[119,119,194,204,223,223,148,168,198,212,212,236,253,253,253,352,352,370,370,370,370,386,386,416,67,93,93],"floor_reached":27,"playtime":525,"items_purged":["Strike_R"],"score":221,"play_id":"6d270640-3e95-431d-8712-8cd003498d7e","local_time":"20190913152124","is_ascension_mode":false,"campfire_choices":[{"data":"Flex","floor":6,"key":"SMITH"},{"data":"Flex","floor":11,"key":"SMITH"},{"data":"Bash","floor":15,"key":"SMITH"},{"data":"Double Tap","floor":23,"key":"SMITH"}],"neow_cost":"NONE","seed_source_timestamp":2372708668898100,"circlet_count":0,"master_deck":["Strike_R","Strike_R","Strike_R","Strike_R","Defend_R+1","Defend_R+1","Bash+1","Flex+1","Flex+1","Thunderclap","Double Tap+1","Flex","Necronomicurse"],"relics":["Burning Blood","NeowsBlessing","Tiny Chest","Juzu Bracelet","Sozu","Necronomicon","MutagenicStrength","Bottled Flame","PrismaticShard","War Paint","Anchor"],"potions_floor_usage":[8,16,18,24],"damage_taken":[{"damage":0,"enemies":"Small Slimes","floor":1,"turns":1},{"damage":0,"enemies":"Jaw Worm","floor":4,"turns":1},{"damage":0,"enemies":"Cultist","floor":5,"turns":1},{"damage":0,"enemies":"3 Louse","floor":8,"turns":1},{"damage":8,"enemies":"2 Fungi Beasts","floor":10,"turns":3},{"damage":10,"enemies":"Looter","floor":13,"turns":2},{"damage":32,"enemies":"Slime Boss","floor":16,"turns":9},{"damage":27,"enemies":"2 Thieves","floor":18,"turns":4},{"damage":0,"enemies":"Spheric Guardian","floor":22,"turns":1},{"damage":18,"enemies":"Gremlin Leader","floor":24,"turns":3},{"damage":47,"enemies":"Book of Stabbing","floor":27,"turns":4}],"seed_played":"7279783778302415343","potions_obtained":[{"floor":1,"key":"AttackPotion"},{"floor":4,"key":"SpeedPotion"},{"floor":10,"key":"Energy Potion"},{"floor":13,"key":"Strength Potion"}],"is_trial":false,"path_per_floor":["M","?","?","M","M","R","$","M","T","M","R","T","M","?","R","B",null,"M","?","?","?","M","R","E","$","T","E"],"character_chosen":"IRONCLAD","items_purchased":["PrismaticShard","War Paint"],"campfire_rested":0,"item_purchase_floors":[25,25],"current_hp_per_floor":[80,73,62,68,74,74,74,80,80,78,78,78,74,79,79,53,85,64,48,48,48,54,54,42,42,42,0],"gold":93,"neow_bonus":"THREE_ENEMY_KILL","is_prod":false,"is_daily":false,"chose_seed":false,"campfire_upgraded":4,"win_rate":0,"timestamp":1568402484,"path_taken":["M","?","?","M","M","R","$","M","T","M","R","?","M","?","R","BOSS","M","?","?","?","M","R","E","$","T","E"],"build_version":"2019-07-17","purchased_purges":1,"victory":false,"max_hp_per_floor":[80,80,80,80,80,80,80,80,80,80,80,80,80,85,85,85,85,85,85,85,85,85,85,85,85,85,85],"card_choices":[{"not_picked":["Dual Wield","Shrug It Off"],"picked":"Flex","floor":1},{"not_picked":["Cleave","Clash"],"picked":"Flex","floor":4},{"not_picked":["Power Through","Pommel Strike"],"picked":"Thunderclap","floor":5},{"not_picked":["Armaments","Sever Soul","Rampage"],"picked":"SKIP","floor":8},{"not_picked":["Fire Breathing","Pommel Strike","Sword Boomerang"],"picked":"SKIP","floor":10},{"not_picked":["Rampage","Heavy Blade","Corruption"],"picked":"SKIP","floor":13},{"not_picked":["Bludgeon","Juggernaut"],"picked":"Double Tap","floor":16},{"not_picked":["Burning Pact+1","Corruption"],"picked":"Flex","floor":18},{"not_picked":["Warcry","Anger","Thunderclap+1"],"picked":"SKIP","floor":22},{"not_picked":["Metallicize+1","Iron Wave","Havoc"],"picked":"SKIP","floor":24}],"player_experience":404562,"relics_obtained":[{"floor":9,"key":"Tiny Chest"},{"floor":12,"key":"Juzu Bracelet"},{"floor":19,"key":"Necronomicon"},{"floor":24,"key":"Bottled Flame"},{"floor":26,"key":"Anchor"}],"event_choices":[{"cards_removed":["Defend_R"],"damage_healed":0,"gold_gain":0,"player_choice":"Card Removal","damage_taken":7,"max_hp_gain":0,"max_hp_loss":0,"event_name":"Golden Wing","floor":2,"gold_loss":0},{"damage_healed":0,"gold_gain":75,"player_choice":"Gather Gold","damage_taken":11,"max_hp_gain":0,"max_hp_loss":0,"event_name":"World of Goop","floor":3,"gold_loss":0},{"damage_healed":0,"gold_gain":0,"player_choice":"Donut","damage_taken":0,"max_hp_gain":5,"max_hp_loss":0,"event_name":"Big Fish","floor":14,"gold_loss":0},{"damage_healed":0,"gold_gain":0,"player_choice":"Obtained Book","damage_taken":16,"max_hp_gain":0,"max_hp_loss":0,"event_name":"Cursed Tome","floor":19,"gold_loss":0},{"damage_healed":0,"gold_gain":0,"player_choice":"Inject Mutagens","damage_taken":0,"relics_obtained":["MutagenicStrength"],"max_hp_gain":0,"max_hp_loss":0,"event_name":"Drug Dealer","floor":20,"gold_loss":0},{"cards_removed":["Defend_R"],"damage_healed":0,"gold_gain":0,"player_choice":"Elegance","damage_taken":0,"max_hp_gain":0,"max_hp_loss":0,"event_name":"Back to Basics","floor":21,"gold_loss":0}],"is_beta":false,"boss_relics":[{"not_picked":["Orrery","Velvet Choker"],"picked":"Sozu"}],"items_purged_floors":[7],"is_endless":false,"potions_floor_spawned":[1,4,10,13,24],"killed_by":"Book of Stabbing","ascension_level":0}