{"path_per_floor":["M","M","M","?","?","R","M","$","T","$","M","?","E","?","R","B",null,"M","M","?","$","?","R","M","E","T","R","E","M","R","M","R","B",null,"M","?","?","?","?","R","M","M","T","M","$","?","R","$","R","B"],"character_chosen":"DEFECT","items_purchased":["Capacitor","Apotheosis","Chill"],"gold_per_floor":[109,119,132,132,82,82,100,25,79,32,51,226,254,224,224,320,320,245,245,245,18,18,18,18,18,18,18,18,18,18,18,18,18,18,18,18,18,18,18,18,18,18,18,18,18,18,18,18,18,18],"floor_reached":51,"campfire_rested":2,"playtime":5196,"current_hp_per_floor":[74,67,64,64,64,64,58,58,58,58,58,58,45,45,45,45,68,53,25,25,25,25,25,25,20,20,20,10,10,10,7,7,7,30,30,30,30,30,30,37,37,37,37,32,32,32,32,32,37,37],"items_purged":["Defend_B"],"gold":18,"score":1066,"play_id":"b8930b8a-c492-4ab6-a3f8-7a51e03afdc0","local_time":"20180430130909","is_prod":false,"is_daily":false,"chose_seed":false,"is_ascension_mode":true,"campfire_upgraded":7,"timestamp":1525118949,"path_taken":["M","M","?","?","?","R","M","$","T","$","M","?","E","?","R","BOSS","M","M","?","$","?","R","M","E","T","R","E","M","R","M","R","BOSS","M","?","?","?","?","R","M","M","T","M","$","?","R","?","R","BOSS"],"build_version":"2018-04-27v3","seed_source_timestamp":157382542861926,"purchased_purges":1,"victory":true,"master_deck":["Defend_B","Defend_B","Defend_B","Zap+1","Blaster+1","Streamline","Buffer+1","Hologram","Capacitor+1","Leap","All For One","Go for the Eyes","Gash+1","Ghostly+1","Ghostly+1","Ghostly+1","Ghostly","Ghostly","Apotheosis+1","Chill","Glacier","Go for the Eyes+1","Hologram+1","Scrape","Scrape+1","Echo Form","Gash+1","Hologram+1","Gash+1","Echo Form"],"max_hp_per_floor":[75,75,75,75,75,75,75,75,75,75,75,75,75,75,75,75,75,75,75,37,37,37,37,37,37,37,37,37,37,37,37,37,37,37,37,37,37,37,37,37,37,37,37,37,37,37,37,37,37,37],"relics":["Cracked Core","Happy Flower","Juzu Bracelet","Ectoplasm","Whetstone","Darkstone Periapt","Dodecahedron","Lizard Tail","Centennial Puzzle"],"card_choices":[{"not_picked":["Barrage","Beam Cell"],"picked":"Blaster","floor":1.0},{"not_picked":["Force Field","Stack"],"picked":"Streamline","floor":2.0},{"not_picked":["Scrape","Streamline"],"picked":"Buffer","floor":3.0},{"not_picked":["Heatsinks","Rebound"],"picked":"Hologram","floor":7.0},{"not_picked":["Meteor Strike","Rebound"],"picked":"Leap","floor":11.0},{"not_picked":["Reboot","Rainbow"],"picked":"All For One","floor":16.0},{"not_picked":["Leap","Ball Lightning"],"picked":"Go for the Eyes","floor":18.0},{"not_picked":["Streamline","Self Repair"],"picked":"Gash","floor":19.0},{"not_picked":["Barrage","Coolheaded"],"picked":"Go for the Eyes","floor":24.0},{"not_picked":["Rip and Tear","Tempest"],"picked":"Hologram","floor":25.0},{"not_picked":["Capacitor","Streamline"],"picked":"Scrape","floor":28.0},{"not_picked":["Coolheaded","Ball Lightning"],"picked":"Scrape","floor":31.0},{"not_picked":["All For One","Redo"],"picked":"Echo Form","floor":33.0},{"not_picked":["Coolheaded","Scrape"],"picked":"Gash","floor":41.0},{"not_picked":["Coolheaded","Auto Shields"],"picked":"Hologram","floor":42.0},{"not_picked":["Scrape","Capacitor"],"picked":"Gash","floor":44.0}],"player_experience":496646,"potions_floor_usage":[50],"damage_taken":[{"damage":1.0,"enemies":"Cultist","floor":1.0,"turns":4.0},{"damage":7.0,"enemies":"Jaw Worm","floor":2.0,"turns":3.0},{"damage":3.0,"enemies":"2 Louse","floor":3.0,"turns":2.0},{"damage":6.0,"enemies":"Looter","floor":7.0,"turns":2.0},{"damage":0.0,"enemies":"Large Slime","floor":11.0,"turns":5.0},{"damage":13.0,"enemies":"Gremlin Nob","floor":13.0,"turns":4.0},{"damage":0.0,"enemies":"Hexaghost","floor":16.0,"turns":11.0},{"damage":15.0,"enemies":"2 Thieves","floor":18.0,"turns":4.0},{"damage":28.0,"enemies":"3 Byrds","floor":19.0,"turns":4.0},{"damage":0.0,"enemies":"Cultist and Chosen","floor":24.0,"turns":8.0},{"damage":5.0,"enemies":"Book of Stabbing","floor":25.0,"turns":11.0},{"damage":10.0,"enemies":"Gremlin Leader","floor":28.0,"turns":7.0},{"damage":0.0,"enemies":"Snake Plant","floor":29.0,"turns":5.0},{"damage":3.0,"enemies":"Chosen and Byrds","floor":31.0,"turns":4.0},{"damage":0.0,"enemies":"Automaton","floor":33.0,"turns":14.0},{"damage":0.0,"enemies":"3 Darklings","floor":35.0,"turns":8.0},{"damage":0.0,"enemies":"3 Shapes","floor":41.0,"turns":6.0},{"damage":0.0,"enemies":"Spire Growth","floor":42.0,"turns":6.0},{"damage":5.0,"enemies":"Flame Bruiser 2 Orb","floor":44.0,"turns":3.0},{"damage":0,"enemies":"Time Eater","floor":50,"turns":11}],"event_choices":[{"event_name":"Wheel of Change","player_choice":"Card Removal","floor":4.0,"damage_taken":0.0},{"event_name":"The Cleric","player_choice":"Card Removal","floor":5.0,"damage_taken":0.0},{"event_name":"Liars Game","player_choice":"agreed","floor":12.0,"damage_taken":0.0},{"event_name":"The Woman in Blue","player_choice":"Bought 2 Potions","floor":14.0,"damage_taken":0.0},{"event_name":"Ghosts","player_choice":"Became a Ghost","floor":20.0,"damage_taken":0.0},{"event_name":"Transmorgrifier","player_choice":"Transform","floor":22.0,"damage_taken":0.0},{"event_name":"Wheel of Change","player_choice":"Card Removal","floor":36.0,"damage_taken":0.0},{"event_name":"Golden Shrine","player_choice":"Pray","floor":37.0,"damage_taken":0.0},{"event_name":"SecretPortal","player_choice":"Rejected Portal.","floor":38.0,"damage_taken":0.0},{"event_name":"Bonfire Elementals","player_choice":"BASIC","floor":39.0,"damage_taken":0.0},{"event_name":"Match and Keep!","player_choice":"1 cards matched","floor":46.0,"damage_taken":0.0}],"boss_relics":[],"potions_floor_spawned":[3,13,16,18,19,25,29,41],"seed_played":"-8618554949696642685","ascension_level":5,"is_trial":false}