{"gold_per_floor":[114,129,144,159,8,8,23,23,23,38,38,3,33,48,48,148,148,163,163,163,178,193,223,223,238,238,238,253,268,2,17,17,117,117,132,132,147,162,162,192,192],"floor_reached":41,"playtime":1477,"items_purged":["Strike_B","Shame"],"score":474,"play_id":"79f7f3ed-36a5-4793-bc52-632d2d0b3697","local_time":"20181225014221","daily_mods":["Cursed Run","Uncertain Future","Binary"],"is_ascension_mode":false,"campfire_choices":[{"data":"Static Discharge","floor":6.0,"key":"SMITH"},{"data":"Dualcast","floor":8.0,"key":"SMITH"},{"data":"Auto Shields","floor":15.0,"key":"SMITH"},{"data":"Defragment","floor":24.0,"key":"SMITH"},{"floor":27.0,"key":"REST"},{"floor":32.0,"key":"REST"}],"neow_cost":"","seed_source_timestamp":0,"circlet_count":0,"master_deck":["Defend_B","Defend_B","Defend_B","Zap","Dualcast+1","Heatsinks","Conserve Battery","Static Discharge+1","Auto Shields+1","Amplify","Ball Lightning","Turbo+1","Ball Lightning+1","Storm+1","Tempest","Defragment+1","Static Discharge+1","Undo","Turbo+1","Hologram","Apotheosis+1","Seek","Decay"],"special_seed":17890,"relics":["Cursed Key","Darkstone Periapt","Unceasing Top","Dodecahedron","Astrolabe","Nloth\u0027s Gift","Shuriken","Busted Crown","Vajra"],"potions_floor_usage":[40,41],"damage_taken":[{"damage":1.0,"enemies":"Cultist","floor":1.0,"turns":3.0},{"damage":0.0,"enemies":"2 Louse","floor":2.0,"turns":2.0},{"damage":3.0,"enemies":"Small Slimes","floor":3.0,"turns":3.0},{"damage":5.0,"enemies":"Looter","floor":4.0,"turns":3.0},{"damage":24.0,"enemies":"Gremlin Gang","floor":7.0,"turns":5.0},{"damage":3.0,"enemies":"3 Louse","floor":10.0,"turns":4.0},{"damage":25.0,"enemies":"Gremlin Nob","floor":13.0,"turns":5.0},{"damage":2.0,"enemies":"Large Slime","floor":14.0,"turns":7.0},{"damage":8.0,"enemies":"The Guardian","floor":16.0,"turns":10.0},{"damage":4.0,"enemies":"Spheric Guardian","floor":18.0,"turns":3.0},{"damage":9.0,"enemies":"3 Byrds","floor":21.0,"turns":4.0},{"damage":14.0,"enemies":"Centurion and Healer","floor":22.0,"turns":6.0},{"damage":24.0,"enemies":"Gremlin Leader","floor":23.0,"turns":5.0},{"damage":10.0,"enemies":"Snake Plant","floor":25.0,"turns":2.0},{"damage":14.0,"enemies":"Shelled Parasite and Fungi","floor":28.0,"turns":5.0},{"damage":3.0,"enemies":"Snecko","floor":29.0,"turns":4.0},{"damage":7.0,"enemies":"3 Cultists","floor":31.0,"turns":3.0},{"damage":28.0,"enemies":"Champ","floor":33.0,"turns":8.0},{"damage":15.0,"enemies":"3 Darklings","floor":35.0,"turns":3.0},{"damage":5.0,"enemies":"Orb Walker","floor":37.0,"turns":2.0},{"damage":16.0,"enemies":"3 Darklings","floor":38.0,"turns":3.0},{"damage":29,"enemies":"Nemesis","floor":40,"turns":3},{"damage":37,"enemies":"4 Shapes","floor":41,"turns":3}],"seed_played":"-1417837412704543464","potions_obtained":[{"floor":4.0,"key":"Poison Potion"},{"floor":7.0,"key":"Weak Potion"},{"floor":10.0,"key":"SpeedPotion"},{"floor":14.0,"key":"FearPotion"},{"floor":22.0,"key":"AttackPotion"},{"floor":23.0,"key":"Dexterity Potion"},{"floor":25.0,"key":"Fire Potion"},{"floor":29.0,"key":"Weak Potion"},{"floor":37.0,"key":"AttackPotion"},{"floor":38.0,"key":"Dexterity Potion"}],"is_trial":false,"path_per_floor":["M","M","M","M","$","R","M","R","T","M","?","?","E","M","R","B",null,"M","?","?","M","M","E","R","M","T","R","M","M","$","M","R","B",null,"M","?","M","M","?","E","M"],"character_chosen":"DEFECT","items_purchased":["Static Discharge","Apotheosis"],"campfire_rested":2,"item_purchase_floors":[5,30],"current_hp_per_floor":[74,74,71,66,66,66,42,42,48,45,45,65,40,38,38,36,87,83,83,83,74,60,36,36,26,26,52,38,35,35,28,54,32,93,78,78,73,57,57,28,0],"gold":192,"neow_bonus":"","is_prod":false,"is_daily":true,"chose_seed":false,"campfire_upgraded":4,"win_rate":0,"timestamp":1545698541,"path_taken":["M","?","M","M","$","R","M","R","T","M","?","?","E","M","R","BOSS","M","?","?","?","M","E","R","M","T","R","M","M","$","M","R","BOSS","M","?","M","M","?","E","M"],"build_version":"2018-12-20","purchased_purges":2,"victory":false,"max_hp_per_floor":[75,75,75,75,75,75,75,75,81,81,81,81,81,81,81,87,87,87,87,87,87,87,87,87,87,87,87,87,87,87,87,87,93,93,93,93,93,93,93,93,93],"card_choices":[{"not_picked":["Rebound","Compile Driver"],"picked":"SKIP","floor":1.0},{"not_picked":["Rebound"],"picked":"Heatsinks","floor":2.0},{"not_picked":["Leap"],"picked":"Conserve Battery","floor":3.0},{"not_picked":["Sweeping Beam","Blizzard"],"picked":"SKIP","floor":4.0},{"not_picked":["Redo"],"picked":"Auto Shields","floor":7.0},{"not_picked":["Gash"],"picked":"Amplify","floor":10.0},{"not_picked":["Blizzard","Scrape"],"picked":"SKIP","floor":13.0},{"not_picked":["Turbo"],"picked":"Ball Lightning","floor":14.0},{"not_picked":["Rebound","Rip and Tear"],"picked":"SKIP","floor":18.0},{"not_picked":["Fusion+1"],"picked":"Defragment","floor":21.0},{"not_picked":["Compile Driver"],"picked":"Static Discharge+1","floor":22.0},{"not_picked":["Redo","Go for the Eyes"],"picked":"SKIP","floor":23.0},{"not_picked":["Go for the Eyes"],"picked":"Undo","floor":25.0},{"not_picked":["Turbo+1","Sweeping Beam"],"picked":"SKIP","floor":28.0},{"not_picked":["Turbo+1","Sweeping Beam"],"picked":"SKIP","floor":28.0},{"not_picked":["Sweeping Beam"],"picked":"Turbo+1","floor":28.0},{"not_picked":["Go for the Eyes"],"picked":"Hologram","floor":29.0},{"not_picked":["Heatsinks"],"picked":"Seek","floor":31.0}],"player_experience":336020,"relics_obtained":[{"floor":9.0,"key":"Unceasing Top"},{"floor":13.0,"key":"Dodecahedron"},{"floor":23.0,"key":"Shuriken"},{"floor":40,"key":"Vajra"}],"event_choices":[{"cards_removed":["Doubt"],"damage_healed":0.0,"max_hp_gain":0.0,"max_hp_loss":0.0,"gold_gain":0.0,"event_name":"Living Wall","player_choice":"Forget","floor":11.0,"gold_loss":0.0,"damage_taken":0.0},{"damage_healed":20.0,"max_hp_gain":0.0,"max_hp_loss":0.0,"gold_gain":0.0,"event_name":"The Cleric","player_choice":"Healed","floor":12.0,"gold_loss":35.0,"damage_taken":0.0},{"damage_healed":0.0,"max_hp_gain":0.0,"max_hp_loss":0.0,"gold_gain":0.0,"event_name":"The Library","player_choice":"Read","floor":19.0,"gold_loss":0.0,"damage_taken":0.0,"cards_obtained":["Tempest"]},{"damage_healed":0.0,"max_hp_gain":0.0,"max_hp_loss":0.0,"gold_gain":0.0,"event_name":"N\u0027loth","player_choice":"Traded Relic","floor":20.0,"relics_lost":["Du-Vu Doll"],"gold_loss":0.0,"damage_taken":0.0,"relics_obtained":["Nloth\u0027s Gift"]},{"cards_removed":["Defend_B"],"damage_healed":0.0,"max_hp_gain":0.0,"max_hp_loss":0.0,"gold_gain":0.0,"event_name":"Falling","player_choice":"Removed Skill","floor":36.0,"gold_loss":0.0,"damage_taken":0.0},{"damage_healed":0.0,"max_hp_gain":0.0,"max_hp_loss":0.0,"gold_gain":0.0,"event_name":"Upgrade Shrine","player_choice":"Upgraded","floor":39.0,"gold_loss":0.0,"damage_taken":0.0,"cards_upgraded":["Apotheosis"]}],"is_beta":false,"boss_relics":[{"not_picked":["Velvet Choker","White Beast Statue"],"picked":"Astrolabe"},{"not_picked":["Nuclear Battery","Calling Bell"],"picked":"Busted Crown"}],"items_purged_floors":[5,30],"is_endless":false,"potions_floor_spawned":[4,7,10,14,22,23,25,29,37,38],"killed_by":"4 Shapes","ascension_level":0}