{"gold_per_floor":[116,116,134,148,148,148,160,179,179,195,195,95,107,122,122,219,219,229,229,229,90,108,108,122,98,145,145,155,155,155,170,170,170],"floor_reached":33,"playtime":1408,"items_purged":["Strike_R","Strike_R"],"score":241,"play_id":"5166f9c4-17a0-4fb6-a8bd-e7bc33552881","local_time":"20190913211051","is_ascension_mode":false,"campfire_choices":[{"data":"Flex","floor":6,"key":"SMITH"},{"data":"Entrench","floor":11,"key":"SMITH"},{"data":"Entrench","floor":15,"key":"SMITH"},{"data":"Shockwave","floor":23,"key":"SMITH"},{"data":"Double Tap","floor":27,"key":"SMITH"},{"floor":29,"key":"REST"},{"floor":32,"key":"REST"}],"neow_cost":"NONE","seed_source_timestamp":2392793178730200,"circlet_count":0,"master_deck":["Strike_R","Strike_R","Defend_R","Defend_R","Defend_R","Bash","Bludgeon+1","Flex+1","Thunderclap","Clash","Entrench+1","Entrench+1","Clash","Double Tap+1","Shockwave+1","Sentinel","Ghostly Armor","Havoc+1","Clash+1","Intimidate+1"],"relics":["Burning Blood"],"potions_floor_usage":[13,14,16,16,22,22,31],"damage_taken":[{"damage":5,"enemies":"Small Slimes","floor":1,"turns":2},{"damage":0,"enemies":"2 Louse","floor":3,"turns":3},{"damage":11,"enemies":"Jaw Worm","floor":4,"turns":2},{"damage":12,"enemies":"Blue Slaver","floor":7,"turns":2},{"damage":28,"enemies":"Gremlin Gang","floor":8,"turns":8},{"damage":0,"enemies":"Red Slaver","floor":10,"turns":1},{"damage":0,"enemies":"Blue Slaver","floor":13,"turns":2},{"damage":0,"enemies":"Gremlin Gang","floor":14,"turns":1},{"damage":24,"enemies":"Slime Boss","floor":16,"turns":10},{"damage":44,"enemies":"Spheric Guardian","floor":18,"turns":6},{"damage":3,"enemies":"3 Byrds","floor":22,"turns":6},{"damage":27,"enemies":"Centurion and Healer","floor":24,"turns":9},{"damage":42,"enemies":"Shelled Parasite and Fungi","floor":28,"turns":8},{"damage":0,"enemies":"Snecko","floor":31,"turns":2},{"damage":71,"enemies":"Champ","floor":33,"turns":12}],"seed_played":"-6622217748740808655","potions_obtained":[{"floor":3,"key":"GamblersBrew"},{"floor":8,"key":"Block Potion"},{"floor":10,"key":"Explosive Potion"},{"floor":13,"key":"Poison Potion"},{"floor":16,"key":"EssenceOfSteel"},{"floor":18,"key":"Weak Potion"},{"floor":28,"key":"AttackPotion"}],"is_trial":false,"path_per_floor":["M","?","M","M","?","R","M","M","T","M","R","$","M","M","R","B",null,"M","?","?","$","M","R","M","$","T","R","M","R","?","M","R","B"],"character_chosen":"IRONCLAD","items_purchased":["Clash","Sentinel","Havoc"],"campfire_rested":2,"item_purchase_floors":[12,21,25],"current_hp_per_floor":[80,73,79,74,74,74,68,46,46,52,52,52,58,64,64,46,80,42,68,68,68,71,71,50,50,50,50,14,38,38,44,68,0],"gold":170,"neow_bonus":"ONE_RANDOM_RARE_CARD","is_prod":false,"is_daily":false,"chose_seed":false,"campfire_upgraded":5,"win_rate":0,"timestamp":1568423451,"path_taken":["M","?","M","M","?","R","M","M","T","M","R","$","M","M","R","BOSS","M","?","?","$","?","R","M","?","T","R","?","R","?","M","R","BOSS"],"build_version":"2019-07-17","purchased_purges":2,"victory":false,"max_hp_per_floor":[80,80,80,80,80,80,80,80,80,80,80,80,80,80,80,80,80,80,80,80,80,80,80,80,80,80,80,80,80,80,80,80,80],"card_choices":[{"not_picked":["Heavy Blade","Battle Trance"],"picked":"Flex","floor":1},{"not_picked":["Wild Strike","Sword Boomerang"],"picked":"Thunderclap","floor":3},{"not_picked":["Metallicize","Clothesline"],"picked":"Clash","floor":4},{"not_picked":["Thunderclap","Reaper"],"picked":"Entrench","floor":7},{"not_picked":["Power Through","True Grit"],"picked":"Entrench","floor":8},{"not_picked":["Rampage","Twin Strike","Pummel"],"picked":"SKIP","floor":10},{"not_picked":["Bloodletting","Feel No Pain","Clothesline"],"picked":"SKIP","floor":13},{"not_picked":["Heavy Blade","Combust","Perfected Strike"],"picked":"SKIP","floor":14},{"not_picked":["Bludgeon","Dark Embrace"],"picked":"Double Tap","floor":16},{"not_picked":["Headbutt","Havoc+1"],"picked":"Shockwave","floor":18},{"not_picked":["Wild Strike+1","Uppercut","Headbutt+1"],"picked":"SKIP","floor":22},{"not_picked":["Sword Boomerang","Thunderclap"],"picked":"Ghostly Armor","floor":24},{"not_picked":["Clothesline","Disarm+1"],"picked":"Clash+1","floor":28},{"not_picked":["Twin Strike","Pommel Strike+1"],"picked":"Intimidate+1","floor":31}],"player_experience":412080,"relics_obtained":[],"event_choices":[{"cards_removed":["Strike_R"],"damage_healed":0,"gold_gain":0,"player_choice":"Card Removal","damage_taken":7,"max_hp_gain":0,"max_hp_loss":0,"event_name":"Golden Wing","floor":2,"gold_loss":0},{"damage_healed":0,"gold_gain":0,"player_choice":"Grow","damage_taken":0,"max_hp_gain":0,"max_hp_loss":0,"event_name":"Living Wall","floor":5,"gold_loss":0,"cards_upgraded":["Bludgeon"]},{"damage_healed":26,"gold_gain":0,"player_choice":"Heal","damage_taken":0,"max_hp_gain":0,"max_hp_loss":0,"event_name":"The Library","floor":19,"gold_loss":0},{"cards_removed":["Defend_R"],"damage_healed":0,"gold_gain":0,"player_choice":"Offered Basic","damage_taken":0,"max_hp_gain":0,"max_hp_loss":0,"event_name":"Bonfire Elementals","floor":20,"gold_loss":0},{"damage_healed":0,"gold_gain":0,"player_choice":"Upgraded","damage_taken":0,"max_hp_gain":0,"max_hp_loss":0,"event_name":"Upgrade Shrine","floor":30,"gold_loss":0,"cards_upgraded":["Havoc"]}],"is_beta":false,"boss_relics":[{"not_picked":["Mark of Pain","Empty Cage","Eternal Feather"]}],"items_purged_floors":[12,21],"is_endless":false,"potions_floor_spawned":[3,8,10,13,16,18,28],"killed_by":"Champ","ascension_level":0}