{"gold_per_floor":[109,126,51,67,87,87,87,87,135,135,35,51,51,71,71,175,175,188,188,215,215,215,229,245,259,259,259,134,134,134,152,152,152],"floor_reached":33,"playtime":1043,"items_purged":["Defend_R","Strike_R","Strike_R"],"score":237,"play_id":"0d0dd807-1dbb-4370-aca0-78db3c5b99a4","local_time":"20190914134115","is_ascension_mode":false,"campfire_choices":[{"data":"Armaments","floor":6,"key":"SMITH"},{"data":"Whirlwind","floor":15,"key":"SMITH"},{"floor":27,"key":"REST"},{"floor":29,"key":"REST"},{"floor":32,"key":"REST"}],"neow_cost":"NONE","seed_source_timestamp":2452583326732100,"circlet_count":0,"master_deck":["Strike_R+1","Defend_R","Bash+1","Armaments+1","Whirlwind+1","Impervious","Flex","Twin Strike","Shrug It Off","Sword Boomerang"],"relics":["Burning Blood"],"potions_floor_usage":[16,16,23,23],"damage_taken":[{"damage":11,"enemies":"2 Louse","floor":1,"turns":2},{"damage":4,"enemies":"Small Slimes","floor":2,"turns":5},{"damage":1,"enemies":"Cultist","floor":4,"turns":3},{"damage":6,"enemies":"Blue Slaver","floor":5,"turns":7},{"damage":2,"enemies":"Exordium Wildlife","floor":12,"turns":4},{"damage":5,"enemies":"Looter","floor":14,"turns":4},{"damage":10,"enemies":"Slime Boss","floor":16,"turns":6},{"damage":20,"enemies":"2 Thieves","floor":18,"turns":3},{"damage":38,"enemies":"Shell Parasite","floor":23,"turns":5},{"damage":23,"enemies":"3 Cultists","floor":24,"turns":4},{"damage":32,"enemies":"Sentry and Sphere","floor":25,"turns":6},{"damage":28,"enemies":"Shelled Parasite and Fungi","floor":31,"turns":6},{"damage":91,"enemies":"Automaton","floor":33,"turns":10}],"seed_played":"8549805084547593062","potions_obtained":[{"floor":1,"key":"BloodPotion"},{"floor":5,"key":"SteroidPotion"},{"floor":12,"key":"Fire Potion"},{"floor":18,"key":"AttackPotion"}],"is_trial":false,"path_per_floor":["M","M","$","M","M","R","?","?","T","?","$","M","?","M","R","B",null,"M","?","T","?","?","M","M","M","T","R","$","R","?","M","R","B"],"character_chosen":"IRONCLAD","items_purchased":[],"campfire_rested":3,"item_purchase_floors":[],"current_hp_per_floor":[83,85,85,88,88,88,88,88,88,88,88,88,70,71,71,67,88,74,74,74,74,74,64,47,21,21,47,47,73,73,51,77,0],"gold":152,"neow_bonus":"TEN_PERCENT_HP_BONUS","is_prod":false,"is_daily":false,"chose_seed":false,"campfire_upgraded":2,"win_rate":0,"timestamp":1568482875,"path_taken":["M","M","$","M","M","R","?","?","T","?","$","?","?","M","R","BOSS","M","?","?","?","?","M","M","M","T","R","$","R","?","M","R","BOSS"],"build_version":"2019-07-17","purchased_purges":3,"victory":false,"max_hp_per_floor":[88,88,88,88,88,88,88,88,88,88,88,88,88,88,88,88,88,88,88,88,88,88,88,88,88,88,88,88,88,88,88,88,88],"card_choices":[{"not_picked":["Uppercut","Twin Strike"],"picked":"Armaments","floor":1},{"not_picked":["Evolve","Wild Strike"],"picked":"Whirlwind","floor":2},{"not_picked":["Armaments","Headbutt","Twin Strike"],"picked":"SKIP","floor":4},{"not_picked":["True Grit","Warcry","Headbutt"],"picked":"SKIP","floor":5},{"not_picked":["Warcry","Headbutt","Dropkick"],"picked":"SKIP","floor":12},{"not_picked":["Burning Pact","Headbutt","Warcry"],"picked":"SKIP","floor":14},{"not_picked":["Brutality","Juggernaut"],"picked":"Impervious","floor":16},{"not_picked":["Wild Strike+1","Corruption"],"picked":"Flex","floor":18},{"not_picked":["Power Through","Infernal Blade","Pommel Strike"],"picked":"SKIP","floor":23},{"not_picked":["Pommel Strike+1","Warcry+1","Cleave"],"picked":"SKIP","floor":24},{"not_picked":["Impervious","Fire Breathing","Dual Wield+1"],"picked":"SKIP","floor":25},{"not_picked":["Uppercut","Cleave","Reckless Charge"],"picked":"SKIP","floor":31}],"player_experience":446671,"relics_obtained":[],"event_choices":[{"damage_healed":0,"gold_gain":0,"player_choice":"Ignored","damage_taken":0,"max_hp_gain":0,"max_hp_loss":0,"event_name":"Liars Game","floor":7,"gold_loss":0},{"damage_healed":0,"gold_gain":0,"player_choice":"Ignored","damage_taken":0,"max_hp_gain":0,"max_hp_loss":0,"event_name":"Golden Idol","floor":8,"gold_loss":0},{"damage_healed":0,"gold_gain":0,"player_choice":"Leave","damage_taken":0,"max_hp_gain":0,"max_hp_loss":0,"event_name":"FaceTrader","floor":10,"gold_loss":0},{"damage_healed":0,"gold_gain":0,"player_choice":"Entered Light","damage_taken":18,"max_hp_gain":0,"max_hp_loss":0,"event_name":"Shining Light","floor":13,"gold_loss":0,"cards_upgraded":["Bash","Strike_R"]},{"cards_removed":["Strike_R"],"damage_healed":0,"gold_gain":0,"player_choice":"Elegance","damage_taken":0,"max_hp_gain":0,"max_hp_loss":0,"event_name":"Back to Basics","floor":19,"gold_loss":0},{"damage_healed":0,"gold_gain":0,"cards_transformed":["Defend_R","Strike_R"],"player_choice":"Became Test Subject","damage_taken":0,"max_hp_gain":0,"max_hp_loss":0,"event_name":"Drug Dealer","floor":21,"gold_loss":0,"cards_obtained":["Twin Strike","Shrug It Off"]},{"damage_healed":0,"gold_gain":0,"player_choice":"Read","damage_taken":0,"max_hp_gain":0,"max_hp_loss":0,"event_name":"The Library","floor":22,"gold_loss":0,"cards_obtained":["Sword Boomerang"]},{"cards_removed":["Defend_R"],"damage_healed":0,"gold_gain":0,"player_choice":"Offered Basic","damage_taken":0,"max_hp_gain":0,"max_hp_loss":0,"event_name":"Bonfire Elementals","floor":30,"gold_loss":0}],"is_beta":false,"boss_relics":[{"not_picked":["Lizard Tail","Orrery","Mark of Pain"]}],"items_purged_floors":[3,11,28],"is_endless":false,"potions_floor_spawned":[1,5,12,18],"killed_by":"Automaton","ascension_level":0}