{"gold_per_floor":[116,191,209,384,35,64,64,98,179,193,264,279,310,275,275,275],"floor_reached":16,"playtime":708,"items_purged":["Doubt"],"score":229,"play_id":"84d8b169-866d-4627-b449-c8bcd261cb7b","local_time":"20190825135411","is_ascension_mode":true,"campfire_choices":[{"data":"Zap","floor":7,"key":"SMITH"},{"data":"Loop","floor":15,"key":"SMITH"}],"neow_cost":"NONE","seed_source_timestamp":683177151946719,"circlet_count":0,"master_deck":["AscendersBane","Strike_B","Strike_B","Strike_B","Strike_B","Defend_B","Defend_B","Defend_B","Defend_B","Zap+1","Dualcast","Conserve Battery","Sweeping Beam","Turbo","Melter","Leap","Glacier","Biased Cognition","Loop+1","Go for the Eyes"],"relics":["Cracked Core","NeowsBlessing","Anchor","Vajra","Happy Flower","Kunai","Boot"],"potions_floor_usage":[13],"damage_taken":[{"damage":0,"enemies":"Jaw Worm","floor":1,"turns":1},{"damage":0,"enemies":"2 Louse","floor":3,"turns":1},{"damage":0,"enemies":"Lagavulin","floor":6,"turns":1},{"damage":21,"enemies":"Gremlin Nob","floor":8,"turns":4},{"damage":0,"enemies":"Small Slimes","floor":10,"turns":3},{"damage":0,"enemies":"Blue Slaver","floor":12,"turns":3},{"damage":19,"enemies":"Lagavulin","floor":13,"turns":9},{"damage":36,"enemies":"The Guardian","floor":16,"turns":2}],"seed_played":"-8540778954497198797","potions_obtained":[{"floor":6,"key":"SpeedPotion"},{"floor":10,"key":"Block Potion"}],"is_trial":false,"path_per_floor":["M","?","M","?","$","E","R","E","T","M","?","M","E","?","R","B"],"character_chosen":"DEFECT","items_purchased":["Anchor","Turbo","Melter"],"campfire_rested":0,"item_purchase_floors":[5,5,5],"current_hp_per_floor":[68,57,57,57,57,57,57,36,36,36,36,36,17,35,35,0],"gold":275,"neow_bonus":"THREE_ENEMY_KILL","is_prod":false,"is_daily":false,"chose_seed":false,"campfire_upgraded":2,"win_rate":0,"timestamp":1566755651,"path_taken":["M","?","M","?","?","E","R","E","T","?","?","M","E","?","R","BOSS"],"build_version":"2019-07-17","purchased_purges":1,"victory":false,"max_hp_per_floor":[75,75,75,75,75,75,75,75,75,75,75,75,75,75,75,75],"card_choices":[{"not_picked":["Redo","Coolheaded"],"picked":"Conserve Battery","floor":1},{"not_picked":["Force Field","Redo"],"picked":"Sweeping Beam","floor":3},{"not_picked":["Conserve Battery","Blizzard"],"picked":"Leap","floor":6},{"not_picked":["Conserve Battery","Compile Driver"],"picked":"Glacier","floor":8},{"not_picked":["Sweeping Beam","Go for the Eyes"],"picked":"Biased Cognition","floor":10},{"not_picked":["Redo","Defragment"],"picked":"Loop","floor":12},{"not_picked":["Turbo","Rainbow"],"picked":"Go for the Eyes","floor":13}],"player_experience":491765,"relics_obtained":[{"floor":6,"key":"Vajra"},{"floor":8,"key":"Happy Flower"},{"floor":9,"key":"Kunai"},{"floor":13,"key":"Boot"}],"event_choices":[{"damage_healed":0,"gold_gain":75,"player_choice":"Gather Gold","damage_taken":11,"max_hp_gain":0,"max_hp_loss":0,"event_name":"World of Goop","floor":2,"gold_loss":0},{"damage_healed":0,"gold_gain":175,"player_choice":"AGREE","damage_taken":0,"max_hp_gain":0,"max_hp_loss":0,"event_name":"Liars Game","floor":4,"gold_loss":0,"cards_obtained":["Doubt"]},{"damage_healed":0,"gold_gain":71,"player_choice":"Gained Gold","damage_taken":0,"max_hp_gain":0,"max_hp_loss":0,"event_name":"Golden Wing","floor":11,"gold_loss":0},{"damage_healed":18,"gold_gain":0,"player_choice":"Healed","damage_taken":0,"max_hp_gain":0,"max_hp_loss":0,"event_name":"The Cleric","floor":14,"gold_loss":35}],"is_beta":false,"boss_relics":[],"items_purged_floors":[5],"is_endless":false,"potions_floor_spawned":[6,10,12],"killed_by":"The Guardian","ascension_level":12}