{"gold_per_floor":[117,132,151,76,94,94,105,119,119,131,150,150,150,162,162,162],"floor_reached":16,"playtime":572,"items_purged":["Strike_R"],"score":98,"play_id":"b410163b-bfad-4bb5-9d01-66d1c4699b1d","local_time":"20190914204349","is_ascension_mode":false,"campfire_choices":[{"data":"Body Slam","floor":6,"key":"SMITH"},{"data":"Body Slam","floor":15,"key":"SMITH"}],"neow_cost":"NONE","seed_source_timestamp":2478407710653300,"circlet_count":0,"master_deck":["Strike_R","Strike_R","Strike_R","Strike_R","Defend_R","Defend_R","Defend_R","Defend_R","Bash","Body Slam+1","Body Slam+1","Parasite"],"relics":["Velvet Choker"],"potions_floor_usage":[2,7,10,16,16],"damage_taken":[{"damage":0,"enemies":"Cultist","floor":1,"turns":3},{"damage":0,"enemies":"Jaw Worm","floor":2,"turns":1},{"damage":2,"enemies":"2 Louse","floor":3,"turns":3},{"damage":2,"enemies":"Blue Slaver","floor":5,"turns":4},{"damage":0,"enemies":"2 Fungi Beasts","floor":7,"turns":3},{"damage":6,"enemies":"3 Louse","floor":8,"turns":3},{"damage":6,"enemies":"Exordium Wildlife","floor":10,"turns":2},{"damage":0,"enemies":"Looter","floor":11,"turns":2},{"damage":7,"enemies":"Gremlin Gang","floor":14,"turns":5},{"damage":75,"enemies":"Slime Boss","floor":16,"turns":9}],"seed_played":"-2984668116506093736","potions_obtained":[{"floor":1,"key":"SteroidPotion"},{"floor":5,"key":"Fire Potion"},{"floor":7,"key":"SpeedPotion"},{"floor":8,"key":"AttackPotion"},{"floor":14,"key":"SteroidPotion"}],"is_trial":false,"path_per_floor":["M","M","M","$","M","R","M","M","T","M","M","?","?","M","R","B"],"character_chosen":"IRONCLAD","items_purchased":[],"campfire_rested":0,"item_purchase_floors":[],"current_hp_per_floor":[80,80,78,78,76,76,76,70,70,64,64,80,80,73,73,0],"gold":162,"neow_bonus":"BOSS_RELIC","is_prod":false,"is_daily":false,"chose_seed":false,"campfire_upgraded":2,"win_rate":0,"timestamp":1568508229,"path_taken":["M","M","M","$","M","R","M","M","T","M","?","?","?","M","R","BOSS"],"build_version":"2019-07-17","purchased_purges":1,"victory":false,"max_hp_per_floor":[80,80,80,80,80,80,80,80,80,80,80,80,80,80,80,80],"card_choices":[{"not_picked":["Sentinel","Wild Strike","Uppercut"],"picked":"SKIP","floor":1},{"not_picked":["Anger","True Grit","Heavy Blade"],"picked":"SKIP","floor":2},{"not_picked":["Combust","Cleave","Wild Strike"],"picked":"SKIP","floor":3},{"not_picked":["Havoc","Bludgeon"],"picked":"Body Slam","floor":5},{"not_picked":["Anger","Armaments","Thunderclap"],"picked":"SKIP","floor":7},{"not_picked":["Iron Wave","Twin Strike","Fiend Fire"],"picked":"SKIP","floor":8},{"not_picked":["Sword Boomerang","Reckless Charge","Heavy Blade"],"picked":"SKIP","floor":10},{"not_picked":["Flex","Heavy Blade"],"picked":"Body Slam","floor":11},{"not_picked":["Thunderclap","Flex","Warcry"],"picked":"SKIP","floor":14}],"player_experience":465397,"relics_obtained":[],"event_choices":[{"damage_healed":20,"gold_gain":0,"player_choice":"Healed and dodged fight","damage_taken":0,"max_hp_gain":0,"max_hp_loss":0,"event_name":"Mushrooms","floor":12,"gold_loss":0,"cards_obtained":["Parasite"]},{"damage_healed":0,"gold_gain":0,"player_choice":"Searched \u00270\u0027 times","damage_taken":0,"max_hp_gain":0,"max_hp_loss":0,"event_name":"Dead Adventurer","floor":13,"gold_loss":0}],"is_beta":false,"boss_relics":[],"items_purged_floors":[4],"is_endless":false,"potions_floor_spawned":[1,5,7,8,14],"killed_by":"Slime Boss","ascension_level":0}