{"path_per_floor":["M","M","?","M","M","R","$","M","T","?","?","R","?","?","R","B",null,"M","M","$","?"],"character_chosen":"IRONCLAD","items_purchased":["Demon Form"],"gold_per_floor":[119,135,135,145,161,161,11,31,31,31,0,0,0,0,0,99,99,109,123,48,48,48],"floor_reached":22,"campfire_rested":1,"playtime":572,"current_hp_per_floor":[69,69,62,65,55,55,55,29,29,49,49,49,49,33,57,7,62,57,39,39,39,0],"items_purged":["Strike_R"],"gold":48,"score":235,"play_id":"5b33a0d8-783a-49cc-9447-7f33b5d02d5d","local_time":"20180403125501","is_prod":false,"is_daily":false,"is_ascension_mode":true,"campfire_upgraded":2,"timestamp":1522774501,"path_taken":["M","M","?","M","?","R","$","M","T","?","?","R","?","?","R","BOSS","M","M","$","?","M"],"build_version":"2018-03-29v2","purchased_purges":1,"victory":false,"master_deck":["Strike_R","Strike_R","Strike_R","Defend_R","Defend_R+1","Defend_R+1","Defend_R","Bash+1","Shrug It Off+1","Thunderclap+1","Shockwave","Demon Form","Headbutt","Parasite","Double Tap","Feel No Pain","Pummel","Decay"],"max_hp_per_floor":[80,80,80,80,80,80,80,80,80,80,80,80,80,80,80,80,80,80,80,80,80,80],"relics":["Black Blood","Juzu Bracelet"],"card_choices":[{"not_picked":["Havoc","True Grit"],"picked":"Shrug It Off","floor":2},{"not_picked":["Reckless Charge","Rage"],"picked":"Thunderclap","floor":4},{"not_picked":["Rupture","Warcry"],"picked":"Shockwave","floor":5},{"not_picked":["Cleave","Armaments"],"picked":"Headbutt","floor":8},{"not_picked":["Exhume","Bludgeon"],"picked":"Double Tap","floor":16},{"not_picked":["Twin Strike","Entrench"],"picked":"Feel No Pain","floor":18},{"not_picked":["Rage","Rampage"],"picked":"Pummel","floor":19}],"player_experience":292887,"potions_floor_usage":[],"damage_taken":[{"damage":9,"enemies":"Jaw Worm","floor":1,"turns":3},{"damage":6,"enemies":"Cultist","floor":2,"turns":4},{"damage":3,"enemies":"2 Louse","floor":4,"turns":4},{"damage":16,"enemies":"Large Slime","floor":5,"turns":6},{"damage":32,"enemies":"3 Louse","floor":8,"turns":6},{"damage":56,"enemies":"Hexaghost","floor":16,"turns":10},{"damage":15,"enemies":"3 Byrds","floor":18,"turns":6},{"damage":28,"enemies":"Chosen","floor":19,"turns":5},{"damage":39,"enemies":"3 Cultists","floor":22,"turns":4}],"event_choices":[{"event_name":"Golden Wing","player_choice":"Card Removal","floor":3,"damage_taken":0},{"event_name":"Mushrooms","player_choice":"Healed and dodged fight","floor":10,"damage_taken":0},{"event_name":"World of Goop","player_choice":"Left","floor":11,"damage_taken":0},{"event_name":"Liars Game","player_choice":"disagreed","floor":13,"damage_taken":0},{"event_name":"Shining Light","player_choice":"Entered Light","floor":14,"damage_taken":0},{"event_name":"Forgotten Altar","player_choice":"Smashed Altar","floor":21,"damage_taken":0}],"boss_relics":[{"not_picked":["White Beast Statue","Tiny House"],"picked":"Black Blood"}],"potions_floor_spawned":[1],"seed_played":"-413725868029736438","killed_by":"3 Cultists","ascension_level":7,"is_trial":false}