{"path_per_floor":["M","M","M","?","M","R","?","R","T","E","R","?","M","M","R","B",null,"M","$","M","?","?","R"],"character_chosen":"IRONCLAD","items_purchased":["Apotheosis"],"gold_per_floor":[113,132,148,148,168,168,133,133,157,191,191,191,206,230,230,361,399,419,143,166,166,216,216,216],"floor_reached":24,"campfire_rested":2,"playtime":591,"current_hp_per_floor":[65,64,66,66,63,63,80,80,80,53,53,46,34,34,58,30,73,67,67,36,36,36,61,0],"items_purged":["Injury"],"gold":216,"score":265,"play_id":"c5ca258c-484b-4442-bfa0-46af10711dde","local_time":"20180410225222","is_prod":false,"is_daily":false,"is_ascension_mode":true,"campfire_upgraded":3,"timestamp":1523415142,"path_taken":["M","M","M","?","M","R","?","R","T","E","R","?","M","M","R","BOSS","M","$","M","?","?","R","E"],"build_version":"2018-04-05v2","purchased_purges":1,"victory":false,"master_deck":["Strike_R","Strike_R","Strike_R","Strike_R","Strike_R","Defend_R","Defend_R","Defend_R","Defend_R+1","Bash","Exhume+1","Infernal Blade+1","Hemokinesis","Shockwave+1","Uppercut+1","Barricade+1","Feed","Perfected Strike","Flex+1","Apotheosis","Flex+1"],"max_hp_per_floor":[80,80,80,80,80,80,80,80,80,80,80,80,80,80,80,80,85,85,85,85,85,85,85,85],"relics":["Burning Blood","Golden Idol","Pen Nib","War Paint","Bag of Preparation","Tiny House"],"card_choices":[{"not_picked":["Intimidate","Evolve"],"picked":"Infernal Blade","floor":1},{"not_picked":["Clothesline","Rampage"],"picked":"Hemokinesis","floor":2},{"not_picked":["Wild Strike","Twin Strike"],"picked":"Shockwave","floor":3},{"not_picked":["Twin Strike","Power Through"],"picked":"Uppercut","floor":5},{"not_picked":["Sever Soul","Armaments"],"picked":"Barricade","floor":10},{"not_picked":["Dark Embrace","Bludgeon"],"picked":"Feed","floor":16},{"not_picked":["Clash","Sword Boomerang"],"picked":"Perfected Strike","floor":17},{"not_picked":["Iron Wave","Feed"],"picked":"Flex","floor":18},{"not_picked":["Evolve","Battle Trance"],"picked":"Flex","floor":20}],"player_experience":335174,"potions_floor_usage":[24,24,24],"damage_taken":[{"damage":13,"enemies":"Small Slimes","floor":1,"turns":4},{"damage":7,"enemies":"2 Louse","floor":2,"turns":4},{"damage":4,"enemies":"Cultist","floor":3,"turns":3},{"damage":9,"enemies":"Looter","floor":5,"turns":2},{"damage":33,"enemies":"Lagavulin","floor":10,"turns":5},{"damage":18,"enemies":"Large Slime","floor":13,"turns":5},{"damage":6,"enemies":"2 Fungi Beasts","floor":14,"turns":3},{"damage":34,"enemies":"The Guardian","floor":16,"turns":10},{"damage":12,"enemies":"Chosen","floor":18,"turns":3},{"damage":37,"enemies":"2 Thieves","floor":20,"turns":4},{"damage":72,"enemies":"Gremlin Leader","floor":24,"turns":7}],"event_choices":[{"event_name":"Golden Idol","player_choice":"Take Wound","floor":4,"damage_taken":0},{"event_name":"The Cleric","player_choice":"Healed","floor":7,"damage_taken":0},{"event_name":"Scrap Ooze","player_choice":"success","floor":12,"damage_taken":7},{"event_name":"The Woman in Blue","player_choice":"Bought 0 Potions","floor":21,"damage_taken":0},{"event_name":"The Joust","player_choice":"Bet on Murderer","floor":22,"damage_taken":0}],"boss_relics":[{"not_picked":["Eternal Feather","Sozu"],"picked":"Tiny House"}],"potions_floor_spawned":[1,2,10,13,14,18],"seed_played":"3110125315760660186","killed_by":"Gremlin Leader","ascension_level":7,"is_trial":false}