{"gold_per_floor":[212,137,137,118,118,118,130,11,38,50,50,61,61,91,91,195,195,212,308,55,55,73,73,91,91,91,91,107,107,107,120,120,224,224,236,255,110,1109,667,695,715,715,766,786,786,786,786,786,786,786],"floor_reached":51,"playtime":1220,"items_purged":["Strike_R","Strike_R","Normality"],"score":746,"play_id":"874a3f31-4b3a-437b-8c64-aabf8537685f","local_time":"20190106213323","is_ascension_mode":false,"campfire_choices":[{"data":"Inflame","floor":11,"key":"SMITH"},{"data":"Whirlwind","floor":13,"key":"SMITH"},{"floor":15,"key":"REST"},{"data":"Sword Boomerang","floor":27,"key":"SMITH"},{"data":"hubris:StunningStrike","floor":32,"key":"SMITH"},{"data":"Demon Form","floor":42,"key":"SMITH"},{"data":"Inflame","floor":49,"key":"SMITH"}],"neow_cost":"NONE","seed_source_timestamp":863997273123629,"circlet_count":0,"master_deck":["Strike_R","Strike_R","Strike_R","Defend_R","Defend_R","Defend_R","Bash+1","infinitespire:OneForAll+1","Inflame+1","Twin Strike","Whirlwind+1","Shrug It Off","Sword Boomerang+1","hubris:StunningStrike+1","Anger","Shockwave","Sword Boomerang+1","Metallicize+1","Demon Form+1","Twin Strike+1","Reaper","Inflame+1","Madness","Madness"],"relics":["Burning Blood","hubris:SlimyHat","infinitespire:WardingShard","Juzu Bracelet","Omamori","Mark of Pain","Vajra","hubris:TenFootPole","Charon\u0027s Ashes","Thread and Needle","MutagenicStrength","infinitespire:Bottled Soul","Oddly Smooth Stone","Happy Flower","hubris:BottledRain"],"potions_floor_usage":[35,50,50],"damage_taken":[{"damage":3,"enemies":"2 Louse","floor":1,"turns":4},{"damage":11,"enemies":"Jaw Worm","floor":7,"turns":2},{"damage":10,"enemies":"Small Slimes","floor":10,"turns":2},{"damage":6,"enemies":"2 Fungi Beasts","floor":12,"turns":3},{"damage":21,"enemies":"Gremlin Nob","floor":14,"turns":4},{"damage":40,"enemies":"The Guardian","floor":16,"turns":11},{"damage":0,"enemies":"Chosen","floor":18,"turns":4},{"damage":0,"enemies":"3 Byrds","floor":22,"turns":5},{"damage":8,"enemies":"Snake Plant","floor":24,"turns":2},{"damage":2,"enemies":"Cultist and Chosen","floor":28,"turns":5},{"damage":5,"enemies":"Centurion and Healer","floor":31,"turns":5},{"damage":53,"enemies":"Automaton","floor":33,"turns":8},{"damage":0,"enemies":"Orb Walker","floor":35,"turns":1},{"damage":17,"enemies":"3 Shapes","floor":36,"turns":3},{"damage":38,"enemies":"Giant Head","floor":40,"turns":8},{"damage":0,"enemies":"Spire Growth","floor":41,"turns":3},{"damage":15,"enemies":"3 Darklings","floor":44,"turns":4},{"damage":80,"enemies":"Awakened One","floor":50,"turns":9}],"seed_played":"-6626667167299974272","potions_obtained":[{"floor":10,"key":"GamblersBrew"},{"floor":14,"key":"Fire Potion"},{"floor":18,"key":"Dexterity Potion"},{"floor":31,"key":"EssenceOfSteel"},{"floor":36,"key":"Regen Potion"}],"is_trial":false,"path_per_floor":["M","$","?","$","?","?","M","?","T","M","R","M","R","E","R","B",null,"M","?","$","?","M","?","M","?","T","R","M","?","$","M","R","B",null,"M","M","$","?","$","E","M","R","T","M","T","?","?","?","R","B",null],"character_chosen":"IRONCLAD","items_purchased":["Inflame","Twin Strike","Vajra","Reaper","infinitespire:Bottled Soul","Inflame"],"campfire_rested":1,"item_purchase_floors":[4,4,20,37,39,39],"current_hp_per_floor":[80,80,73,73,57,57,52,52,52,48,48,48,48,33,57,23,80,80,80,80,80,80,80,78,73,73,73,77,77,77,78,78,31,85,85,74,74,74,74,64,70,70,70,61,61,61,56,56,56,22],"gold":786,"neow_bonus":"HUNDRED_GOLD","is_prod":false,"is_daily":false,"chose_seed":false,"campfire_upgraded":6,"win_rate":0,"timestamp":1546828403,"path_taken":["M","$","?","$","?","?","?","?","T","M","R","M","R","E","R","BOSS","M","?","$","?","M","?","M","?","T","R","M","?","$","M","R","BOSS","M","M","$","?","$","E","M","R","T","M","?","?","?","?","R","BOSS"],"build_version":"2019-01-03v4","purchased_purges":3,"victory":true,"max_hp_per_floor":[80,80,80,80,80,80,80,80,80,80,80,80,80,80,80,80,80,80,80,80,80,80,80,80,85,85,85,85,85,85,85,85,85,85,85,85,85,85,85,85,85,85,85,85,85,85,85,85,85,85],"card_choices":[{"not_picked":["Sword Boomerang","Armaments"],"picked":"infinitespire:OneForAll","floor":1},{"not_picked":["Sword Boomerang","Disarm"],"picked":"Whirlwind","floor":7},{"not_picked":["Pommel Strike","Heavy Blade","Thunderclap"],"picked":"SKIP","floor":10},{"not_picked":["Heavy Blade","hubris:ReadiedAction"],"picked":"Shrug It Off","floor":12},{"not_picked":["Fire Breathing","Heavy Blade"],"picked":"Sword Boomerang","floor":14},{"not_picked":["Juggernaut","Exhume"],"picked":"hubris:StunningStrike","floor":16},{"not_picked":["Evolve","Iron Wave"],"picked":"Anger","floor":18},{"not_picked":["Perfected Strike+1","hubris:ReadiedAction"],"picked":"Sword Boomerang+1","floor":22},{"not_picked":["Fiend Fire","Sever Soul"],"picked":"Metallicize+1","floor":24},{"not_picked":["Fire Breathing+1","Battle Trance","Wild Strike"],"picked":"SKIP","floor":28},{"not_picked":["Burning Pact","Havoc","Hemokinesis+1"],"picked":"SKIP","floor":31},{"not_picked":["Bludgeon","hubris:StunningStrike"],"picked":"Demon Form","floor":33},{"not_picked":["Intimidate","Perfected Strike+1"],"picked":"Twin Strike+1","floor":35},{"not_picked":["Intimidate","Pommel Strike+1","Clothesline"],"picked":"SKIP","floor":36},{"not_picked":["Flex","Heavy Blade","hubris:StunningStrike"],"picked":"SKIP","floor":40},{"not_picked":["Heavy Blade+1","Shrug It Off","Second Wind+1"],"picked":"SKIP","floor":41},{"not_picked":["Heavy Blade+1","Shrug It Off","Second Wind+1"],"picked":"SKIP","floor":41},{"not_picked":["Thunderclap","Armaments+1","Heavy Blade"],"picked":"SKIP","floor":44}],"player_experience":547684,"relics_obtained":[{"floor":9,"key":"Juzu Bracelet"},{"floor":14,"key":"Omamori"},{"floor":26,"key":"Thread and Needle"},{"floor":40,"key":"Oddly Smooth Stone"},{"floor":43,"key":"Happy Flower"},{"floor":45,"key":"hubris:BottledRain"}],"event_choices":[{"damage_healed":0,"gold_gain":0,"player_choice":"Success","damage_taken":7,"relics_obtained":["hubris:SlimyHat"],"max_hp_gain":0,"max_hp_loss":0,"event_name":"Scrap Ooze","floor":3,"gold_loss":0},{"damage_healed":0,"gold_gain":0,"player_choice":"Entered Light","damage_taken":16,"max_hp_gain":0,"max_hp_loss":0,"event_name":"Shining Light","floor":5,"gold_loss":0,"cards_upgraded":["infinitespire:OneForAll","Bash"]},{"damage_healed":0,"gold_gain":0,"player_choice":"Ignored","damage_taken":0,"max_hp_gain":0,"max_hp_loss":0,"event_name":"NoteForYourself","floor":6,"gold_loss":0},{"damage_healed":0,"gold_gain":0,"player_choice":"Paid Gold","damage_taken":0,"relics_obtained":["infinitespire:WardingShard"],"max_hp_gain":0,"max_hp_loss":0,"event_name":"WeMeetAgain","floor":8,"gold_loss":119},{"damage_healed":0,"gold_gain":0,"player_choice":"Read","damage_taken":0,"max_hp_gain":0,"max_hp_loss":0,"event_name":"The Library","floor":19,"gold_loss":0,"cards_obtained":["Shockwave"]},{"damage_healed":0,"gold_gain":0,"player_choice":"Opened","damage_taken":0,"relics_obtained":["hubris:TenFootPole"],"max_hp_gain":0,"max_hp_loss":0,"event_name":"The Mausoleum","floor":21,"gold_loss":0},{"damage_healed":0,"gold_gain":0,"player_choice":"Stole Relic","damage_taken":0,"relics_obtained":["Charon\u0027s Ashes"],"max_hp_gain":0,"max_hp_loss":0,"event_name":"Addict","floor":23,"gold_loss":0,"cards_obtained":["Shame"]},{"damage_healed":0,"gold_gain":0,"player_choice":"Shed Blood","damage_taken":20,"max_hp_gain":5,"max_hp_loss":0,"event_name":"Forgotten Altar","floor":25,"gold_loss":0},{"damage_healed":0,"gold_gain":0,"player_choice":"Inject Mutagens","damage_taken":0,"relics_obtained":["MutagenicStrength"],"max_hp_gain":0,"max_hp_loss":0,"event_name":"Drug Dealer","floor":29,"gold_loss":0},{"damage_healed":0,"gold_gain":999,"player_choice":"Gold","damage_taken":0,"max_hp_gain":0,"max_hp_loss":0,"event_name":"MindBloom","floor":38,"gold_loss":0,"cards_obtained":["Normality","Normality"]},{"cards_removed":["Defend_R"],"damage_healed":0,"gold_gain":0,"player_choice":"Removed Skill","damage_taken":0,"max_hp_gain":0,"max_hp_loss":0,"event_name":"Falling","floor":46,"gold_loss":0},{"damage_healed":0,"gold_gain":0,"player_choice":"Embrace Madness","damage_taken":11,"max_hp_gain":0,"max_hp_loss":0,"event_name":"Winding Halls","floor":47,"gold_loss":0,"cards_obtained":["Madness","Madness"]}],"is_beta":false,"boss_relics":[{"not_picked":["Runic Pyramid","Astrolabe"],"picked":"Mark of Pain"},{"not_picked":[]}],"items_purged_floors":[2,20,39],"is_endless":false,"potions_floor_spawned":[10,14,18,22,31,33,36,44],"ascension_level":0}