{"path_per_floor":["M","M","?","$","M","E","R","M","T","$","R","M","?","M","R","B",null,"M","?","M","?","M","E","M","E","T","?","R","?","$","M","R"],"character_chosen":"THE_SILENT","items_purchased":["Dagger Throw","Noxious Fumes","Dash"],"gold_per_floor":[115,132,132,8,21,49,49,64,64,26,26,42,7,20,20,119,119,139,64,80,80,93,125,139,170,195,195,195,110,40,50,50],"floor_reached":33,"campfire_rested":4,"playtime":2002,"current_hp_per_floor":[70,69,74,74,69,37,59,59,59,59,59,59,75,57,75,61,75,69,69,55,55,37,4,2,1,1,1,23,23,23,12,35],"items_purged":["Strike_G"],"gold":50,"score":287,"play_id":"5dfe1176-384e-4aa1-aba8-6917128134a4","is_prod":false,"is_daily":false,"is_ascension_mode":false,"campfire_upgraded":1,"path_taken":["M","M","?","$","?","E","R","M","T","$","R","M","?","M","R","BOSS","M","?","M","?","M","E","M","E","T","?","R","?","$","M","R","BOSS"],"build_version":"2018-02-22-PROD2","purchased_purges":1,"victory":false,"master_deck":["Defend_G","Defend_G","Defend_G","Defend_G","Defend_G","Strike_G","Strike_G","Strike_G","Survivor","Neutralize+1","Dagger Throw","Well Laid Plans","Dagger Spray","Noxious Fumes+1","Flying Knee","Malaise","Backflip","Dagger Spray","Slice+1","Heel Hook+1","Bane","A Thousand Cuts","Doubt","Dash"],"max_hp_per_floor":[70,70,75,75,75,75,75,75,75,75,75,75,75,75,75,75,75,75,75,75,75,75,75,75,75,75,75,75,75,75,77,77],"relics":["Ring of the Snake","Shuriken","Juzu Bracelet","Cursed Key","Peace Pipe","Bag of Preparation","Singing Bowl","Smiling Mask"],"card_choices":[{"not_picked":["Blade Dance","Tools of the Trade"],"picked":"Well Laid Plans"},{"not_picked":["Blade Dance","Underhanded Strike"],"picked":"Dagger Spray"},{"not_picked":["Outmaneuver","Quick Slash"],"picked":"Flying Knee"},{"not_picked":["Underhanded Strike","Sucker Punch"],"picked":"Malaise"},{"not_picked":["Slice","Dagger Spray"],"picked":"Backflip"},{"not_picked":["Finisher","Slice"],"picked":"Dagger Spray"},{"not_picked":["Flying Knee","Calculated Gamble"],"picked":"Slice"},{"not_picked":["Riddle With Holes","Sucker Punch"],"picked":"Heel Hook"},{"not_picked":["Quick Slash","Catalyst"],"picked":"Bane"},{"not_picked":["Deflect","Bouncing Flask"],"picked":"A Thousand Cuts"}],"player_experience":155252,"potions_floor_usage":[20,25,25,25],"damage_taken":[{"damage":0,"enemies":"Jaw Worm","floor":1,"turns":4},{"damage":1,"enemies":"Cultist","floor":2,"turns":4},{"damage":5,"enemies":"Small Slimes","floor":5,"turns":4},{"damage":32,"enemies":"Gremlin Nob","floor":6,"turns":5},{"damage":0,"enemies":"Blue Slaver","floor":8,"turns":4},{"damage":0,"enemies":"Large Slime","floor":12,"turns":4},{"damage":18,"enemies":"Gremlin Gang","floor":14,"turns":3},{"damage":14,"enemies":"Hexaghost","floor":16,"turns":10},{"damage":6,"enemies":"Shell Parasite","floor":18,"turns":6},{"damage":20,"enemies":"Spheric Guardian","floor":20,"turns":6},{"damage":18,"enemies":"Snake Plant","floor":22,"turns":6},{"damage":33,"enemies":"Slavers","floor":23,"turns":5},{"damage":2,"enemies":"Cultist and Chosen","floor":24,"turns":7},{"damage":1,"enemies":"Book of Stabbing","floor":25,"turns":5},{"damage":13,"enemies":"Slaver and Parasite","floor":31,"turns":5},{"damage":47,"enemies":"Champ","floor":33,"turns":12}],"event_choices":[{"event_name":"Big Fish","player_choice":"Donut","floor":3,"damage_taken":0},{"event_name":"The Cleric","player_choice":"Healed","floor":13,"damage_taken":0},{"event_name":"Beggar","player_choice":"Gave Gold","floor":19,"damage_taken":0},{"event_name":"Drug Dealer","player_choice":"Ignored","floor":21,"damage_taken":0},{"event_name":"The Mausoleum","player_choice":"No","floor":27,"damage_taken":0},{"event_name":"Addict","player_choice":"Obtained Relic","floor":29,"damage_taken":0}],"boss_relics":[{"not_picked":["Astrolabe","Lizard Tail"],"picked":"Cursed Key"}],"potions_floor_spawned":[1,2,5,16,22,24,31],"seed_played":"-9001775866804368104","killed_by":"Champ","ascension_level":0,"is_trial":false}