{"path_per_floor":["M","?","?","?","$","E","?","E","T","M","R","M","E","M","R","B",null,"M","?","$","M","?","R","M","M","T","M","$","$","M","M","R"],"character_chosen":"IRONCLAD","items_purchased":["Evolve","Dexterity Potion","Pen Nib","Dexterity Potion"],"gold_per_floor":[117,117,117,117,42,72,72,102,126,136,136,149,181,200,200,295,295,305,305,188,204,204,204,223,236,236,253,105,56,70,81,81],"floor_reached":33,"campfire_rested":2,"playtime":2063,"current_hp_per_floor":[80,80,64,61,61,67,72,78,78,78,78,84,83,81,81,53,85,85,85,85,80,64,85,88,84,84,91,91,91,94,73,94],"items_purged":["Strike_R"],"gold":81,"score":333,"play_id":"133a255a-25fd-49da-b406-aa0fd2b93a0d","local_time":"20180312134427","is_prod":false,"is_daily":false,"is_ascension_mode":true,"campfire_upgraded":2,"timestamp":1520876667,"path_taken":["M","?","?","?","?","E","?","E","T","?","R","M","E","M","R","BOSS","M","?","$","M","?","R","M","M","T","M","?","$","M","M","R","BOSS"],"build_version":"2018-03-09","purchased_purges":1,"victory":false,"master_deck":["Strike_R+1","Strike_R+1","Strike_R+1","Defend_R+1","Defend_R+1","Defend_R+1","Defend_R+1","Bash","Pommel Strike+1","Flex+1","Ghostly Armor","Shrug It Off","Feed","Body Slam+1","Evolve","Body Slam","Wild Strike+1","Power Through"],"max_hp_per_floor":[80,80,80,80,80,80,85,85,85,85,85,85,85,85,85,85,85,85,85,85,85,85,85,88,88,88,91,91,91,94,94,94],"relics":["Burning Blood","NeowsBlessing","Art of War","Lantern","Bag of Marbles","Prayer Wheel","Happy Flower","Mark of Pain","Enchiridion","Gambling Chip","Pen Nib"],"card_choices":[{"not_picked":["Corruption","Iron Wave"],"picked":"Flex"},{"not_picked":["Rupture","Clothesline"],"picked":"Ghostly Armor"},{"not_picked":["Feel No Pain","Ghostly Armor"],"picked":"Shrug It Off"},{"not_picked":["Immolate","Dark Embrace"],"picked":"Feed"},{"not_picked":["Havoc","Blood for Blood"],"picked":"Body Slam"},{"not_picked":["Reckless Charge","Iron Wave"],"picked":"Body Slam"},{"not_picked":["Sentinel","Warcry"],"picked":"Wild Strike"},{"not_picked":["Uppercut","Sever Soul"],"picked":"Power Through"}],"player_experience":172522,"potions_floor_usage":[],"damage_taken":[{"damage":0,"enemies":"Small Slimes","floor":1,"turns":1},{"damage":0,"enemies":"Lagavulin","floor":6,"turns":1},{"damage":0,"enemies":"Gremlin Nob","floor":8,"turns":1},{"damage":6,"enemies":"Jaw Worm","floor":10,"turns":2},{"damage":0,"enemies":"2 Louse","floor":12,"turns":2},{"damage":7,"enemies":"3 Sentries","floor":13,"turns":12},{"damage":8,"enemies":"Red Slaver","floor":14,"turns":2},{"damage":34,"enemies":"The Guardian","floor":16,"turns":13},{"damage":3,"enemies":"Chosen","floor":18,"turns":5},{"damage":11,"enemies":"3 Byrds","floor":21,"turns":6},{"damage":4,"enemies":"3 Cultists","floor":24,"turns":4},{"damage":10,"enemies":"Chosen and Byrds","floor":25,"turns":7},{"damage":0,"enemies":"Centurion and Healer","floor":27,"turns":3},{"damage":1,"enemies":"3 Cultists","floor":30,"turns":4},{"damage":27,"enemies":"Cultist and Chosen","floor":31,"turns":5},{"damage":99,"enemies":"Collector","floor":33,"turns":11}],"event_choices":[{"event_name":"Living Wall","player_choice":"Change","floor":2,"damage_taken":0},{"event_name":"Shining Light","player_choice":"Entered Light","floor":3,"damage_taken":0},{"event_name":"Scrap Ooze","player_choice":"success","floor":4,"damage_taken":3},{"event_name":"Big Fish","player_choice":"Donut","floor":7,"damage_taken":0},{"event_name":"Back to Basics","player_choice":"Simplicity","floor":19,"damage_taken":0},{"event_name":"Cursed Tome","player_choice":"Obtained Book","floor":22,"damage_taken":0}],"boss_relics":[{"not_picked":["White Beast Statue","Astrolabe"],"picked":"Mark of Pain"}],"potions_floor_spawned":[6,8,12,16,25,27],"seed_played":"-4583252387338815626","killed_by":"Collector","ascension_level":1,"is_trial":false}