{"gold_per_floor":[211,224,237,15,25,56,56,72,72,72,72,72,247,247,247,370,370,395,408,408,408,431,464,126,145,145,181,181,96,96,96,96,215,215,234,247,3,23,38,38,38,62,89,89,89,89,120,45,45,45],"floor_reached":51,"playtime":8773,"items_purged":["Doubt"],"score":688,"play_id":"fd28d9a4-b412-48dc-b8e6-37be6aabb3b9","local_time":"20190912210123","is_ascension_mode":false,"campfire_choices":[{"floor":7,"key":"REST"},{"data":"Chill","floor":10,"key":"SMITH"},{"data":"Self Repair","floor":12,"key":"SMITH"},{"data":"Coolheaded","floor":15,"key":"SMITH"},{"floor":28,"key":"REST"},{"floor":30,"key":"REST"},{"data":"RitualDagger","floor":32,"key":"SMITH"},{"floor":40,"key":"REST"},{"floor":44,"key":"REST"},{"data":"Streamline","floor":49,"key":"SMITH"}],"neow_cost":"NONE","seed_source_timestamp":25166833540900,"circlet_count":0,"master_deck":["Strike_B","Strike_B","Strike_B","Defend_B","Defend_B","Defend_B","Zap","Dualcast","Streamline+1","Cold Snap","Coolheaded+1","Stack","Barrage","Self Repair+1","Chill+1","Amplify+1","Aggregate+1","Chaos+1","RitualDagger+1","Cold Snap+1","Coolheaded+1","Apotheosis+1","Hello World","Skim+1","Lockon+1","Fission+1","Meteor Strike+1","Double Energy+1","Beam Cell+1","Machine Learning","Trip+1","Cold Snap+1","Hologram+1","Madness+1","Madness+1","Chaos+1","Deep Breath+1","Blizzard+1","Loop"],"relics":["Cracked Core","Chemical X","Calipers","Toxic Egg 2","Golden Idol","Kunai","Inserter","Strawberry","Omamori","Molten Egg 2","Sundial","Potion Belt","Eternal Feather","Bag of Marbles","Question Card"],"potions_floor_usage":[23,33,38,50,50,50],"damage_taken":[{"damage":3,"enemies":"2 Louse","floor":1,"turns":3},{"damage":0,"enemies":"Small Slimes","floor":2,"turns":2},{"damage":0,"enemies":"Cultist","floor":3,"turns":3},{"damage":4,"enemies":"Large Slime","floor":5,"turns":6},{"damage":20,"enemies":"Gremlin Nob","floor":6,"turns":4},{"damage":8,"enemies":"Blue Slaver","floor":8,"turns":4},{"damage":46,"enemies":"The Guardian","floor":16,"turns":21},{"damage":10,"enemies":"Shell Parasite","floor":18,"turns":10},{"damage":17,"enemies":"Chosen","floor":19,"turns":6},{"damage":39,"enemies":"Snake Plant","floor":22,"turns":6},{"damage":42,"enemies":"Slavers","floor":23,"turns":7},{"damage":40,"enemies":"3 Cultists","floor":25,"turns":6},{"damage":36,"enemies":"Book of Stabbing","floor":27,"turns":7},{"damage":52,"enemies":"Champ","floor":33,"turns":13},{"damage":14,"enemies":"3 Darklings","floor":35,"turns":4},{"damage":3,"enemies":"3 Shapes","floor":36,"turns":3},{"damage":22,"enemies":"3 Darklings","floor":38,"turns":4},{"damage":33,"enemies":"Sphere and 2 Shapes","floor":39,"turns":4},{"damage":49,"enemies":"Jaw Worm Horde","floor":42,"turns":6},{"damage":27,"enemies":"Nemesis","floor":47,"turns":5},{"damage":75,"enemies":"Donu and Deca","floor":50,"turns":8}],"seed_played":"-9149945806538260065","potions_obtained":[{"floor":3,"key":"SneckoOil"},{"floor":5,"key":"SteroidPotion"},{"floor":23,"key":"FearPotion"},{"floor":25,"key":"Poison Potion"},{"floor":35,"key":"Block Potion"},{"floor":42,"key":"Dexterity Potion"},{"floor":47,"key":"SneckoOil"}],"is_trial":false,"path_per_floor":["M","M","M","$","M","E","R","M","T","R","?","R","?","?","R","B",null,"M","M","?","?","M","E","$","M","T","E","R","?","R","?","R","B",null,"M","M","$","M","M","R","?","M","T","R","?","?","E","$","R","B",null],"character_chosen":"DEFECT","items_purchased":["Chemical X","Stack","Apotheosis+1","Hello World","Machine Learning","Trip+1","Loop"],"campfire_rested":5,"item_purchase_floors":[4,4,24,24,37,37,48],"current_hp_per_floor":[72,72,72,72,68,48,70,69,69,69,69,69,69,69,69,33,75,75,68,75,69,50,28,28,58,58,32,56,56,80,80,80,48,82,78,75,75,53,30,72,62,33,33,78,78,78,61,61,82,17],"gold":45,"neow_bonus":"HUNDRED_GOLD","is_prod":false,"is_daily":false,"chose_seed":false,"campfire_upgraded":5,"win_rate":0.0,"timestamp":1568314883,"path_taken":["M","M","M","$","M","E","R","M","T","R","?","R","?","?","R","BOSS","M","?","?","?","M","E","?","M","T","E","R","?","R","?","R","BOSS","M","M","$","M","M","R","?","M","T","R","?","?","E","?","R","BOSS"],"build_version":"2019-07-17","purchased_purges":1,"victory":true,"max_hp_per_floor":[75,75,75,75,75,75,75,75,75,75,75,75,75,75,75,75,75,75,75,82,82,82,82,82,82,82,82,82,82,82,82,82,82,82,82,82,82,82,82,82,82,82,82,82,82,82,82,82,82,82],"card_choices":[{"not_picked":["Glacier","Skim"],"picked":"Streamline","floor":1},{"not_picked":["Gash","Coolheaded"],"picked":"Cold Snap","floor":2},{"not_picked":["Auto Shields","Tempest"],"picked":"Coolheaded","floor":3},{"not_picked":["Cold Snap","Stack"],"picked":"Barrage","floor":5},{"not_picked":["Compile Driver","Steam"],"picked":"Self Repair","floor":6},{"not_picked":["Hologram","Skim"],"picked":"Chill","floor":8},{"not_picked":["Rainbow+1","Multi-Cast+1"],"picked":"Amplify+1","floor":16},{"not_picked":["Steam+1","Coolheaded+1"],"picked":"Aggregate+1","floor":18},{"not_picked":["Streamline","Sweeping Beam"],"picked":"Chaos+1","floor":19},{"not_picked":["Hologram+1","Coolheaded+1"],"picked":"Cold Snap+1","floor":22},{"not_picked":["Leap+1","Aggregate+1"],"picked":"Coolheaded+1","floor":23},{"not_picked":["Cold Snap+1","Barrage"],"picked":"Skim+1","floor":25},{"not_picked":["Ball Lightning+1","Rebound+1"],"picked":"Lockon+1","floor":27},{"not_picked":["All For One+1","Electrodynamics"],"picked":"Meteor Strike+1","floor":33},{"not_picked":["Turbo+1","Barrage+1"],"picked":"Double Energy+1","floor":35},{"not_picked":["Conserve Battery+1","Ball Lightning+1"],"picked":"Beam Cell+1","floor":36},{"not_picked":["Tempest+1","Gash+1"],"picked":"Cold Snap+1","floor":38},{"not_picked":["Conserve Battery+1","BootSequence+1"],"picked":"Hologram+1","floor":39},{"not_picked":["Ball Lightning+1","Compile Driver+1"],"picked":"Chaos+1","floor":42},{"not_picked":["Metamorphosis+1","Mayhem"],"picked":"Deep Breath+1","floor":45},{"not_picked":["Steam+1","Gash+1"],"picked":"Blizzard+1","floor":47}],"player_experience":54621,"relics_obtained":[{"floor":6,"key":"Calipers"},{"floor":9,"key":"Toxic Egg 2"},{"floor":23,"key":"Omamori"},{"floor":26,"key":"Molten Egg 2"},{"floor":27,"key":"Sundial"},{"floor":43,"key":"Bag of Marbles"},{"floor":47,"key":"Question Card"}],"event_choices":[{"damage_healed":0,"gold_gain":0,"player_choice":"Take Wound","damage_taken":0,"relics_obtained":["Golden Idol"],"max_hp_gain":0,"max_hp_loss":0,"event_name":"Golden Idol","floor":11,"gold_loss":0,"cards_obtained":["Injury"]},{"damage_healed":0,"gold_gain":175,"player_choice":"AGREE","damage_taken":0,"max_hp_gain":0,"max_hp_loss":0,"event_name":"Liars Game","floor":13,"gold_loss":0,"cards_obtained":["Doubt"]},{"damage_healed":0,"gold_gain":0,"player_choice":"Gave Potion","damage_taken":0,"relics_obtained":["Kunai"],"max_hp_gain":0,"max_hp_loss":0,"event_name":"WeMeetAgain","floor":14,"gold_loss":0},{"damage_healed":0,"gold_gain":0,"player_choice":"Opened","damage_taken":0,"relics_obtained":["Strawberry"],"max_hp_gain":0,"max_hp_loss":0,"event_name":"The Mausoleum","floor":20,"gold_loss":0},{"damage_healed":0,"gold_gain":0,"player_choice":"Joined the Cult","damage_taken":6,"max_hp_gain":0,"max_hp_loss":0,"event_name":"Nest","floor":21,"gold_loss":0,"cards_obtained":["RitualDagger"]},{"damage_healed":0,"gold_gain":0,"player_choice":"Obtained Relic","damage_taken":0,"relics_obtained":["Potion Belt"],"max_hp_gain":0,"max_hp_loss":0,"event_name":"Addict","floor":29,"gold_loss":85},{"damage_healed":0,"gold_gain":0,"cards_transformed":["Injury","Defend_B"],"player_choice":"Became Test Subject","damage_taken":0,"max_hp_gain":0,"max_hp_loss":0,"event_name":"Drug Dealer","floor":31,"gold_loss":0,"cards_obtained":["Doubt","Fission"]},{"damage_healed":0,"gold_gain":0,"player_choice":"Embrace Madness","damage_taken":10,"max_hp_gain":0,"max_hp_loss":0,"event_name":"Winding Halls","floor":41,"gold_loss":0,"cards_obtained":["Madness","Madness"]},{"damage_healed":0,"gold_gain":0,"player_choice":"Memory 1","damage_taken":0,"max_hp_gain":0,"max_hp_loss":0,"event_name":"SensoryStone","floor":45,"gold_loss":0},{"cards_removed":["Strike_B"],"damage_healed":0,"gold_gain":0,"player_choice":"Removed Attack","damage_taken":0,"max_hp_gain":0,"max_hp_loss":0,"event_name":"Falling","floor":46,"gold_loss":0}],"is_beta":false,"boss_relics":[{"not_picked":["Calling Bell","Velvet Choker"],"picked":"Inserter"},{"not_picked":["Nuclear Battery","Lizard Tail"],"picked":"Eternal Feather"}],"items_purged_floors":[24],"is_endless":false,"potions_floor_spawned":[3,5,23,25,35,42,47],"ascension_level":0}