{"gold_per_floor":[118,73,85,85,85,85,99,132,132,132,151,151,168,200,200,273,273,248,248],"floor_reached":19,"playtime":1066,"items_purged":[],"score":354,"play_id":"00d1a73e-61f6-4d28-aca0-547ae8e01a48","local_time":"20190502215317","is_ascension_mode":true,"campfire_choices":[{"data":"Inflame","floor":6,"key":"SMITH"},{"data":"Flame Barrier","floor":10,"key":"SMITH"},{"data":"Inflame","floor":12,"key":"SMITH"},{"data":"Disarm","floor":15,"key":"SMITH"}],"neow_cost":"NONE","seed_source_timestamp":1312650768046,"circlet_count":0,"master_deck":["AscendersBane","Strike_R","Strike_R","Strike_R+1","Strike_R+1","Defend_R","Defend_R","Bash+1","Dark Embrace","Wild Strike","Inflame+1","Flame Barrier+1","Warcry","Evolve","Inflame+1","Anger","Disarm+1","Limit Break","Wild Strike+1","Bloodletting+1","Entrench+1","Heavy Blade"],"relics":["Burning Blood","Matryoshka","Blood Vial","Sundial","Bag of Marbles","Astrolabe"],"potions_floor_usage":[8,8,13],"damage_taken":[{"damage":2,"enemies":"Cultist","floor":1,"turns":4},{"damage":9,"enemies":"2 Louse","floor":3,"turns":2},{"damage":0,"enemies":"Small Slimes","floor":7,"turns":3},{"damage":14,"enemies":"Gremlin Nob","floor":8,"turns":4},{"damage":10,"enemies":"3 Louse","floor":11,"turns":3},{"damage":7,"enemies":"Exordium Wildlife","floor":13,"turns":4},{"damage":20,"enemies":"Lagavulin","floor":14,"turns":5},{"damage":12,"enemies":"Hexaghost","floor":16,"turns":8},{"damage":20,"enemies":"2 Thieves","floor":18,"turns":4},{"damage":69,"enemies":"Chosen","floor":19,"turns":6}],"seed_played":"1813074740142059359","potions_obtained":[{"floor":1,"key":"PowerPotion"},{"floor":3,"key":"Block Potion"},{"floor":8,"key":"Regen Potion"},{"floor":11,"key":"EssenceOfSteel"}],"is_trial":false,"path_per_floor":["M","$","M","?","?","R","M","E","T","R","M","R","M","E","R","B",null,"M","M"],"character_chosen":"IRONCLAD","items_purchased":["Inflame"],"campfire_rested":0,"item_purchase_floors":[2],"current_hp_per_floor":[72,72,69,69,46,46,52,44,44,44,42,42,55,43,43,39,66,54,0],"gold":248,"neow_bonus":"ONE_RANDOM_RARE_CARD","is_prod":false,"is_daily":false,"chose_seed":false,"campfire_upgraded":4,"win_rate":0,"timestamp":1556826797,"path_taken":["M","$","M","?","?","R","M","E","T","R","M","R","M","E","R","BOSS","M","M"],"build_version":"2019-01-23","purchased_purges":0,"victory":false,"max_hp_per_floor":[75,75,75,75,75,75,75,75,75,75,75,75,75,75,75,75,75,75,75],"card_choices":[{"not_picked":["Armaments","Dropkick"],"picked":"Wild Strike","floor":1},{"not_picked":["Shrug It Off","Wild Strike"],"picked":"Flame Barrier","floor":3},{"not_picked":["Body Slam","Power Through"],"picked":"Warcry","floor":7},{"not_picked":["Warcry","Flame Barrier"],"picked":"Evolve","floor":8},{"not_picked":["Thunderclap","Seeing Red"],"picked":"Inflame","floor":11},{"not_picked":["Reckless Charge","Body Slam"],"picked":"Anger","floor":13},{"not_picked":["Burning Pact","Iron Wave"],"picked":"Disarm","floor":14},{"not_picked":["Impervious","Brutality"],"picked":"Limit Break","floor":16},{"not_picked":["Anger","Iron Wave"],"picked":"Heavy Blade","floor":18}],"player_experience":627520,"relics_obtained":[{"floor":8,"key":"Matryoshka"},{"floor":9,"key":"Blood Vial"},{"floor":9,"key":"Sundial"},{"floor":14,"key":"Bag of Marbles"}],"event_choices":[{"damage_healed":0,"gold_gain":0,"player_choice":"Grow","damage_taken":0,"max_hp_gain":0,"max_hp_loss":0,"event_name":"Living Wall","floor":4,"gold_loss":0,"cards_upgraded":["Bash"]},{"damage_healed":0,"gold_gain":0,"player_choice":"Entered Light","damage_taken":23,"max_hp_gain":0,"max_hp_loss":0,"event_name":"Shining Light","floor":5,"gold_loss":0,"cards_upgraded":["Strike_R","Strike_R"]}],"is_beta":false,"boss_relics":[{"not_picked":["Runic Cube","Runic Dome"],"picked":"Astrolabe"}],"items_purged_floors":[],"is_endless":false,"potions_floor_spawned":[1,3,8,11],"killed_by":"Chosen","ascension_level":20}