{"gold_per_floor":[116,135,135,85,85,85,113,113,113,125,125,139,150,75,75,174,174,191,91,91,101,101,101,116,116,116,128,128,128,128],"floor_reached":30,"playtime":664,"items_purged":["Strike_R","Defend_R"],"score":303,"play_id":"7d54dd7c-c639-491f-8614-f9a8885c39e8","local_time":"20190912235449","is_ascension_mode":false,"campfire_choices":[{"data":"Rampage","floor":6,"key":"SMITH"},{"data":"Searing Blow","floor":8,"key":"SMITH"},{"data":"Searing Blow+1","floor":11,"key":"SMITH"},{"data":"Searing Blow+2","floor":15,"key":"SMITH"},{"data":"Searing Blow+3","floor":23,"key":"SMITH"}],"neow_cost":"NONE","seed_source_timestamp":2316975508237500,"circlet_count":0,"master_deck":["Strike_R","Strike_R","Strike_R","Defend_R","Bash","Rampage+1","Searing Blow+4","Sword Boomerang"],"relics":["Burning Blood","NeowsBlessing","Blood Vial","Pear","Singing Bowl","Nloth\u0027s Gift","Strawberry"],"potions_floor_usage":[13,16,16,21,30],"damage_taken":[{"damage":0,"enemies":"Small Slimes","floor":1,"turns":1},{"damage":0,"enemies":"Cultist","floor":2,"turns":1},{"damage":0,"enemies":"3 Sentries","floor":7,"turns":2},{"damage":6,"enemies":"Jaw Worm","floor":10,"turns":3},{"damage":14,"enemies":"Blue Slaver","floor":12,"turns":3},{"damage":0,"enemies":"Large Slime","floor":13,"turns":4},{"damage":71,"enemies":"Hexaghost","floor":16,"turns":7},{"damage":25,"enemies":"Shell Parasite","floor":18,"turns":6},{"damage":48,"enemies":"3 Byrds","floor":21,"turns":7},{"damage":20,"enemies":"Centurion and Healer","floor":24,"turns":4},{"damage":32,"enemies":"Snake Plant","floor":27,"turns":4},{"damage":29,"enemies":"Chosen and Byrds","floor":30,"turns":4}],"seed_played":"4322087821889335749","potions_obtained":[{"floor":7,"key":"Fire Potion"},{"floor":10,"key":"Poison Potion"},{"floor":12,"key":"Strength Potion"},{"floor":13,"key":"BloodPotion"},{"floor":27,"key":"SteroidPotion"}],"is_trial":false,"path_per_floor":["M","M","?","?","?","R","E","R","T","M","R","M","M","$","R","B",null,"M","$","?","M","?","R","M","?","T","M","?","?","M"],"character_chosen":"IRONCLAD","items_purchased":[],"campfire_rested":0,"item_purchase_floors":[],"current_hp_per_floor":[80,80,62,62,80,80,90,90,90,92,92,86,96,96,96,33,98,81,81,61,49,49,52,42,42,49,27,27,27,0],"gold":128,"neow_bonus":"THREE_ENEMY_KILL","is_prod":false,"is_daily":false,"chose_seed":false,"campfire_upgraded":5,"win_rate":0,"timestamp":1568346889,"path_taken":["M","M","?","?","?","R","E","R","T","?","R","M","M","$","R","BOSS","M","$","?","M","?","R","M","?","T","?","?","?","M"],"build_version":"2019-07-17","purchased_purges":2,"victory":false,"max_hp_per_floor":[80,80,80,80,80,80,90,90,90,92,92,94,96,96,96,98,98,100,100,105,107,107,107,109,109,116,118,118,118,118],"card_choices":[{"not_picked":["Perfected Strike","Bloodletting","Iron Wave"],"picked":"SKIP","floor":1},{"not_picked":["Heavy Blade","Uppercut"],"picked":"Rampage","floor":2},{"not_picked":["Juggernaut","Sword Boomerang"],"picked":"Searing Blow","floor":7},{"not_picked":["Burning Pact","Fire Breathing","Blood for Blood"],"picked":"Singing Bowl","floor":10},{"not_picked":["Clothesline","Heavy Blade","Pommel Strike"],"picked":"Singing Bowl","floor":12},{"not_picked":["Carnage","Battle Trance","Sword Boomerang"],"picked":"Singing Bowl","floor":13},{"not_picked":["Impervious","Dark Embrace","Reaper"],"picked":"Singing Bowl","floor":16},{"not_picked":["Intimidate","Iron Wave","Twin Strike"],"picked":"Singing Bowl","floor":18},{"not_picked":["Whirlwind","Warcry","Evolve"],"picked":"Singing Bowl","floor":21},{"not_picked":["Body Slam","Heavy Blade","Sever Soul"],"picked":"Singing Bowl","floor":24},{"not_picked":["Hemokinesis","Berserk","True Grit"],"picked":"Singing Bowl","floor":27}],"player_experience":401926,"relics_obtained":[{"floor":7,"key":"Pear"},{"floor":9,"key":"Singing Bowl"},{"floor":26,"key":"Strawberry"}],"event_choices":[{"damage_healed":0,"gold_gain":0,"player_choice":"Success","damage_taken":18,"relics_obtained":["Blood Vial"],"max_hp_gain":0,"max_hp_loss":0,"event_name":"Scrap Ooze","floor":3,"gold_loss":0},{"cards_removed":["Strike_R"],"damage_healed":0,"gold_gain":0,"player_choice":"Card Removal","damage_taken":0,"max_hp_gain":0,"max_hp_loss":0,"event_name":"The Cleric","floor":4,"gold_loss":50},{"damage_healed":18,"gold_gain":0,"player_choice":"Full Heal","damage_taken":0,"max_hp_gain":0,"max_hp_loss":0,"event_name":"Wheel of Change","floor":5,"gold_loss":0},{"damage_healed":0,"gold_gain":0,"player_choice":"Shed Blood","damage_taken":25,"max_hp_gain":5,"max_hp_loss":0,"event_name":"Forgotten Altar","floor":20,"gold_loss":0},{"cards_removed":["Defend_R"],"damage_healed":0,"gold_gain":0,"player_choice":"Elegance","damage_taken":0,"max_hp_gain":0,"max_hp_loss":0,"event_name":"Back to Basics","floor":22,"gold_loss":0},{"damage_healed":0,"gold_gain":0,"player_choice":"Traded Relic","damage_taken":0,"relics_obtained":["Nloth\u0027s Gift"],"max_hp_gain":0,"max_hp_loss":0,"event_name":"N\u0027loth","floor":25,"relics_lost":["Eternal Feather"],"gold_loss":0},{"damage_healed":0,"gold_gain":0,"player_choice":"Ignored","damage_taken":0,"max_hp_gain":0,"max_hp_loss":0,"event_name":"Ghosts","floor":28,"gold_loss":0},{"damage_healed":0,"gold_gain":0,"cards_transformed":["Defend_R"],"player_choice":"Transformed","damage_taken":0,"max_hp_gain":0,"max_hp_loss":0,"event_name":"Transmorgrifier","floor":29,"gold_loss":0,"cards_obtained":["Sword Boomerang"]}],"is_beta":false,"boss_relics":[{"not_picked":["Ectoplasm","Orrery"],"picked":"Eternal Feather"}],"items_purged_floors":[14,19],"is_endless":false,"potions_floor_spawned":[7,10,12,13,27],"killed_by":"Chosen and Byrds","ascension_level":0}