{"gold_per_floor":[111,111,129,129,129,164,38,38,85,104,132,32,32,43,43,43],"floor_reached":16,"playtime":335,"items_purged":["Strike_R","Strike_R"],"score":133,"play_id":"59ccc8b8-6e64-4e94-8e61-984cf2f6d6d6","local_time":"20190912173746","is_ascension_mode":false,"campfire_choices":[{"data":"Seeing Red","floor":8,"key":"SMITH"},{"data":"Flex","floor":13,"key":"SMITH"},{"data":"Seeing Red","floor":15,"key":"SMITH"}],"neow_cost":"NONE","seed_source_timestamp":2294682745173900,"circlet_count":0,"master_deck":["Strike_R","Strike_R","Strike_R","Defend_R","Defend_R","Defend_R","Bash","Seeing Red+1","Flex+1","Seeing Red+1"],"relics":["Burning Blood","NeowsBlessing","Self Forming Clay","Bird Faced Urn","Pen Nib","Meat on the Bone"],"potions_floor_usage":[11,11],"damage_taken":[{"damage":0,"enemies":"Jaw Worm","floor":1,"turns":1},{"damage":0,"enemies":"Small Slimes","floor":3,"turns":1},{"damage":0,"enemies":"Gremlin Nob","floor":6,"turns":1},{"damage":1,"enemies":"2 Louse","floor":10,"turns":3},{"damage":24,"enemies":"3 Sentries","floor":11,"turns":8},{"damage":2,"enemies":"Blue Slaver","floor":14,"turns":2},{"damage":68,"enemies":"Hexaghost","floor":16,"turns":9}],"seed_played":"8457966035426434438","potions_obtained":[{"floor":1,"key":"SteroidPotion"},{"floor":6,"key":"GamblersBrew"}],"is_trial":false,"path_per_floor":["M","?","M","?","?","E","$","R","T","M","E","$","R","M","R","B"],"character_chosen":"IRONCLAD","items_purchased":["Flex"],"campfire_rested":0,"item_purchase_floors":[7],"current_hp_per_floor":[80,68,74,74,74,80,80,80,80,80,62,62,62,66,66,0],"gold":43,"neow_bonus":"THREE_ENEMY_KILL","is_prod":false,"is_daily":false,"chose_seed":false,"campfire_upgraded":3,"win_rate":0,"timestamp":1568324266,"path_taken":["M","?","M","?","?","E","?","R","T","M","E","$","R","?","R","BOSS"],"build_version":"2019-07-17","purchased_purges":2,"victory":false,"max_hp_per_floor":[80,80,80,80,80,80,80,80,80,80,80,80,80,80,80,80],"card_choices":[{"not_picked":["Combust","Battle Trance"],"picked":"Seeing Red","floor":1},{"not_picked":["Flame Barrier","Warcry","Rage"],"picked":"SKIP","floor":3},{"not_picked":["Thunderclap","Infernal Blade","Shrug It Off"],"picked":"SKIP","floor":6},{"not_picked":["Clothesline","Anger","Spot Weakness"],"picked":"SKIP","floor":10},{"not_picked":["Clothesline","Disarm","Burning Pact"],"picked":"SKIP","floor":11},{"not_picked":["Armaments","Body Slam"],"picked":"Seeing Red","floor":14}],"player_experience":396106,"relics_obtained":[{"floor":6,"key":"Bird Faced Urn"},{"floor":9,"key":"Pen Nib"},{"floor":11,"key":"Meat on the Bone"}],"event_choices":[{"damage_healed":0,"gold_gain":0,"player_choice":"Success","damage_taken":12,"relics_obtained":["Self Forming Clay"],"max_hp_gain":0,"max_hp_loss":0,"event_name":"Scrap Ooze","floor":2,"gold_loss":0},{"cards_removed":["Defend_R"],"damage_healed":0,"gold_gain":0,"player_choice":"Forget","damage_taken":0,"max_hp_gain":0,"max_hp_loss":0,"event_name":"Living Wall","floor":4,"gold_loss":0},{"damage_healed":0,"gold_gain":0,"player_choice":"Ignored","damage_taken":0,"max_hp_gain":0,"max_hp_loss":0,"event_name":"Liars Game","floor":5,"gold_loss":0}],"is_beta":false,"boss_relics":[],"items_purged_floors":[7,12],"is_endless":false,"potions_floor_spawned":[1,6],"killed_by":"Hexaghost","ascension_level":0}