{"path_per_floor":["M","T","?","$","M","R","?","R","T","M","R","M","M","E","R","B",null,"M","?","$","?","M","R","M","M","T","M","T","$","R","M","R","B",null,"M","?","$","M","M","R","M","M","T","M","R","?","R","M","R","B"],"character_chosen":"DEFECT","items_purchased":["Scrape","Madness","Sunder","Auto Shields","Deep Breath","FTL"],"gold_per_floor":[12,12,187,36,55,55,55,55,55,71,71,85,100,135,135,234,234,254,254,30,30,40,40,51,70,70,88,161,34,34,53,53,150,150,170,170,5,23,38,38,56,68,68,86,86,0,0,16,16,16],"floor_reached":51,"campfire_rested":4,"playtime":7748,"current_hp_per_floor":[74,74,74,74,74,74,74,74,74,74,74,71,71,64,64,35,85,70,54,54,54,54,54,54,45,45,8,8,8,35,35,62,11,90,89,79,79,67,46,46,28,17,17,17,44,44,44,44,71,29],"items_purged":["Doubt","Rebound","Injury"],"gold":16,"score":746,"play_id":"c45b18d3-0e24-400e-9470-8b71a12c3a16","local_time":"20180429233535","is_prod":false,"is_daily":false,"chose_seed":false,"is_ascension_mode":true,"campfire_upgraded":7,"timestamp":1525070135,"path_taken":["M","?","?","$","M","R","?","R","T","?","R","M","M","E","R","BOSS","M","?","$","?","M","R","M","M","T","?","?","$","R","M","R","BOSS","M","?","$","M","M","R","M","M","T","M","R","?","R","?","R","BOSS"],"build_version":"2018-04-27v3","seed_source_timestamp":0,"purchased_purges":3,"victory":true,"master_deck":["Zap+1","Dualcast","Sweeping Beam","Scrape+1","Go for the Eyes+1","Hologram+1","Leap+1","Turbo","Reboot","Heatsinks","Impulse","Beam Cell","Coolheaded","Defragment","Recycle+1","Madness+1","Sunder","Buffer+1","Auto Shields","Hologram+1","Echo Form+1","Streamline","Deep Breath+1","Thinking Ahead","Sadistic Nature+1","Deep Breath","FTL","Scrape","Leap+1","Glacier+1","Clumsy","Loop+1"],"max_hp_per_floor":[75,75,75,75,75,75,75,75,75,75,75,75,75,85,85,85,85,85,90,90,90,90,90,90,90,90,90,90,90,90,90,90,90,90,90,90,90,90,90,90,90,90,90,90,90,90,90,90,90,90],"relics":["Cracked Core","Gambling Chip","Mummified Hand","Pear","Pandora\u0027s Box","Frozen Egg 2","Smiling Mask","Cursed Key","Cables","Red Mask"],"card_choices":[{"not_picked":["Hello World","Ball Lightning"],"picked":"Sweeping Beam","floor":1.0},{"not_picked":["Coolheaded","Leap"],"picked":"Go for the Eyes","floor":5.0},{"not_picked":["Sweeping Beam","Fusion"],"picked":"Hologram","floor":10.0},{"not_picked":["Stack","Melter"],"picked":"Leap","floor":12.0},{"not_picked":["Impulse","Aggregate"],"picked":"Turbo","floor":13.0},{"not_picked":["Biased Cognition","Multi-Cast"],"picked":"Reboot","floor":16.0},{"not_picked":["Capacitor","Sweeping Beam"],"picked":"Recycle","floor":18.0},{"not_picked":["Melter","Chaos"],"picked":"Buffer","floor":22.0},{"not_picked":["Reinforced Body","Turbo"],"picked":"Hologram","floor":31.0},{"not_picked":["Thunder Strike","Multi-Cast"],"picked":"Echo Form","floor":33.0},{"not_picked":["Aggregate","Recycle"],"picked":"Streamline","floor":35.0},{"not_picked":["Mind Blast","Thinking Ahead"],"picked":"Deep Breath","floor":36.0},{"not_picked":["Dark Shackles","Enlightenment"],"picked":"Thinking Ahead","floor":36.0},{"not_picked":["Trip","Purity"],"picked":"Sadistic Nature","floor":36.0},{"not_picked":["Melter","Reprogram"],"picked":"Scrape","floor":38.0},{"not_picked":["Turbo","Force Field"],"picked":"Leap","floor":39.0},{"not_picked":["Beam Cell","Leap"],"picked":"Glacier","floor":42.0},{"not_picked":["Hologram","Static Discharge"],"picked":"Loop","floor":48.0}],"player_experience":481724,"potions_floor_usage":[50,50],"damage_taken":[{"damage":1.0,"enemies":"Cultist","floor":1.0,"turns":4.0},{"damage":0.0,"enemies":"2 Louse","floor":5.0,"turns":3.0},{"damage":0.0,"enemies":"Small Slimes","floor":10.0,"turns":2.0},{"damage":3.0,"enemies":"Looter","floor":12.0,"turns":2.0},{"damage":0.0,"enemies":"Lots of Slimes","floor":13.0,"turns":2.0},{"damage":17.0,"enemies":"Gremlin Nob","floor":14.0,"turns":5.0},{"damage":29.0,"enemies":"The Guardian","floor":16.0,"turns":13.0},{"damage":15.0,"enemies":"Shell Parasite","floor":18.0,"turns":5.0},{"damage":0.0,"enemies":"Spheric Guardian","floor":22.0,"turns":2.0},{"damage":0.0,"enemies":"3 Cultists","floor":24.0,"turns":4.0},{"damage":9.0,"enemies":"Snake Plant","floor":25.0,"turns":2.0},{"damage":37.0,"enemies":"Slaver and Parasite","floor":27.0,"turns":5.0},{"damage":0.0,"enemies":"Centurion and Healer","floor":31.0,"turns":4.0},{"damage":51.0,"enemies":"Champ","floor":33.0,"turns":16.0},{"damage":1.0,"enemies":"3 Shapes","floor":35.0,"turns":3.0},{"damage":12.0,"enemies":"Flame Bruiser 1 Orb","floor":38.0,"turns":3.0},{"damage":21.0,"enemies":"Maw","floor":39.0,"turns":6.0},{"damage":18.0,"enemies":"3 Darklings","floor":41.0,"turns":4.0},{"damage":11.0,"enemies":"Sphere and 2 Shapes","floor":42.0,"turns":5.0},{"damage":0.0,"enemies":"4 Shapes","floor":44.0,"turns":7.0},{"damage":0.0,"enemies":"Spire Growth","floor":48.0,"turns":4.0},{"damage":42,"enemies":"Time Eater","floor":50,"turns":16}],"event_choices":[{"event_name":"Liars Game","player_choice":"agreed","floor":3.0,"damage_taken":0.0},{"event_name":"Accursed Blacksmith","player_choice":"Forge","floor":7.0,"damage_taken":0.0},{"event_name":"Forgotten Altar","player_choice":"Shed Blood","floor":19.0,"damage_taken":0.0},{"event_name":"Addict","player_choice":"Ignored","floor":21.0,"damage_taken":0.0},{"event_name":"SensoryStone","player_choice":"Memory 3","floor":36.0,"damage_taken":0.0},{"event_name":"Tomb of Lord Red Mask","player_choice":"Paid","floor":46.0,"damage_taken":0.0}],"boss_relics":[],"potions_floor_spawned":[1,13,22,25,31,33,35,44],"seed_played":"-6497184795166940385","ascension_level":4,"is_trial":false}