{"gold_per_floor":[111,286,37,137,156,156,169,169,169,169,185,244,269,281,281,376,376,389,277,192,192,212,212,226,239,266,266,284,284,297,297,297,398,398,417,417,433,433,258,258,273,273,347,363,363,373,391,12,12,12],"floor_reached":51,"playtime":1638,"items_purged":["Strike_G","Strike_G","Doubt"],"score":886,"play_id":"23e7dbda-afa7-495c-8059-96c13f8ae34d","local_time":"20180929211959","is_ascension_mode":true,"campfire_choices":[{"data":"Cloak And Dagger","floor":6,"key":"SMITH"},{"data":"Neutralize","floor":8,"key":"SMITH"},{"data":"Defend_G","floor":10,"key":"SMITH"},{"floor":15,"key":"REST"},{"data":"After Image","floor":23,"key":"SMITH"},{"data":"Slice","floor":27,"key":"SMITH"},{"floor":29,"key":"REST"},{"floor":32,"key":"REST"},{"floor":40,"key":"REST"},{"floor":42,"key":"REST"},{"data":"Backstab","floor":45,"key":"SMITH"},{"floor":49,"key":"REST"}],"neow_cost":"NONE","seed_source_timestamp":389233584321387,"circlet_count":0,"master_deck":["Defend_G","Defend_G","Defend_G","Defend_G+1","Strike_G","Strike_G","Survivor","Neutralize+1","Cloak And Dagger+1","Dodge and Roll+1","Bouncing Flask+1","Bouncing Flask+1","Slice+1","After Image+1","Bullet Time+1","Blade Dance+1","Catalyst+1","Well Laid Plans","Bouncing Flask+1","Bouncing Flask+1","Burst+1","Catalyst+1","Backstab+1","Catalyst+1","Blade Dance+1","Clumsy"],"relics":["Empty Cage","Toxic Egg 2","Incense Burner","Tiny Chest","Odd Mushroom","Sozu","Tingsha","Dodecahedron","Blood Vial","Cursed Key","Blue Candle","Letter Opener"],"potions_floor_usage":[13,16,44,50],"damage_taken":[{"damage":0,"enemies":"Jaw Worm","floor":1,"turns":5},{"damage":4,"enemies":"Small Slimes","floor":5,"turns":5},{"damage":0,"enemies":"2 Louse","floor":7,"turns":4},{"damage":12,"enemies":"Large Slime","floor":11,"turns":7},{"damage":7,"enemies":"Gremlin Nob","floor":12,"turns":3},{"damage":3,"enemies":"The Mushroom Lair","floor":13,"turns":5},{"damage":13,"enemies":"Gremlin Gang","floor":14,"turns":4},{"damage":24,"enemies":"Slime Boss","floor":16,"turns":12},{"damage":16,"enemies":"3 Byrds","floor":18,"turns":6},{"damage":0,"enemies":"Spheric Guardian","floor":22,"turns":3},{"damage":5,"enemies":"Snecko","floor":24,"turns":5},{"damage":11,"enemies":"Centurion and Healer","floor":25,"turns":6},{"damage":12,"enemies":"3 Cultists","floor":28,"turns":5},{"damage":13,"enemies":"Snake Plant","floor":30,"turns":4},{"damage":15,"enemies":"Champ","floor":33,"turns":7},{"damage":43,"enemies":"3 Darklings","floor":35,"turns":5},{"damage":1,"enemies":"3 Shapes","floor":37,"turns":3},{"damage":0,"enemies":"Maw","floor":41,"turns":4},{"damage":8,"enemies":"Sphere and 2 Shapes","floor":44,"turns":3},{"damage":3,"enemies":"4 Shapes","floor":46,"turns":6},{"damage":0,"enemies":"Transient","floor":47,"turns":4},{"damage":46,"enemies":"Time Eater","floor":50,"turns":5}],"seed_played":"4440889161518841485","potions_obtained":[{"floor":11,"key":"GhostInAJar"},{"floor":12,"key":"Block Potion"},{"floor":13,"key":"SkillPotion"},{"floor":16,"key":"Block Potion"}],"is_trial":false,"path_per_floor":["M","?","$","?","M","R","M","R","T","R","M","E","?","M","R","B",null,"M","$","?","T","M","R","M","M","T","R","M","R","M","?","R","B",null,"M","?","M","?","$","R","M","R","T","M","R","M","M","$","R","B"],"character_chosen":"THE_SILENT","items_purchased":["Toxic Egg 2","Catalyst+1","Catalyst+1","Letter Opener"],"campfire_rested":6,"item_purchase_floors":[3,19,39,48],"current_hp_per_floor":[63,63,63,63,59,59,59,59,59,59,47,40,37,24,45,21,58,42,42,42,42,42,42,37,26,26,26,16,37,26,26,47,34,61,20,20,21,21,21,42,44,65,65,59,59,58,60,60,70,24],"gold":12,"neow_bonus":"BOSS_RELIC","is_prod":false,"is_daily":false,"chose_seed":false,"campfire_upgraded":6,"win_rate":0,"timestamp":1538270399,"path_taken":["M","?","$","?","M","R","M","R","T","R","?","E","?","M","R","BOSS","M","$","?","?","M","R","M","?","T","R","M","R","M","?","R","BOSS","M","?","M","?","$","R","M","R","T","M","R","M","M","$","R","BOSS"],"build_version":"2018-09-27","purchased_purges":3,"victory":true,"max_hp_per_floor":[70,70,70,70,70,70,70,70,70,70,70,70,70,70,70,70,70,70,70,70,70,70,70,70,70,70,70,70,70,70,70,70,70,70,70,70,70,70,70,70,70,70,70,70,70,70,70,70,70,70],"card_choices":[{"not_picked":["Sucker Punch","Quick Slash"],"picked":"Cloak And Dagger","floor":1},{"not_picked":["Sucker Punch","Dagger Throw"],"picked":"Dodge and Roll+1","floor":5},{"not_picked":["Endless Agony","Dash"],"picked":"Bouncing Flask+1","floor":7},{"not_picked":["Distraction+1","Bouncing Flask+1","Flying Knee"],"picked":"SKIP","floor":11},{"not_picked":["Distraction+1","Flying Knee"],"picked":"Bouncing Flask+1","floor":11},{"not_picked":["Flechettes","Infinite Blades","Eviscerate"],"picked":"SKIP","floor":12},{"not_picked":["Flying Knee","Sucker Punch"],"picked":"Slice","floor":13},{"not_picked":["Outmaneuver+1","Prepared+1"],"picked":"After Image","floor":14},{"not_picked":["Unload","Grand Finale"],"picked":"Bullet Time+1","floor":16},{"not_picked":["Deflect+1","Flechettes+1"],"picked":"Blade Dance+1","floor":18},{"not_picked":["Infinite Blades+1","Finisher+1","Tactician+1"],"picked":"SKIP","floor":22},{"not_picked":["PiercingWail+1","Slice"],"picked":"Well Laid Plans","floor":24},{"not_picked":["Dagger Throw","Dash+1"],"picked":"Bouncing Flask+1","floor":25},{"not_picked":["Finisher","Prepared+1"],"picked":"Bouncing Flask+1","floor":28},{"not_picked":["Doppelganger+1","PiercingWail+1"],"picked":"Bane","floor":30},{"not_picked":["Phantasmal Killer+1","Grand Finale"],"picked":"Burst+1","floor":33},{"not_picked":["Distraction+1","Dagger Throw+1","Well Laid Plans+1"],"picked":"SKIP","floor":35},{"not_picked":["Masterful Stab","Poisoned Stab"],"picked":"Backstab","floor":37},{"not_picked":["Poisoned Stab","Leg Sweep+1"],"picked":"Blade Dance+1","floor":41},{"not_picked":["Cloak And Dagger+1","Poisoned Stab","Finisher"],"picked":"SKIP","floor":44},{"not_picked":["Concentrate+1","Deadly Poison+1","Slice+1"],"picked":"SKIP","floor":46},{"not_picked":["Poisoned Stab","Slice","Dagger Spray"],"picked":"SKIP","floor":47}],"player_experience":913167,"relics_obtained":[{"floor":9,"key":"Incense Burner"},{"floor":12,"key":"Tiny Chest"},{"floor":13,"key":"Odd Mushroom"},{"floor":21,"key":"Dodecahedron"},{"floor":26,"key":"Blood Vial"},{"floor":43,"key":"Blue Candle"}],"event_choices":[{"event_name":"Liars Game","player_choice":"agreed","floor":2,"damage_taken":0},{"event_name":"Golden Shrine","player_choice":"Pray","floor":4,"damage_taken":0},{"event_name":"Mushrooms","player_choice":"Fought Mushrooms","floor":13,"damage_taken":0},{"event_name":"Addict","player_choice":"Obtained Relic","floor":20,"damage_taken":0},{"event_name":"Upgrade Shrine","player_choice":"Upgraded","floor":31,"damage_taken":0},{"event_name":"Duplicator","player_choice":"One dupe","floor":36,"damage_taken":0},{"event_name":"Falling","player_choice":"Removed Attack","floor":38,"damage_taken":0}],"is_beta":true,"boss_relics":[{"not_picked":["Busted Crown","Coffee Dripper"],"picked":"Sozu"},{"not_picked":["Lizard Tail","Orrery"],"picked":"Cursed Key"}],"items_purged_floors":[19,39,48],"is_endless":false,"potions_floor_spawned":[11,12,13,16,18,28,41,46,47],"ascension_level":6}