{"gold_per_floor":[112,37,47,122,133,133,165,165,165,165,177,204,204,218,218,322,322,341,341,50,63,76,76,95,95,95,121,131,131,158,158,158,257,257,276,292,305,315,327,327,352,368,368,402,402,415,445,496,496,496,496,496,51,78,78],"floor_reached":55,"playtime":10508,"items_purged":["Defend_B"],"score":1416,"play_id":"1b767b1c-1329-438b-84e4-d6b8feb9adc3","local_time":"20190731133938","is_ascension_mode":true,"campfire_choices":[{"data":"Buffer","floor":6.0,"key":"SMITH"},{"data":"Zap","floor":8.0,"key":"SMITH"},{"data":"Sunder","floor":13.0,"key":"SMITH"},{"data":"Dualcast","floor":15.0,"key":"SMITH"},{"data":"Buffer","floor":23.0,"key":"SMITH"},{"data":"Blizzard","floor":25.0,"key":"SMITH"},{"floor":29.0,"key":"REST"},{"data":"Recycle","floor":32.0,"key":"SMITH"},{"data":"Creative AI","floor":40.0,"key":"SMITH"},{"data":"Beam Cell","floor":45.0,"key":"SMITH"},{"floor":49.0,"key":"RECALL"},{"data":"Meteor Strike","floor":52.0,"key":"SMITH"}],"neow_cost":"NONE","seed_source_timestamp":1235444676716301,"circlet_count":0,"master_deck":["Strike_B","Strike_B","Strike_B","Strike_B","Defend_B","Defend_B","Zap+1","Dualcast+1","Buffer+1","Leap","Chill","Cold Snap","Sunder+1","Ball Lightning","Steam+1","Blizzard+1","Buffer+1","Hologram","Beam Cell+1","Stack+1","Sweeping Beam","Sweeping Beam+1","Amplify+1","Go for the Eyes+1","Recycle+1","Creative AI+1","Turbo+1","Gash","Gash","Blizzard+1","Hologram+1","Echo Form","Redo+1","Hologram+1","Force Field+1","Meteor Strike+1"],"special_seed":0,"relics":["FrozenCore","Pantograph","FossilizedHelix","Centennial Puzzle","Calipers","Shuriken","Ornamental Fan","Happy Flower","Runic Pyramid","War Paint","Bag of Marbles","Omamori","Gambling Chip","Torii","Bag of Preparation","Symbiotic Virus"],"potions_floor_usage":[55],"damage_taken":[{"damage":12.0,"enemies":"Jaw Worm","floor":1.0,"turns":4.0},{"damage":0.0,"enemies":"2 Louse","floor":3.0,"turns":2.0},{"damage":5.0,"enemies":"Small Slimes","floor":5.0,"turns":3.0},{"damage":3.0,"enemies":"Lagavulin","floor":7.0,"turns":8.0},{"damage":0.0,"enemies":"Blue Slaver","floor":11.0,"turns":3.0},{"damage":0.0,"enemies":"3 Sentries","floor":12.0,"turns":5.0},{"damage":0.0,"enemies":"Lots of Slimes","floor":14.0,"turns":4.0},{"damage":0.0,"enemies":"Slime Boss","floor":16.0,"turns":9.0},{"damage":9.0,"enemies":"3 Byrds","floor":18.0,"turns":6.0},{"damage":0.0,"enemies":"Chosen","floor":21.0,"turns":3.0},{"damage":0.0,"enemies":"Centurion and Healer","floor":22.0,"turns":7.0},{"damage":6.0,"enemies":"Chosen and Byrds","floor":24.0,"turns":8.0},{"damage":32.0,"enemies":"Book of Stabbing","floor":27.0,"turns":8.0},{"damage":0.0,"enemies":"3 Cultists","floor":28.0,"turns":7.0},{"damage":0.0,"enemies":"Gremlin Leader","floor":30.0,"turns":8.0},{"damage":0.0,"enemies":"Collector","floor":33.0,"turns":14.0},{"damage":0.0,"enemies":"3 Darklings","floor":35.0,"turns":6.0},{"damage":0.0,"enemies":"3 Shapes","floor":36.0,"turns":4.0},{"damage":1.0,"enemies":"Spire Growth","floor":37.0,"turns":7.0},{"damage":0.0,"enemies":"Maw","floor":38.0,"turns":9.0},{"damage":0.0,"enemies":"Sphere and 2 Shapes","floor":39.0,"turns":6.0},{"damage":1.0,"enemies":"Reptomancer","floor":41.0,"turns":7.0},{"damage":6.0,"enemies":"Jaw Worm Horde","floor":42.0,"turns":5.0},{"damage":0.0,"enemies":"Nemesis","floor":44.0,"turns":9.0},{"damage":0.0,"enemies":"Maw","floor":46.0,"turns":9.0},{"damage":0.0,"enemies":"Giant Head","floor":47.0,"turns":11.0},{"damage":0.0,"enemies":"2 Orb Walkers","floor":48.0,"turns":6.0},{"damage":16.0,"enemies":"Time Eater","floor":50.0,"turns":13.0},{"damage":8.0,"enemies":"Shield and Spear","floor":54.0,"turns":9.0},{"damage":82,"enemies":"The Heart","floor":55,"turns":9}],"seed_played":"816695631517361620","potions_obtained":[{"floor":1.0,"key":"Fire Potion"},{"floor":11.0,"key":"EssenceOfSteel"},{"floor":12.0,"key":"FocusPotion"},{"floor":16.0,"key":"SkillPotion"},{"floor":21.0,"key":"Ancient Potion"},{"floor":24.0,"key":"SpeedPotion"},{"floor":27.0,"key":"SkillPotion"},{"floor":33.0,"key":"EssenceOfSteel"},{"floor":37.0,"key":"SpeedPotion"},{"floor":38.0,"key":"Regen Potion"},{"floor":39.0,"key":"GamblersBrew"},{"floor":44.0,"key":"PowerPotion"},{"floor":54.0,"key":"SteroidPotion"}],"is_trial":false,"path_per_floor":["M","$","M","?","M","R","E","R","T","?","M","E","R","M","R","B",null,"M","?","$","M","M","R","M","R","T","E","M","R","E","?","R","B",null,"M","M","M","M","M","R","E","M","T","E","R","M","E","?","R","B",null,"R","$","E","B"],"character_chosen":"DEFECT","items_purchased":["Calipers","Torii","Bag of Preparation"],"campfire_rested":1,"item_purchase_floors":[20,53,53],"current_hp_per_floor":[56,56,56,45,40,40,37,37,37,42,42,42,42,42,42,67,77,68,68,68,68,68,68,62,62,62,30,30,54,54,54,54,79,80,80,80,79,79,79,79,78,72,72,72,72,72,72,72,72,64,76,76,76,68,0],"gold":78,"neow_bonus":"ONE_RANDOM_RARE_CARD","is_prod":false,"is_daily":false,"chose_seed":false,"campfire_upgraded":10,"win_rate":0,"timestamp":1564605578,"path_taken":["M","$","M","?","M","R","E","R","T","?","?","E","R","M","R","BOSS","M","?","$","M","M","R","M","R","T","E","M","R","E","?","R","BOSS","M","?","M","M","M","R","E","M","T","E","R","M","E","?","R","BOSS","R","$","E","BOSS"],"build_version":"2019-07-17","purchased_purges":1,"victory":false,"max_hp_per_floor":[75,75,75,75,75,75,75,75,75,80,80,80,80,80,80,80,80,80,80,80,80,80,80,80,80,80,80,80,80,80,80,80,80,80,80,80,80,80,80,80,80,80,80,80,80,80,80,80,80,80,80,80,80,80,80],"card_choices":[{"not_picked":["Static Discharge","Stack"],"picked":"Leap","floor":1.0},{"not_picked":["FTL","Rip and Tear"],"picked":"Chill","floor":3.0},{"not_picked":["Steam","Conserve Battery"],"picked":"Cold Snap","floor":5.0},{"not_picked":["Force Field","Self Repair"],"picked":"Sunder","floor":7.0},{"not_picked":["Turbo","Stack"],"picked":"Ball Lightning","floor":11.0},{"not_picked":["Multi-Cast","Barrage"],"picked":"Steam","floor":12.0},{"not_picked":["Force Field","Redo"],"picked":"Blizzard","floor":14.0},{"not_picked":["Reboot","Thunder Strike"],"picked":"Buffer","floor":16.0},{"not_picked":["Reprogram","Redo"],"picked":"Hologram","floor":18.0},{"not_picked":["Compile Driver","Beam Cell"],"picked":"Stack+1","floor":21.0},{"not_picked":["Conserve Battery","Streamline"],"picked":"Sweeping Beam","floor":22.0},{"not_picked":["Streamline","Barrage"],"picked":"Sweeping Beam+1","floor":24.0},{"not_picked":["Coolheaded","Auto Shields"],"picked":"Amplify","floor":27.0},{"not_picked":["Streamline","Rip and Tear"],"picked":"Go for the Eyes+1","floor":28.0},{"not_picked":["Ball Lightning+1","Coolheaded"],"picked":"Recycle","floor":30.0},{"not_picked":["Thunder Strike","Buffer"],"picked":"Creative AI","floor":33.0},{"not_picked":["Sweeping Beam+1","Hologram+1"],"picked":"Turbo+1","floor":35.0},{"not_picked":["Steam+1","Barrage+1"],"picked":"Gash","floor":36.0},{"not_picked":["Hologram","Stack"],"picked":"Gash","floor":37.0},{"not_picked":["Ball Lightning+1","Steam+1"],"picked":"Blizzard+1","floor":38.0},{"not_picked":["Force Field","Lockon"],"picked":"Hologram+1","floor":39.0},{"not_picked":["Sunder","Lockon+1"],"picked":"Echo Form","floor":41.0},{"not_picked":["Ball Lightning+1","Gash+1"],"picked":"Redo+1","floor":42.0},{"not_picked":["Compile Driver+1","Steam"],"picked":"Hologram+1","floor":44.0},{"not_picked":["Sweeping Beam","Conserve Battery+1","Rebound"],"picked":"SKIP","floor":46.0},{"not_picked":["Blizzard","Reinforced Body+1"],"picked":"Force Field+1","floor":47.0},{"not_picked":["Turbo","Ball Lightning+1"],"picked":"Meteor Strike","floor":48.0},{"not_picked":["Sweeping Beam","Stack","Ball Lightning+1"],"picked":"SKIP","floor":54.0}],"player_experience":543522,"relics_obtained":[{"floor":7.0,"key":"Pantograph"},{"floor":9.0,"key":"FossilizedHelix"},{"floor":12.0,"key":"Centennial Puzzle"},{"floor":26.0,"key":"Shuriken"},{"floor":27.0,"key":"Ornamental Fan"},{"floor":30.0,"key":"Happy Flower"},{"floor":41.0,"key":"War Paint"},{"floor":44.0,"key":"Bag of Marbles"},{"floor":47.0,"key":"Omamori"},{"floor":48.0,"key":"Gambling Chip"},{"floor":54.0,"key":"Symbiotic Virus"}],"event_choices":[{"damage_healed":0.0,"max_hp_gain":0.0,"max_hp_loss":0.0,"gold_gain":75.0,"event_name":"World of Goop","player_choice":"Gather Gold","floor":4.0,"gold_loss":0.0,"damage_taken":11.0},{"damage_healed":0.0,"max_hp_gain":5.0,"max_hp_loss":0.0,"gold_gain":0.0,"event_name":"Big Fish","player_choice":"Donut","floor":10.0,"gold_loss":0.0,"damage_taken":0.0},{"damage_healed":0.0,"max_hp_gain":0.0,"max_hp_loss":0.0,"gold_gain":0.0,"event_name":"The Library","player_choice":"Read","floor":19.0,"gold_loss":0.0,"damage_taken":0.0,"cards_obtained":["Beam Cell"]},{"cards_removed":["Defend_B"],"damage_healed":0.0,"max_hp_gain":0.0,"max_hp_loss":0.0,"gold_gain":0.0,"event_name":"Bonfire Elementals","player_choice":"Offered Basic","floor":31.0,"gold_loss":0.0,"damage_taken":0.0},{"damage_healed":0.0,"max_hp_gain":0.0,"max_hp_loss":0.0,"gold_gain":0.0,"event_name":"Mysterious Sphere","player_choice":"Fight","floor":48.0,"gold_loss":0.0,"damage_taken":0.0}],"is_beta":false,"boss_relics":[{"not_picked":["Astrolabe","Philosopher\u0027s Stone"],"picked":"FrozenCore"},{"not_picked":["Eternal Feather","Calling Bell"],"picked":"Runic Pyramid"}],"items_purged_floors":[2],"is_endless":false,"potions_floor_spawned":[1,11,12,16,21,24,27,33,37,38,39,44,54],"killed_by":"The Heart","ascension_level":9}