{"path_per_floor":["M","M","?","$","?","R","$","M","T","$","E","?","R","M","R","B",null,"M","M","?","M","?","R","M","$","T","M","M","R","?","M","R","B",null,"M","M","?","?","?","R","?","M","T","R","M","$","R","M","R","B"],"character_chosen":"THE_SILENT","items_purchased":["Acrobatics","Footwork"],"gold_per_floor":[109,124,124,22,22,22,22,36,36,2,28,28,28,44,44,149,149,149,149,149,149,64,64,64,64,64,64,64,64,64,64,64,64,64,64,64,64,64,64,64,64,64,64,64,64,64,64,64,64,64],"floor_reached":51,"campfire_rested":3,"playtime":10832,"current_hp_per_floor":[70,69,69,69,62,62,62,58,58,58,36,36,36,35,35,40,70,56,46,46,20,20,41,37,37,37,25,6,27,27,26,47,66,70,60,47,10,28,61,61,61,57,57,57,61,61,61,61,61,60],"items_purged":["Regret"],"gold":64,"score":647,"play_id":"1ca13ab6-e540-4066-b30b-a2472af4fc23","local_time":"20180404013619","is_prod":false,"is_daily":false,"is_ascension_mode":false,"campfire_upgraded":7,"timestamp":1522830979,"path_taken":["M","M","?","$","?","R","?","M","T","?","E","?","R","M","R","BOSS","M","M","?","M","?","R","?","$","T","M","M","R","?","M","R","BOSS","M","M","?","?","?","R","?","?","T","R","M","?","R","M","R","BOSS"],"build_version":"2018-03-29v2","purchased_purges":1,"victory":true,"master_deck":["Defend_G","Defend_G","Defend_G","Defend_G","Defend_G","Strike_G","Strike_G","Strike_G","Survivor","Neutralize","Blade Dance+1","Prepared","Infinite Blades","Acrobatics","Blade Dance","Footwork+1","Deadly Poison+1","Slice","Adrenaline","Calculated Gamble+1","Deflect","Doubt","Neutralize+1","Finisher+1","After Image+1","Underhanded Strike+1","Outmaneuver+1","After Image+1","Leg Sweep+1","Backflip","Dodge and Roll+1","Writhe","Acrobatics+1","Endless Agony+1","Backflip+1"],"max_hp_per_floor":[70,70,70,70,70,70,70,70,70,70,70,70,70,70,70,70,70,70,70,70,70,70,70,70,70,70,70,70,70,70,70,70,70,70,70,70,70,70,61,61,61,61,61,61,61,61,61,61,61,61],"relics":["Ring of the Snake","Pantograph","Centennial Puzzle","Question Card","Ectoplasm","Matryoshka","Kunai","Dodecahedron","Sozu","Thread and Needle","Whetstone","Bird Faced Urn"],"card_choices":[{"not_picked":["Underhanded Strike","Dagger Spray"],"picked":"Blade Dance","floor":0.0},{"not_picked":["Bane","Poisoned Stab"],"picked":"Prepared","floor":1.0},{"not_picked":["Dash","Distraction"],"picked":"Infinite Blades","floor":2.0},{"not_picked":["Sucker Punch","Dash"],"picked":"Blade Dance","floor":8.0},{"not_picked":["Poisoned Stab","Backflip"],"picked":"Deadly Poison","floor":11.0},{"not_picked":["Bane","Acrobatics","Crippling Poison"],"picked":"Slice","floor":14.0},{"not_picked":["Envenom","Night Terror","Corpse Explosion"],"picked":"Adrenaline","floor":16.0},{"not_picked":["Crippling Poison","Bane","Riddle With Holes"],"picked":"Calculated Gamble","floor":18},{"not_picked":["Dagger Throw","Flying Knee","All Out Attack"],"picked":"Deflect","floor":19},{"not_picked":["Deflect","Outmaneuver","Eviscerate"],"picked":"Finisher","floor":21},{"not_picked":["Bane","Sucker Punch","Expertise"],"picked":"Finisher","floor":24},{"not_picked":["Dagger Throw","Flechettes","Deflect"],"picked":"After Image","floor":27},{"not_picked":["Expertise","Dagger Throw","PiercingWail"],"picked":"Underhanded Strike","floor":28},{"not_picked":["Flying Knee","Deadly Poison","Dodge and Roll"],"picked":"Outmaneuver","floor":31},{"not_picked":["Tactician","Tools of the Trade","Glass Knife"],"picked":"After Image","floor":33},{"not_picked":["Backstab","Bane","Dodge and Roll"],"picked":"Leg Sweep","floor":35},{"not_picked":["Blade Dance","Leg Sweep","Flying Knee"],"picked":"Backflip","floor":36},{"not_picked":["Outmaneuver","Sucker Punch","PiercingWail"],"picked":"Dodge and Roll","floor":37},{"not_picked":["Deflect","Dash","Poisoned Stab"],"picked":"Acrobatics","floor":42},{"not_picked":["Dagger Throw","Malaise","Poisoned Stab"],"picked":"Endless Agony","floor":45},{"not_picked":["Acrobatics","Underhanded Strike","Sucker Punch"],"picked":"Backflip","floor":48}],"player_experience":16991,"potions_floor_usage":[19,28,33,33,36],"damage_taken":[{"damage":0.0,"enemies":"Small Slimes","floor":1.0,"turns":4.0},{"damage":1.0,"enemies":"2 Louse","floor":2.0,"turns":4.0},{"damage":4.0,"enemies":"Cultist","floor":8.0,"turns":3.0},{"damage":22.0,"enemies":"Lagavulin","floor":11.0,"turns":12.0},{"damage":1.0,"enemies":"Exordium Wildlife","floor":14.0,"turns":4.0},{"damage":20.0,"enemies":"Slime Boss","floor":16.0,"turns":13.0},{"damage":14.0,"enemies":"Spheric Guardian","floor":18.0,"turns":6.0},{"damage":10,"enemies":"Snake Plant","floor":19,"turns":5},{"damage":26,"enemies":"Sentry and Sphere","floor":21,"turns":6},{"damage":4,"enemies":"Snecko","floor":24,"turns":6},{"damage":12,"enemies":"3 Cultists","floor":27,"turns":6},{"damage":19,"enemies":"Cultist and Chosen","floor":28,"turns":9},{"damage":1,"enemies":"Centurion and Healer","floor":31,"turns":5},{"damage":4,"enemies":"Automaton","floor":33,"turns":14},{"damage":10,"enemies":"3 Darklings","floor":35,"turns":12},{"damage":13,"enemies":"3 Shapes","floor":36,"turns":4},{"damage":37,"enemies":"Mysterious Sphere","floor":37,"turns":8},{"damage":4,"enemies":"3 Darklings","floor":42,"turns":8},{"damage":0,"enemies":"Maw","floor":45,"turns":8},{"damage":0,"enemies":"4 Shapes","floor":48,"turns":6},{"damage":3,"enemies":"Awakened One","floor":50,"turns":27}],"event_choices":[{"event_name":"Big Fish","player_choice":"Box","floor":3.0,"damage_taken":0.0},{"event_name":"Golden Wing","player_choice":"Card Removal","floor":5.0,"damage_taken":0.0},{"event_name":"Living Wall","player_choice":"Forget","floor":12.0,"damage_taken":0.0},{"event_name":"Match and Keep!","player_choice":"2 cards matched","floor":20,"damage_taken":0},{"event_name":"Addict","player_choice":"Obtained Relic","floor":22,"damage_taken":0},{"event_name":"Drug Dealer","player_choice":"Ignored","floor":30,"damage_taken":0},{"event_name":"Mysterious Sphere","player_choice":"Fight","floor":37,"damage_taken":0},{"event_name":"Winding Halls","player_choice":"Writhe","floor":38,"damage_taken":0},{"event_name":"The Moai Head","player_choice":"Heal","floor":39,"damage_taken":0}],"boss_relics":[{"not_picked":["Runic Pyramid","Tiny House"],"picked":"Sozu"}],"potions_floor_spawned":[8,11,16,18,21,31,33,35,37,45,48],"seed_played":"6265586761282312961","ascension_level":0,"is_trial":false}