{"path_per_floor":["M","M","?","?","M","R","$","M","T","M","R","$","M","?","R","B",null,"M","?","M","M","M","R","E","M","T","$","M","M","M","?","R"],"character_chosen":"IRONCLAD","items_purchased":["Uppercut","Regal Pillow","Medical Kit"],"gold_per_floor":[109,119,119,294,308,308,233,249,249,262,262,162,176,251,251,377,377,390,390,406,431,445,445,481,504,504,78,99,124,145,145,145,145],"floor_reached":33,"campfire_rested":2,"playtime":1043,"current_hp_per_floor":[80,80,60,60,66,66,66,65,65,55,55,55,58,47,71,8,80,80,80,65,80,55,55,47,41,41,41,42,55,13,13,52,0],"items_purged":["Doubt","Strike_R"],"gold":145,"score":263,"play_id":"3bd88927-d71e-4abc-9cb7-bc8c6e9d115b","local_time":"20180405232504","is_prod":false,"is_daily":false,"is_ascension_mode":false,"campfire_upgraded":3,"timestamp":1522985104,"path_taken":["M","M","?","?","?","R","?","M","T","M","R","$","M","?","R","BOSS","M","?","M","M","M","R","E","M","T","$","M","M","M","?","R","BOSS"],"build_version":"2018-04-05","purchased_purges":2,"victory":false,"master_deck":["Strike_R","Strike_R","Strike_R","Strike_R","Defend_R","Defend_R","Defend_R","Defend_R","Bash","Flex+1","Battle Trance","Armaments+1","Cleave","Pummel","Reaper+1","Reaper","Clothesline+1","Uppercut","Bludgeon"],"max_hp_per_floor":[80,80,80,80,80,80,80,80,80,80,80,80,80,80,80,80,80,80,80,80,80,80,80,80,80,80,80,80,80,80,80,80,80],"relics":["Burning Blood","NeowsBlessing","Golden Idol","Ginger","Snecko Eye","Matryoshka","Ancient Tea Set","Charon\u0027s Ashes","Regal Pillow","Medical Kit"],"card_choices":[{"not_picked":["Clash","Havoc"],"picked":"Flex","floor":1},{"not_picked":["Disarm","Body Slam"],"picked":"Battle Trance","floor":5},{"not_picked":["Shrug It Off","Fire Breathing"],"picked":"Armaments","floor":8},{"not_picked":["Pommel Strike","Havoc"],"picked":"Cleave","floor":10},{"not_picked":["Rupture","Heavy Blade"],"picked":"Pummel","floor":13},{"not_picked":["Juggernaut","Brutality"],"picked":"Reaper","floor":16},{"not_picked":["Clash","Shrug It Off"],"picked":"Clothesline","floor":25},{"not_picked":["Fire Breathing","Armaments"],"picked":"Bludgeon","floor":30}],"player_experience":309438,"potions_floor_usage":[16,24,29,30,30,33],"damage_taken":[{"damage":0,"enemies":"Cultist","floor":1,"turns":1},{"damage":0,"enemies":"Small Slimes","floor":2,"turns":1},{"damage":0,"enemies":"2 Louse","floor":5,"turns":2},{"damage":7,"enemies":"Blue Slaver","floor":8,"turns":2},{"damage":16,"enemies":"Large Slime","floor":10,"turns":4},{"damage":3,"enemies":"Red Slaver","floor":13,"turns":4},{"damage":69,"enemies":"The Guardian","floor":16,"turns":16},{"damage":0,"enemies":"3 Byrds","floor":18,"turns":4},{"damage":34,"enemies":"Shell Parasite","floor":20,"turns":8},{"damage":15,"enemies":"Centurion and Healer","floor":21,"turns":4},{"damage":49,"enemies":"3 Cultists","floor":22,"turns":6},{"damage":41,"enemies":"Slavers","floor":24,"turns":6},{"damage":19,"enemies":"Snake Plant","floor":25,"turns":3},{"damage":16,"enemies":"Sentry and Sphere","floor":28,"turns":4},{"damage":19,"enemies":"3 Cultists","floor":29,"turns":4},{"damage":61,"enemies":"Slaver and Parasite","floor":30,"turns":5},{"damage":70,"enemies":"Collector","floor":33,"turns":6}],"event_choices":[{"event_name":"Golden Idol","player_choice":"Take Damage","floor":3,"damage_taken":0},{"event_name":"Liars Game","player_choice":"agreed","floor":4,"damage_taken":0},{"event_name":"World of Goop","player_choice":"Gather Gold","floor":14,"damage_taken":0},{"event_name":"Duplicator","player_choice":"One dupe","floor":19,"damage_taken":0},{"event_name":"Ghosts","player_choice":"Ignored","floor":31,"damage_taken":0}],"boss_relics":[{"not_picked":["Eternal Feather","Calling Bell"],"picked":"Snecko Eye"}],"potions_floor_spawned":[5,10,21,24,28,30],"seed_played":"8528918758410295045","killed_by":"Collector","ascension_level":0,"is_trial":false}