{"path_per_floor":["M","M","M","?","M","R","M","?","T","$","R","M","R","M","R","B",null,"M","M","M","?","M","E"],"character_chosen":"THE_SILENT","items_purchased":["Footwork","Backstab"],"gold_per_floor":[119,131,146,146,163,163,183,183,183,73,73,88,88,101,101,196,196,212,232,249,249,269,269,269],"floor_reached":24,"campfire_rested":0,"playtime":793,"item_purchase_floors":[10,10],"current_hp_per_floor":[68,68,68,61,61,61,47,33,43,43,43,43,43,43,43,17,80,54,42,13,13,4,4,0],"items_purged":[],"gold":269,"score":237,"play_id":"e2437707-3bf2-4a60-b33f-b7196f7ccfab","local_time":"20180531213112","is_prod":false,"is_daily":false,"chose_seed":false,"is_ascension_mode":false,"campfire_upgraded":4,"win_rate":0,"timestamp":1527816672,"campfire_choices":[{"data":"Neutralize","floor":6,"key":"SMITH"},{"data":"Backstab","floor":11,"key":"SMITH"},{"data":"Footwork","floor":13,"key":"SMITH"},{"data":"Footwork","floor":15,"key":"SMITH"}],"path_taken":["M","M","M","?","?","R","?","?","T","$","R","M","R","M","R","BOSS","M","M","M","?","M","E","M"],"build_version":"2018-05-30v2","seed_source_timestamp":90117708049242,"purchased_purges":0,"victory":false,"master_deck":["Defend_G","Defend_G+1","Defend_G","Defend_G","Strike_G","Strike_G","Strike_G+1","Strike_G","Strike_G","Survivor","Neutralize+1","Dodge and Roll","Dagger Throw","Tactician","Footwork+1","Backstab+1","Footwork+1","Quick Slash","After Image","Dagger Spray+1","Flying Knee+1","Deadly Poison+1"],"max_hp_per_floor":[70,70,70,70,70,70,70,70,80,80,80,80,80,80,80,80,80,80,80,80,80,80,80,80],"relics":["Velvet Choker","Pear","Philosopher\u0027s Stone"],"card_choices":[{"not_picked":["Slice","Escape Plan"],"picked":"Dodge and Roll","floor":1},{"not_picked":["Backflip","Outmaneuver"],"picked":"Dagger Throw","floor":2},{"not_picked":["Eviscerate","Outmaneuver","Deflect"],"picked":"SKIP","floor":3},{"not_picked":["Flying Knee","Quick Slash"],"picked":"Tactician","floor":5},{"not_picked":["Cloak And Dagger","Poisoned Stab","Outmaneuver"],"picked":"SKIP","floor":7},{"not_picked":["Blur","Envenom"],"picked":"Footwork","floor":12},{"not_picked":["Escape Plan","Reflex"],"picked":"Quick Slash","floor":14},{"not_picked":["Tools of the Trade","Night Terror"],"picked":"After Image","floor":16},{"not_picked":["Backstab","Backflip"],"picked":"Dagger Spray+1","floor":18},{"not_picked":["Expertise+1","PiercingWail+1"],"picked":"Flying Knee+1","floor":19},{"not_picked":["Bane+1","Concentrate"],"picked":"Deadly Poison+1","floor":20},{"not_picked":["Acrobatics","Footwork","Prepared+1"],"picked":"SKIP","floor":22}],"player_experience":533666,"potions_floor_usage":[7,16,20,23],"damage_taken":[{"damage":2,"enemies":"Small Slimes","floor":1,"turns":4},{"damage":0,"enemies":"2 Louse","floor":2,"turns":3},{"damage":0,"enemies":"Jaw Worm","floor":3,"turns":3},{"damage":0,"enemies":"Looter","floor":5,"turns":3},{"damage":14,"enemies":"Gremlin Gang","floor":7,"turns":8},{"damage":0,"enemies":"3 Louse","floor":12,"turns":3},{"damage":0,"enemies":"Blue Slaver","floor":14,"turns":4},{"damage":26,"enemies":"Hexaghost","floor":16,"turns":15},{"damage":26,"enemies":"3 Byrds","floor":18,"turns":9},{"damage":12,"enemies":"Shell Parasite","floor":19,"turns":5},{"damage":29,"enemies":"Snake Plant","floor":20,"turns":4},{"damage":9,"enemies":"Centurion and Healer","floor":22,"turns":7},{"damage":0,"enemies":"Slavers","floor":23,"turns":1},{"damage":7,"enemies":"Cultist and Chosen","floor":24,"turns":3}],"relics_obtained":[{"floor":9,"key":"Pear"}],"event_choices":[{"event_name":"Golden Wing","player_choice":"Card Removal","floor":4,"damage_taken":0},{"event_name":"Shining Light","player_choice":"Entered Light","floor":8,"damage_taken":0},{"event_name":"Ghosts","player_choice":"Ignored","floor":21,"damage_taken":0}],"boss_relics":[{"not_picked":["Pandora\u0027s Box","Sozu"],"picked":"Philosopher\u0027s Stone"}],"items_purged_floors":[],"potions_floor_spawned":[3,5,7,12,18,19,22,23],"seed_played":"6903453674333757172","killed_by":"Cultist and Chosen","ascension_level":0,"potions_obtained":[{"floor":3,"key":"GamblersBrew"},{"floor":5,"key":"Block Potion"},{"floor":7,"key":"Ancient Potion"},{"floor":12,"key":"SteroidPotion"},{"floor":18,"key":"SmokeBomb"},{"floor":19,"key":"Fire Potion"},{"floor":22,"key":"Ancient Potion"}],"is_trial":false}