{"path_per_floor":["M","?","$","?","M","R","E","R","T","M","M","R","M","?","R","B",null,"M","?","?","$","M","R","$","R","T","M","?","M","R","T","R","B",null,"M","?","$","M","M","R","?","R","T","M","M","M","?","M","R","B"],"character_chosen":"THE_SILENT","items_purchased":["Adrenaline","Dodge and Roll","Blind","Escape Plan","Block Potion","Panache"],"gold_per_floor":[113,113,41,41,56,56,99,99,99,117,138,138,154,234,234,364,364,380,380,380,238,251,251,135,135,135,160,160,175,175,175,175,272,272,282,282,92,111,125,125,125,125,125,144,161,174,174,186,186,186],"floor_reached":51,"campfire_rested":0,"playtime":1737,"current_hp_per_floor":[70,65,65,65,62,62,38,38,38,38,33,33,33,27,27,33,65,63,63,63,63,56,56,56,56,56,49,49,56,56,56,56,41,65,65,65,65,65,61,61,61,61,61,65,65,65,65,65,65,11],"items_purged":[],"gold":186,"score":647,"play_id":"e0404e90-226e-463e-8ead-9efd6abb764d","local_time":"20180413223411","is_prod":false,"is_daily":false,"chose_seed":false,"is_ascension_mode":false,"campfire_upgraded":11,"timestamp":1523673251,"path_taken":["M","?","$","?","M","R","E","R","T","M","M","R","M","?","R","BOSS","M","?","?","$","M","R","?","R","T","M","?","M","R","?","R","BOSS","M","?","$","?","M","R","?","R","T","?","M","M","?","?","R","BOSS"],"build_version":"2018-04-12","seed_source_timestamp":1117676597855391,"purchased_purges":0,"victory":true,"master_deck":["Survivor","Neutralize+1","Adrenaline+1","Deadly Poison+1","Cloak And Dagger+1","Deadly Poison+1","Adrenaline+1","Slice","Deadly Poison","Envenom+1","PiercingWail","Malaise+1","Dagger Spray","Choke+1","PiercingWail","PiercingWail","Backflip","Bane+1","Dodge and Roll","Blind+1","Accuracy+1","Escape Plan","Bane","Cloak And Dagger+1","Adrenaline+1","Calculated Gamble+1","Panache+1","Expertise+1","Injury","Malaise+1","Dagger Spray+1","Finisher+1","Finisher+1"],"max_hp_per_floor":[70,65,65,65,65,65,65,65,65,65,65,65,65,65,65,65,65,65,65,65,65,65,65,65,65,65,65,65,65,65,65,65,65,65,65,65,65,65,65,65,65,65,65,65,65,65,65,65,65,65],"relics":["Ring of the Snake","Prayer Wheel","Bloody Idol","Ninja Scroll","Bird Faced Urn","Vajra","Pandora\u0027s Box","Dead Branch","Frozen Egg 2","Philosopher\u0027s Stone","Lantern"],"card_choices":[{"not_picked":["Poisoned Stab","Outmaneuver"],"picked":"Deadly Poison","floor":5},{"not_picked":["Poisoned Stab","Outmaneuver"],"picked":"Cloak And Dagger","floor":7},{"not_picked":["Prepared","Skewer"],"picked":"Deadly Poison","floor":9},{"not_picked":["Poisoned Stab","Backstab"],"picked":"Adrenaline","floor":10},{"not_picked":["Underhanded Strike","Bane"],"picked":"Slice","floor":11},{"not_picked":["Acrobatics","PiercingWail"],"picked":"Deadly Poison","floor":13},{"not_picked":["Adrenaline","A Thousand Cuts"],"picked":"Envenom","floor":16},{"not_picked":["Dagger Throw","Setup"],"picked":"Bane","floor":18},{"not_picked":["Dagger Spray","PiercingWail"],"picked":"Accuracy","floor":22},{"not_picked":["Dagger Spray","Flechettes"],"picked":"Bane","floor":26},{"not_picked":["Quick Slash","Flying Knee"],"picked":"Cloak And Dagger","floor":31},{"not_picked":["Tactician","Night Terror"],"picked":"Adrenaline","floor":33},{"not_picked":["Backflip","Underhanded Strike"],"picked":"Calculated Gamble","floor":35},{"not_picked":["Deflect","PiercingWail"],"picked":"Expertise","floor":39},{"not_picked":["Deflect","Doppelganger"],"picked":"Malaise","floor":43},{"not_picked":["PiercingWail","Deadly Poison"],"picked":"Dagger Spray","floor":45},{"not_picked":["Acrobatics","Dash"],"picked":"Finisher","floor":46},{"not_picked":["Accuracy","Well Laid Plans"],"picked":"Finisher","floor":48}],"player_experience":346638,"potions_floor_usage":[7,16,33,33,50,50,50],"damage_taken":[{"damage":0,"enemies":"2 Louse","floor":1,"turns":4},{"damage":3,"enemies":"Jaw Worm","floor":5,"turns":5},{"damage":24,"enemies":"Lagavulin","floor":7,"turns":7},{"damage":0,"enemies":"Small Slimes","floor":10,"turns":2},{"damage":5,"enemies":"Exordium Wildlife","floor":11,"turns":4},{"damage":0,"enemies":"Gremlin Gang","floor":13,"turns":3},{"damage":6,"enemies":"Lagavulin Event","floor":14,"turns":4},{"damage":9,"enemies":"Hexaghost","floor":16,"turns":7},{"damage":2,"enemies":"Spheric Guardian","floor":18,"turns":4},{"damage":7,"enemies":"2 Thieves","floor":22,"turns":3},{"damage":11,"enemies":"Snake Plant","floor":27,"turns":3},{"damage":0,"enemies":"Centurion and Healer","floor":29,"turns":1},{"damage":44,"enemies":"Collector","floor":33,"turns":7},{"damage":0,"enemies":"Orb Walker","floor":35,"turns":1},{"damage":2,"enemies":"3 Shapes","floor":38,"turns":3},{"damage":13,"enemies":"Maw","floor":39,"turns":5},{"damage":10,"enemies":"4 Shapes","floor":44,"turns":4},{"damage":0,"enemies":"3 Darklings","floor":45,"turns":1},{"damage":0,"enemies":"Maw","floor":46,"turns":4},{"damage":0,"enemies":"4 Shapes","floor":48,"turns":1},{"damage":81,"enemies":"Awakened One","floor":50,"turns":11}],"event_choices":[{"event_name":"Golden Idol","player_choice":"Lose Max HP","floor":2,"damage_taken":0},{"event_name":"The Lab","player_choice":"Got Potions","floor":4,"damage_taken":0},{"event_name":"Dead Adventurer","player_choice":"Searched \u00272\u0027 times","floor":14,"damage_taken":0},{"event_name":"Vampires","player_choice":"Ignored","floor":19,"damage_taken":0},{"event_name":"Back to Basics","player_choice":"Elegance","floor":20,"damage_taken":0},{"event_name":"Forgotten Altar","player_choice":"Gave Idol","floor":28,"damage_taken":0},{"event_name":"Accursed Blacksmith","player_choice":"Forge","floor":41,"damage_taken":0},{"event_name":"Purifier","player_choice":"One Purge","floor":47,"damage_taken":0}],"boss_relics":[{"not_picked":["Runic Pyramid","Calling Bell"],"picked":"Pandora\u0027s Box"},{"not_picked":["Astrolabe","Lizard Tail"],"picked":"Philosopher\u0027s Stone"}],"potions_floor_spawned":[7,10,16,29,39,46],"seed_played":"2707046546803662947","ascension_level":0,"is_trial":false}