{"gold_per_floor":[116,129,55,69,88,88,105,115,115,115,129,139,159,159,159,254,254,274,274,274,392,405,405,430,430,457,569,584,584],"floor_reached":29,"playtime":1074,"items_purged":[],"score":243,"play_id":"d5c8b723-58fb-4ee8-82b7-555270f19e15","local_time":"20190106205438","is_ascension_mode":false,"campfire_choices":[{"data":"Zap","floor":6,"key":"SMITH"},{"data":"Defragment","floor":10,"key":"SMITH"},{"floor":15,"key":"REST"},{"floor":23,"key":"REST"},{"floor":25,"key":"REST"}],"neow_cost":"NONE","seed_source_timestamp":861825782397001,"circlet_count":0,"master_deck":["Strike_B","Strike_B","Strike_B","Strike_B","Defend_B","Defend_B","Defend_B","Defend_B","Zap+1","Dualcast","Defragment+1","Redo","Self Repair","hubris:PowerSurge","Thunder Strike","Aggregate","Steam","Hologram","Meteor Strike","Defragment","Coolheaded","Stack","Rebound+1","Barrage"],"relics":["Cracked Core","Ancient Tea Set","Blood Vial","Vajra","infinitespire:ShieldingShard","Fusion Hammer","Frozen Egg 2","Bottled Lightning","hubris:BallOfYels"],"potions_floor_usage":[22,29,29],"damage_taken":[{"damage":1,"enemies":"Cultist","floor":1,"turns":3},{"damage":0,"enemies":"Small Slimes","floor":2,"turns":3},{"damage":6,"enemies":"Jaw Worm","floor":4,"turns":4},{"damage":19,"enemies":"Exordium Wildlife","floor":5,"turns":4},{"damage":11,"enemies":"Lots of Slimes","floor":7,"turns":3},{"damage":8,"enemies":"Large Slime","floor":8,"turns":4},{"damage":5,"enemies":"2 Fungi Beasts","floor":11,"turns":3},{"damage":11,"enemies":"Red Slaver","floor":12,"turns":3},{"damage":33,"enemies":"Gremlin Gang","floor":13,"turns":4},{"damage":35,"enemies":"Slime Boss","floor":16,"turns":8},{"damage":11,"enemies":"3 Byrds","floor":18,"turns":7},{"damage":13,"enemies":"Spheric Guardian","floor":21,"turns":4},{"damage":23,"enemies":"Snake Plant","floor":22,"turns":6},{"damage":61,"enemies":"Book of Stabbing","floor":24,"turns":7},{"damage":9,"enemies":"Centurion and Healer","floor":27,"turns":7},{"damage":15,"enemies":"Shelled Parasite and Fungi","floor":28,"turns":5},{"damage":40,"enemies":"Gremlin Leader","floor":29,"turns":5}],"seed_played":"5711168131639501169","potions_obtained":[{"floor":2,"key":"GamblersBrew"},{"floor":7,"key":"SteroidPotion"},{"floor":11,"key":"Dexterity Potion"},{"floor":22,"key":"FocusPotion"}],"is_trial":false,"path_per_floor":["M","M","$","M","M","R","M","M","T","R","M","M","M","T","R","B",null,"M","T","?","M","M","R","E","R","T","M","M","E"],"character_chosen":"DEFECT","items_purchased":["Self Repair"],"campfire_rested":3,"item_purchase_floors":[3],"current_hp_per_floor":[74,74,74,75,63,63,59,58,58,58,55,53,29,29,51,25,75,71,71,71,67,53,75,21,43,43,43,37,0],"gold":584,"neow_bonus":"RANDOM_COMMON_RELIC","is_prod":false,"is_daily":false,"chose_seed":false,"campfire_upgraded":2,"win_rate":0,"timestamp":1546826078,"path_taken":["M","M","?","M","M","R","M","M","T","R","?","M","M","?","R","BOSS","M","?","?","M","M","R","E","R","T","M","M","E"],"build_version":"2019-01-03v4","purchased_purges":0,"victory":false,"max_hp_per_floor":[75,75,75,75,75,75,75,75,75,75,75,75,75,75,75,75,75,75,75,75,75,75,75,75,75,75,75,75,75],"card_choices":[{"not_picked":["Sweeping Beam","Steam"],"picked":"Defragment","floor":1},{"not_picked":["Lockon","Turbo"],"picked":"Redo","floor":2},{"not_picked":["Double Energy","Hologram"],"picked":"hubris:PowerSurge","floor":4},{"not_picked":["Heatsinks","Rebound"],"picked":"Thunder Strike","floor":5},{"not_picked":["Loop","Compile Driver"],"picked":"Aggregate","floor":7},{"not_picked":["White Noise","Skim","Steam Power"],"picked":"SKIP","floor":8},{"not_picked":["Streamline","Chill","Steam"],"picked":"SKIP","floor":11},{"not_picked":["Streamline","Chill"],"picked":"Steam","floor":11},{"not_picked":["Skim","Leap"],"picked":"Hologram","floor":12},{"not_picked":["Reinforced Body","Redo","Loop"],"picked":"SKIP","floor":13},{"not_picked":["hubris:SpecializedCircuitry","hubris:Prefetch"],"picked":"Meteor Strike","floor":16},{"not_picked":["Chill","Ball Lightning"],"picked":"Defragment","floor":18},{"not_picked":["Hologram","Scrape"],"picked":"Coolheaded","floor":21},{"not_picked":["Reboot","Gash"],"picked":"Stack","floor":22},{"not_picked":["Doom and Gloom+1","Compile Driver"],"picked":"Rebound+1","floor":24},{"not_picked":["Steam Power","Compile Driver"],"picked":"Barrage","floor":27},{"not_picked":["Chaos","Redo","Streamline"],"picked":"SKIP","floor":28}],"player_experience":545728,"relics_obtained":[{"floor":9,"key":"Blood Vial"},{"floor":14,"key":"infinitespire:ShieldingShard"},{"floor":19,"key":"Frozen Egg 2"},{"floor":24,"key":"Bottled Lightning"},{"floor":26,"key":"hubris:BallOfYels"}],"event_choices":[],"is_beta":false,"boss_relics":[{"not_picked":["hubris:HollowSoul","hubris:BlackHole"],"picked":"Fusion Hammer"}],"items_purged_floors":[],"is_endless":false,"potions_floor_spawned":[2,7,11,18,22,27],"killed_by":"Gremlin Leader","ascension_level":0}