{"gold_per_floor":[118,138,213,229,229,261,261,261,284,209,226,240,240,260,260,356,356,370,370,270,281,292,292,308,308,389,389],"floor_reached":27,"playtime":859,"items_purged":["Defend_R","Strike_R"],"score":215,"play_id":"4f4f6ddb-b8c3-4eef-a01b-90fa08a538ab","local_time":"20190823012253","is_ascension_mode":false,"campfire_choices":[{"data":"Perfected Strike","floor":8,"key":"SMITH"},{"data":"Dark Embrace","floor":13,"key":"SMITH"},{"data":"Disarm","floor":15,"key":"SMITH"},{"data":"Inflame","floor":23,"key":"SMITH"}],"neow_cost":"NONE","seed_source_timestamp":119963583577300,"circlet_count":0,"master_deck":["Strike_R+1","Strike_R+1","Defend_R","Defend_R","Defend_R","Bash","Dark Embrace+1","Sword Boomerang","Seeing Red","Reckless Charge","Inflame+1","Disarm+1","Juggernaut","Bloodletting+1","Sever Soul+1","Seeing Red+1","Armaments","Burning Pact","Warcry+1"],"relics":["Burning Blood","Bag of Preparation","Omamori","Astrolabe","Bottled Lightning"],"potions_floor_usage":[24,27],"damage_taken":[{"damage":2,"enemies":"2 Louse","floor":1,"turns":3},{"damage":0,"enemies":"Small Slimes","floor":2,"turns":5},{"damage":8,"enemies":"Jaw Worm","floor":4,"turns":3},{"damage":35,"enemies":"3 Sentries","floor":6,"turns":7},{"damage":8,"enemies":"3 Louse","floor":11,"turns":3},{"damage":14,"enemies":"Lots of Slimes","floor":12,"turns":4},{"damage":13,"enemies":"Red Slaver","floor":14,"turns":2},{"damage":28,"enemies":"The Guardian","floor":16,"turns":13},{"damage":22,"enemies":"Spheric Guardian","floor":18,"turns":4},{"damage":8,"enemies":"2 Thieves","floor":21,"turns":4},{"damage":32,"enemies":"Sentry and Sphere","floor":22,"turns":5},{"damage":19,"enemies":"Centurion and Healer","floor":24,"turns":4},{"damage":31,"enemies":"3 Cultists","floor":27,"turns":4}],"seed_played":"8721592702763691898","potions_obtained":[{"floor":1,"key":"Weak Potion"},{"floor":2,"key":"Dexterity Potion"},{"floor":6,"key":"SpeedPotion"},{"floor":18,"key":"BloodPotion"}],"is_trial":false,"path_per_floor":["M","M","?","M","?","E","?","R","T","$","M","M","R","M","R","B",null,"M","?","$","M","M","R","M","?","T","M"],"character_chosen":"IRONCLAD","items_purchased":[],"campfire_rested":0,"item_purchase_floors":[],"current_hp_per_floor":[80,80,69,67,51,22,48,48,48,48,46,38,38,31,31,9,80,64,49,49,47,21,21,29,29,29,0],"gold":389,"neow_bonus":"ONE_RANDOM_RARE_CARD","is_prod":false,"is_daily":false,"chose_seed":false,"campfire_upgraded":4,"win_rate":0,"timestamp":1566537773,"path_taken":["M","M","?","M","?","E","?","R","T","?","M","M","R","M","R","BOSS","M","?","$","M","M","R","M","?","T","M"],"build_version":"2019-08-15","purchased_purges":2,"victory":false,"max_hp_per_floor":[80,80,80,80,80,80,80,80,80,80,80,80,80,80,80,80,80,80,85,85,85,85,85,85,85,85,85],"card_choices":[{"not_picked":["Reckless Charge","Rupture"],"picked":"Sword Boomerang","floor":1},{"not_picked":["Iron Wave","Thunderclap"],"picked":"Perfected Strike","floor":2},{"not_picked":["Double Tap","Shrug It Off"],"picked":"Seeing Red","floor":4},{"not_picked":["Havoc","Dark Embrace"],"picked":"Reckless Charge","floor":6},{"not_picked":["Sword Boomerang","Shockwave"],"picked":"Inflame","floor":11},{"not_picked":["Perfected Strike","Bloodletting","Dropkick"],"picked":"SKIP","floor":12},{"not_picked":["Thunderclap","Anger"],"picked":"Disarm","floor":14},{"not_picked":["Immolate","Dark Embrace"],"picked":"Juggernaut","floor":16},{"not_picked":["Dual Wield","Power Through"],"picked":"Armaments","floor":18},{"not_picked":["Heavy Blade","Ghostly Armor"],"picked":"Burning Pact","floor":21},{"not_picked":["Armaments","Reckless Charge","Clash"],"picked":"SKIP","floor":22},{"not_picked":["Sword Boomerang+1","Entrench"],"picked":"Warcry+1","floor":24}],"player_experience":980414,"relics_obtained":[{"floor":6,"key":"Bag of Preparation"},{"floor":9,"key":"Omamori"},{"floor":26,"key":"Bottled Lightning"}],"event_choices":[{"damage_healed":0,"gold_gain":75,"player_choice":"Gather Gold","damage_taken":11,"max_hp_gain":0,"max_hp_loss":0,"event_name":"World of Goop","floor":3,"gold_loss":0},{"damage_healed":0,"gold_gain":0,"player_choice":"Entered Light","damage_taken":16,"max_hp_gain":0,"max_hp_loss":0,"event_name":"Shining Light","floor":5,"gold_loss":0,"cards_upgraded":["Strike_R","Strike_R"]},{"damage_healed":26,"gold_gain":0,"player_choice":"Banana","damage_taken":0,"max_hp_gain":0,"max_hp_loss":0,"event_name":"Big Fish","floor":7,"gold_loss":0},{"damage_healed":0,"gold_gain":0,"player_choice":"Shed Blood","damage_taken":20,"max_hp_gain":5,"max_hp_loss":0,"event_name":"Forgotten Altar","floor":19,"gold_loss":0},{"damage_healed":0,"gold_gain":0,"player_choice":"Bought 0 Potions","damage_taken":0,"max_hp_gain":0,"max_hp_loss":0,"event_name":"The Woman in Blue","floor":25,"gold_loss":0}],"is_beta":true,"boss_relics":[{"not_picked":["Lizard Tail","Fusion Hammer"],"picked":"Astrolabe"}],"items_purged_floors":[10,20],"is_endless":false,"potions_floor_spawned":[1,2,6,12,18,22],"killed_by":"3 Cultists","ascension_level":0}