{"gold_per_floor":[112,112,128,78,78,78,146,146,146,146,169,192,205,230,230,361,361,374,464,477,497,497],"floor_reached":22,"playtime":611,"items_purged":[],"score":313,"play_id":"aa7a7d5e-6776-46e7-8245-14ce8b17478e","local_time":"20180912150628","is_ascension_mode":true,"campfire_choices":[{"data":"Disarm","floor":6,"key":"SMITH"},{"data":"Feed","floor":8,"key":"SMITH"},{"data":"Bash","floor":10,"key":"SMITH"},{"data":"Disarm","floor":15,"key":"SMITH"}],"neow_cost":"NONE","seed_source_timestamp":1170328092003805,"circlet_count":0,"master_deck":["Strike_R","Strike_R","Strike_R","Strike_R","Defend_R","Defend_R","Defend_R","Defend_R","Bash+1","Disarm+1","Feed+1","Whirlwind","Disarm+1","Offering","Armaments+1","Impatience","Thunderclap"],"relics":["Burning Blood","NeowsBlessing","Golden Idol","Tiny Chest","Ice Cream","Cursed Key"],"potions_floor_usage":[20,21,22],"damage_taken":[{"damage":0,"enemies":"2 Louse","floor":1,"turns":1},{"damage":0,"enemies":"Jaw Worm","floor":3,"turns":1},{"damage":0,"enemies":"Lagavulin","floor":7,"turns":1},{"damage":0,"enemies":"Cultist","floor":11,"turns":3},{"damage":10,"enemies":"2 Fungi Beasts","floor":12,"turns":3},{"damage":17,"enemies":"Red Slaver","floor":13,"turns":4},{"damage":6,"enemies":"3 Louse","floor":14,"turns":4},{"damage":22,"enemies":"The Guardian","floor":16,"turns":18},{"damage":7,"enemies":"3 Byrds","floor":18,"turns":5},{"damage":49,"enemies":"Spheric Guardian","floor":20,"turns":6},{"damage":15,"enemies":"Snake Plant","floor":21,"turns":7},{"damage":26,"enemies":"Centurion and Healer","floor":22,"turns":3}],"seed_played":"6644864285568804639","potions_obtained":[{"floor":5,"key":"Ancient Potion"},{"floor":5,"key":"BloodPotion"},{"floor":5,"key":"BloodPotion"},{"floor":11,"key":"PowerPotion"},{"floor":20,"key":"PowerPotion"}],"is_trial":false,"path_per_floor":["M","?","M","?","?","R","E","R","T","R","M","M","M","M","R","B",null,"M","?","M","M"],"character_chosen":"IRONCLAD","items_purchased":[],"campfire_rested":0,"item_purchase_floors":[],"current_hp_per_floor":[78,58,64,64,64,64,70,70,70,70,80,80,73,77,77,65,91,94,64,21,26,0],"gold":497,"neow_bonus":"THREE_ENEMY_KILL","is_prod":false,"is_daily":false,"chose_seed":false,"campfire_upgraded":4,"win_rate":0,"timestamp":1536779188,"path_taken":["M","?","M","?","?","R","E","R","T","R","M","?","M","?","R","BOSS","M","?","M","M","?"],"build_version":"2018-09-10","purchased_purges":0,"victory":false,"max_hp_per_floor":[80,80,80,80,80,80,80,80,80,80,84,88,92,96,96,100,100,104,104,104,108,108],"card_choices":[{"not_picked":["Armaments","Wild Strike","Heavy Blade"],"picked":"SKIP","floor":1},{"not_picked":["Heavy Blade","Rupture"],"picked":"Disarm","floor":3},{"not_picked":["Heavy Blade","Berserk"],"picked":"Feed","floor":7},{"not_picked":["Wild Strike","Twin Strike"],"picked":"Whirlwind","floor":11},{"not_picked":["Clash","Flex","Evolve"],"picked":"SKIP","floor":12},{"not_picked":["Flex","Corruption"],"picked":"Disarm","floor":13},{"not_picked":["Flex","Intimidate","Rampage"],"picked":"SKIP","floor":14},{"not_picked":["Double Tap","Barricade"],"picked":"Offering","floor":16},{"not_picked":["Warcry","Burning Pact"],"picked":"Armaments+1","floor":18},{"not_picked":["Flex","Thunderclap","Heavy Blade+1"],"picked":"SKIP","floor":20},{"not_picked":["Offering","Perfected Strike"],"picked":"Thunderclap","floor":21}],"player_experience":894161,"relics_obtained":[{"floor":7,"key":"Tiny Chest"},{"floor":9,"key":"Ice Cream"}],"event_choices":[{"event_name":"Golden Idol","player_choice":"Take Damage","floor":2,"damage_taken":0},{"event_name":"The Cleric","player_choice":"Card Removal","floor":4,"damage_taken":0},{"event_name":"The Lab","player_choice":"Got Potions","floor":5,"damage_taken":0},{"event_name":"Knowing Skull","player_choice":"GOLD CARD ","floor":19,"damage_taken":0}],"is_beta":true,"boss_relics":[{"not_picked":["Eternal Feather","Ectoplasm"],"picked":"Cursed Key"}],"items_purged_floors":[],"is_endless":false,"potions_floor_spawned":[7,11,12,18,20],"killed_by":"Centurion and Healer","ascension_level":7}