{"gold_per_floor":[110,121,121,121,131,131,160,160,210,210,231,244,284,304,304,388,388,411,411,433,433,32,32,0,24,71,71,141,121,147,165,165,165],"floor_reached":33,"playtime":1501,"items_purged":[],"score":475,"play_id":"5cc42aae-1ecc-4661-a2a4-fcf7e73fccf2","local_time":"20190915212206","is_ascension_mode":true,"campfire_choices":[{"data":"Neutralize","floor":6.0,"key":"SMITH"},{"floor":8.0,"key":"REST"},{"floor":10.0,"key":"REST"},{"floor":15.0,"key":"REST"},{"floor":23.0,"key":"REST"},{"floor":27.0,"key":"REST"},{"floor":32.0,"key":"REST"}],"neow_cost":"NONE","seed_source_timestamp":111557615585300,"circlet_count":0,"master_deck":["AscendersBane","Strike_G","Strike_G","Strike_G","Strike_G","Strike_G","Defend_G","Defend_G","Defend_G","Defend_G","Defend_G","Survivor","Neutralize+1","Blade Dance","Cloak And Dagger","Crippling Poison","Deadly Poison","All Out Attack","Terror","Flying Knee","Bullet Time","Endless Agony+1","Catalyst","Finisher","Sucker Punch","Caltrops","Backflip","Quick Slash","Heel Hook"],"special_seed":0,"relics":["Ring of the Snake","NeowsBlessing","Regal Pillow","Ginger","CeramicFish","Pantograph","Philosopher\u0027s Stone","Medical Kit","Smiling Mask","Paper Crane"],"potions_floor_usage":[],"damage_taken":[{"damage":0.0,"enemies":"Cultist","floor":1.0,"turns":1.0},{"damage":0.0,"enemies":"2 Louse","floor":2.0,"turns":1.0},{"damage":0.0,"enemies":"Small Slimes","floor":5.0,"turns":1.0},{"damage":57.0,"enemies":"Lagavulin","floor":7.0,"turns":9.0},{"damage":1.0,"enemies":"Blue Slaver","floor":11.0,"turns":4.0},{"damage":15.0,"enemies":"Exordium Wildlife","floor":12.0,"turns":4.0},{"damage":40.0,"enemies":"Gremlin Nob","floor":13.0,"turns":5.0},{"damage":2.0,"enemies":"Looter","floor":14.0,"turns":4.0},{"damage":37.0,"enemies":"Hexaghost","floor":16.0,"turns":10.0},{"damage":42.0,"enemies":"Chosen","floor":18.0,"turns":5.0},{"damage":9.0,"enemies":"2 Thieves","floor":20.0,"turns":4.0},{"damage":22.0,"enemies":"Shelled Parasite and Fungi","floor":25.0,"turns":4.0},{"damage":16.0,"enemies":"Snecko","floor":30.0,"turns":6.0},{"damage":27.0,"enemies":"Centurion and Healer","floor":31.0,"turns":7.0},{"damage":79,"enemies":"Champ","floor":33,"turns":11}],"seed_played":"-8532800942738805763","potions_obtained":[{"floor":2.0,"key":"EssenceOfSteel"},{"floor":7.0,"key":"AttackPotion"},{"floor":13.0,"key":"FearPotion"},{"floor":18.0,"key":"Regen Potion"},{"floor":29.0,"key":"SteroidPotion"}],"is_trial":false,"path_per_floor":["M","M","?","?","M","R","E","R","T","R","M","M","E","M","R","B",null,"M","?","M","?","$","R","?","M","T","R","T","?","M","M","R","B"],"character_chosen":"THE_SILENT","items_purchased":["Finisher","Sucker Punch","Caltrops","Medical Kit","PowerPotion"],"campfire_rested":6,"item_purchase_floors":[22,22,22,22,22],"current_hp_per_floor":[59,59,59,59,59,59,2,36,36,66,65,50,10,8,42,29,57,15,15,20,2,2,38,38,16,16,52,52,52,36,9,45,0],"gold":165,"neow_bonus":"THREE_ENEMY_KILL","is_prod":false,"is_daily":false,"chose_seed":false,"campfire_upgraded":1,"win_rate":0,"timestamp":1568600526,"path_taken":["M","?","?","?","M","R","E","R","T","R","M","?","E","M","R","BOSS","M","?","M","?","$","R","?","?","T","R","?","?","?","M","R","BOSS"],"build_version":"2019-09-12","purchased_purges":0,"victory":false,"max_hp_per_floor":[66,66,66,66,66,66,66,66,66,66,66,66,66,66,66,66,66,66,66,66,71,71,71,71,71,71,71,71,71,71,71,71,71],"card_choices":[{"not_picked":["Acrobatics","Bane"],"picked":"Blade Dance","floor":1.0},{"not_picked":["Prepared","All Out Attack"],"picked":"Cloak And Dagger","floor":2.0},{"not_picked":["Deflect","Choke"],"picked":"Crippling Poison","floor":5.0},{"not_picked":["Acrobatics","PiercingWail"],"picked":"Deadly Poison","floor":7.0},{"not_picked":["Flying Knee","Quick Slash"],"picked":"All Out Attack","floor":11.0},{"not_picked":["Acrobatics","Slice","Blade Dance"],"picked":"SKIP","floor":12.0},{"not_picked":["Slice","Choke"],"picked":"Terror","floor":13.0},{"not_picked":["Deadly Poison","PiercingWail"],"picked":"Flying Knee","floor":14.0},{"not_picked":["Tools of the Trade","Storm of Steel"],"picked":"Bullet Time","floor":16.0},{"not_picked":["Underhanded Strike","Tactician"],"picked":"Endless Agony+1","floor":18.0},{"not_picked":["Sucker Punch","PiercingWail"],"picked":"Catalyst","floor":20.0},{"not_picked":["Accuracy","Acrobatics"],"picked":"Backflip","floor":25.0},{"not_picked":["Dagger Spray","Finisher"],"picked":"Quick Slash","floor":30.0},{"not_picked":["Backflip","Bouncing Flask"],"picked":"Heel Hook","floor":31.0}],"player_experience":1336106,"relics_obtained":[{"floor":7.0,"key":"Ginger"},{"floor":9.0,"key":"CeramicFish"},{"floor":13.0,"key":"Pantograph"},{"floor":26.0,"key":"Smiling Mask"},{"floor":28.0,"key":"Paper Crane"}],"event_choices":[{"damage_healed":0.0,"max_hp_gain":0.0,"max_hp_loss":0.0,"gold_gain":0.0,"event_name":"The Cleric","player_choice":"Leave","floor":3.0,"gold_loss":0.0,"damage_taken":0.0},{"damage_healed":0.0,"max_hp_gain":0.0,"max_hp_loss":0.0,"gold_gain":0.0,"event_name":"WeMeetAgain","player_choice":"Gave Potion","floor":4.0,"gold_loss":0.0,"damage_taken":0.0,"relics_obtained":["Regal Pillow"]},{"damage_healed":0.0,"max_hp_gain":0.0,"max_hp_loss":0.0,"gold_gain":0.0,"event_name":"Beggar","player_choice":"Ignored","floor":19.0,"gold_loss":0.0,"damage_taken":0.0},{"damage_healed":0.0,"max_hp_gain":5.0,"max_hp_loss":0.0,"gold_gain":0.0,"event_name":"Forgotten Altar","player_choice":"Shed Blood","floor":21.0,"gold_loss":0.0,"damage_taken":23.0},{"damage_healed":0.0,"max_hp_gain":0.0,"max_hp_loss":0.0,"gold_gain":0.0,"event_name":"Masked Bandits","player_choice":"Paid Fearfully","floor":24.0,"gold_loss":32.0,"damage_taken":0.0},{"damage_healed":0.0,"max_hp_gain":0.0,"max_hp_loss":0.0,"gold_gain":0.0,"event_name":"The Woman in Blue","player_choice":"Bought 1 Potion","floor":29.0,"gold_loss":0.0,"damage_taken":0.0}],"is_beta":true,"boss_relics":[{"not_picked":["Busted Crown","SacredBark"],"picked":"Philosopher\u0027s Stone"}],"items_purged_floors":[],"is_endless":false,"potions_floor_spawned":[2,7,13,18,30,31],"killed_by":"Champ","ascension_level":17}