{"gold_per_floor":[116,116,132,148,163,163,182,182,182,198,215,227,227,0,0,105,105,121,121,153,252,265,265,295,313,336,348,377,389,401,430,442,553,565,590,621,652,886,401,401,801,818,871,871,898,898,227,227,227,227],"floor_reached":51,"playtime":2250,"items_purged":["Defend_B"],"score":1106,"play_id":"ed879cbf-ac29-456d-b104-c27797c05d76","local_time":"20181230094244","is_ascension_mode":true,"campfire_choices":[{"data":"Sunder","floor":6.0,"key":"SMITH"},{"data":"Buffer","floor":13.0,"key":"SMITH"},{"data":"Zap","floor":15.0,"key":"SMITH"},{"data":"Hologram","floor":23,"key":"SMITH"},{"data":"Auto Shields","floor":27,"key":"SMITH"},{"floor":32,"key":"REST"},{"data":"Lockon","floor":40,"key":"SMITH"},{"data":"Leap","floor":44,"key":"SMITH"},{"data":"Multi-Cast","floor":49,"key":"SMITH"}],"neow_cost":"NONE","seed_source_timestamp":833163589461430,"circlet_count":0,"master_deck":["Defend_B","Defend_B","Defend_B","Zap+1","Dualcast+1","Auto Shields+1","Leap","Leap+1","Sunder+1","Hologram+1","Buffer+1","Capacitor","Core Surge+1","Undo+1","Electrodynamics+1","Darkness+1","Lockon+1","Echo Form+1","Multi-Cast+1"],"special_seed":0,"relics":["Cracked Core","Gambling Chip","Mercury Hourglass","Bag of Preparation","Astrolabe","Red Mask","Frozen Egg 2","MawBank","Sozu","ClockworkSouvenir","Anchor","Omamori","Old Coin","DataDisk","Lantern","Whetstone","Letter Opener","HandDrill"],"potions_floor_usage":[24,24,25,33,50],"damage_taken":[{"damage":0.0,"enemies":"2 Louse","floor":1.0,"turns":2.0},{"damage":1.0,"enemies":"Cultist","floor":3.0,"turns":4.0},{"damage":0.0,"enemies":"Jaw Worm","floor":4.0,"turns":4.0},{"damage":0.0,"enemies":"Red Slaver","floor":5.0,"turns":5.0},{"damage":0.0,"enemies":"Blue Slaver","floor":7.0,"turns":5.0},{"damage":0.0,"enemies":"Exordium Wildlife","floor":10.0,"turns":2.0},{"damage":0.0,"enemies":"Looter","floor":11.0,"turns":1.0},{"damage":0.0,"enemies":"Blue Slaver","floor":12.0,"turns":3.0},{"damage":14.0,"enemies":"The Guardian","floor":16.0,"turns":12.0},{"damage":0.0,"enemies":"Spheric Guardian","floor":18.0,"turns":1.0},{"damage":0,"enemies":"Masked Bandits","floor":20,"turns":2},{"damage":1,"enemies":"Shell Parasite","floor":22,"turns":7},{"damage":0,"enemies":"Slavers","floor":24,"turns":2},{"damage":2,"enemies":"Snake Plant","floor":25,"turns":3},{"damage":2,"enemies":"Centurion and Healer","floor":28,"turns":3},{"damage":3,"enemies":"Snecko","floor":31,"turns":4},{"damage":0,"enemies":"Automaton","floor":33,"turns":8},{"damage":0,"enemies":"Orb Walker","floor":35,"turns":4},{"damage":0,"enemies":"3 Shapes","floor":36,"turns":3},{"damage":11,"enemies":"3 Darklings","floor":37,"turns":3},{"damage":0,"enemies":"Mind Bloom Boss Battle","floor":41,"turns":6},{"damage":0,"enemies":"Spire Growth","floor":42,"turns":5},{"damage":0,"enemies":"Reptomancer","floor":45,"turns":6},{"damage":77,"enemies":"Time Eater","floor":50,"turns":10}],"seed_played":"-8994092765802751218","potions_obtained":[{"floor":1.0,"key":"Fire Potion"},{"floor":4.0,"key":"GamblersBrew"},{"floor":5.0,"key":"SneckoOil"},{"floor":10.0,"key":"Energy Potion"},{"floor":22,"key":"PowerPotion"},{"floor":24,"key":"Regen Potion"},{"floor":28,"key":"Fire Potion"},{"floor":33,"key":"Energy Potion"}],"is_trial":false,"path_per_floor":["M","?","M","M","M","R","M","?","T","M","M","M","R","$","R","B",null,"M","?","?","?","M","R","E","M","T","R","M","$","?","M","R","B",null,"M","M","M","?","$","R","?","M","T","R","E","?","$","?","R","B",null],"character_chosen":"DEFECT","items_purchased":["Bag of Preparation","Capacitor","ClockworkSouvenir","Anchor","Omamori","Whetstone","Letter Opener","HandDrill"],"campfire_rested":1,"item_purchase_floors":[14,14,39,39,39,47,47,47],"current_hp_per_floor":[68,68,67,67,67,67,67,67,67,67,67,67,67,67,67,53,70,70,56,56,56,55,55,55,62,62,62,60,60,60,57,80,80,80,80,80,69,69,69,69,69,69,69,69,69,80,80,80,80,3],"gold":227,"neow_bonus":"UPGRADE_CARD","is_prod":false,"is_daily":false,"chose_seed":false,"campfire_upgraded":8,"win_rate":0,"timestamp":1546159364,"path_taken":["M","?","M","M","?","R","M","?","T","?","M","M","R","$","R","BOSS","M","?","?","?","M","R","E","M","T","R","M","$","?","M","R","BOSS","M","?","M","?","$","R","?","M","T","R","E","?","?","?","R","BOSS"],"build_version":"2018-12-20","purchased_purges":1,"victory":true,"max_hp_per_floor":[75,75,75,75,75,75,75,75,75,75,75,75,75,75,75,75,75,75,80,80,80,80,80,80,80,80,80,80,80,80,80,80,80,80,80,80,80,80,80,80,80,80,80,80,80,80,80,80,80,80],"card_choices":[{"not_picked":["Force Field","Rebound"],"picked":"Auto Shields","floor":1.0},{"not_picked":["Self Repair","Redo"],"picked":"Leap","floor":3.0},{"not_picked":["Cold Snap","Coolheaded"],"picked":"Leap","floor":4.0},{"not_picked":["Streamline","Cold Snap"],"picked":"Sunder","floor":5.0},{"not_picked":["Double Energy","Conserve Battery","Sweeping Beam"],"picked":"SKIP","floor":7.0},{"not_picked":["Reinforced Body","Skim","Barrage"],"picked":"SKIP","floor":10.0},{"not_picked":["Reinforced Body","Skim","Barrage"],"picked":"SKIP","floor":10.0},{"not_picked":["Redo","Tempest"],"picked":"Hologram","floor":11.0},{"not_picked":["Chill","Sweeping Beam"],"picked":"Buffer","floor":12.0},{"not_picked":["All For One","Biased Cognition"],"picked":"Core Surge","floor":16.0},{"not_picked":["Compile Driver","Fusion"],"picked":"Darkness+1","floor":18.0},{"not_picked":["Scrape","Beam Cell","Steam"],"picked":"SKIP","floor":22},{"not_picked":["Streamline","Tempest","Coolheaded"],"picked":"SKIP","floor":24},{"not_picked":["Steam Power+1","Steam","Chill"],"picked":"SKIP","floor":25},{"not_picked":["Turbo","Conserve Battery","Beam Cell"],"picked":"SKIP","floor":28},{"not_picked":["Hologram+1","Static Discharge+1","Skim+1"],"picked":"SKIP","floor":31},{"not_picked":["Amplify","Buffer+1"],"picked":"Echo Form+1","floor":33},{"not_picked":["Stack","Capacitor+1","Chill"],"picked":"SKIP","floor":35},{"not_picked":["Static Discharge+1","Aggregate+1","Coolheaded+1"],"picked":"SKIP","floor":36},{"not_picked":["Coolheaded","Stack+1","Beam Cell+1"],"picked":"SKIP","floor":37},{"not_picked":["Glacier","Hologram","Blizzard"],"picked":"SKIP","floor":42},{"not_picked":["Reinforced Body+1","Double Energy"],"picked":"Multi-Cast","floor":45}],"player_experience":352394,"relics_obtained":[{"floor":9.0,"key":"Mercury Hourglass"},{"floor":20,"key":"Red Mask"},{"floor":24,"key":"Frozen Egg 2"},{"floor":26,"key":"MawBank"},{"floor":41,"key":"Old Coin"},{"floor":43,"key":"DataDisk"},{"floor":45,"key":"Lantern"}],"event_choices":[{"cards_removed":["Strike_B"],"damage_healed":0.0,"max_hp_gain":0.0,"max_hp_loss":0.0,"gold_gain":0.0,"event_name":"Wheel of Change","player_choice":"Card Removal","floor":2.0,"gold_loss":0.0,"damage_taken":0.0},{"damage_healed":0.0,"max_hp_gain":0.0,"max_hp_loss":0.0,"gold_gain":0.0,"event_name":"WeMeetAgain","player_choice":"Gave Potion","floor":8.0,"gold_loss":0.0,"damage_taken":0.0,"relics_obtained":["Gambling Chip"]},{"damage_healed":0.0,"max_hp_gain":5.0,"max_hp_loss":0.0,"gold_gain":0.0,"event_name":"Forgotten Altar","player_choice":"Shed Blood","floor":19.0,"gold_loss":0.0,"damage_taken":19.0},{"damage_healed":0,"gold_gain":0,"player_choice":"Fought Bandits","damage_taken":0,"max_hp_gain":0,"max_hp_loss":0,"event_name":"Masked Bandits","floor":20,"gold_loss":0},{"damage_healed":0,"gold_gain":99,"player_choice":"Stole From Cult","damage_taken":0,"max_hp_gain":0,"max_hp_loss":0,"event_name":"Nest","floor":21,"gold_loss":0},{"damage_healed":0,"gold_gain":0,"cards_transformed":["Rebound"],"player_choice":"Transformed","damage_taken":0,"max_hp_gain":0,"max_hp_loss":0,"event_name":"Transmorgrifier","floor":30,"gold_loss":0,"cards_obtained":["Lockon"]},{"damage_healed":0,"gold_gain":222,"player_choice":"Wore Mask","damage_taken":0,"max_hp_gain":0,"max_hp_loss":0,"event_name":"Tomb of Lord Red Mask","floor":38,"gold_loss":0},{"damage_healed":0,"gold_gain":0,"player_choice":"Fight","damage_taken":0,"max_hp_gain":0,"max_hp_loss":0,"event_name":"MindBloom","floor":41,"gold_loss":0},{"damage_healed":20,"gold_gain":0,"player_choice":"Writhe","damage_taken":0,"max_hp_gain":0,"max_hp_loss":0,"event_name":"Winding Halls","floor":46,"gold_loss":0,"cards_obtained":["Writhe"]},{"damage_healed":0,"gold_gain":0,"player_choice":"Ignored","damage_taken":0,"max_hp_gain":0,"max_hp_loss":0,"event_name":"SecretPortal","floor":48,"gold_loss":0}],"is_beta":false,"boss_relics":[{"not_picked":["Ectoplasm","Pandora\u0027s Box"],"picked":"Astrolabe"},{"not_picked":["Runic Pyramid","Black Star"],"picked":"Sozu"}],"items_purged_floors":[47],"is_endless":false,"potions_floor_spawned":[1,4,5,10,11,22,24,28,33,37,42],"ascension_level":7}