{"gold_per_floor":[111,130,130,145,145,145,180,193,193,193,211,211,211,230,230,327,327,347,347,357,357,386,398,410,6,29,41,68,68],"floor_reached":29,"playtime":1954,"items_purged":[],"score":245,"play_id":"98f7c56d-4abd-43d0-a530-985f950fcdcf","local_time":"20190911172644","is_ascension_mode":false,"campfire_choices":[{"data":"Dualcast","floor":6,"key":"SMITH"},{"floor":10,"key":"REST"},{"floor":12,"key":"REST"},{"floor":15,"key":"REST"},{"data":"Storm","floor":23,"key":"SMITH"}],"neow_cost":"NONE","seed_source_timestamp":48553188899200,"circlet_count":0,"master_deck":["Strike_B","Strike_B","Strike_B","Strike_B+1","Defend_B","Defend_B+1","Defend_B","Defend_B","Zap+1","Dualcast+1","Leap","Auto Shields+1","Melter","FTL","Gash","Fusion","Static Discharge","Buffer","Ball Lightning+1","Defragment","Self Repair","Storm+1","Writhe","Apotheosis+1","Streamline","Conserve Battery+1","Seek+1","Streamline+1"],"relics":["Cracked Core","NeowsBlessing","Matryoshka","Sundial","Gambling Chip","Snecko Eye","Toxic Egg 2","MawBank","Blood Vial","War Paint","Oddly Smooth Stone","PreservedInsect"],"potions_floor_usage":[],"damage_taken":[{"damage":0,"enemies":"Small Slimes","floor":1,"turns":1},{"damage":0,"enemies":"Cultist","floor":2,"turns":1},{"damage":0,"enemies":"Jaw Worm","floor":4,"turns":1},{"damage":38,"enemies":"Gremlin Nob","floor":7,"turns":5},{"damage":10,"enemies":"Looter","floor":8,"turns":2},{"damage":11,"enemies":"Exordium Thugs","floor":11,"turns":5},{"damage":0,"enemies":"2 Fungi Beasts","floor":14,"turns":3},{"damage":56,"enemies":"Hexaghost","floor":16,"turns":9},{"damage":2,"enemies":"Chosen","floor":18,"turns":6},{"damage":0,"enemies":"Spheric Guardian","floor":20,"turns":2},{"damage":15,"enemies":"Centurion and Healer","floor":22,"turns":8},{"damage":12,"enemies":"3 Cultists","floor":27,"turns":4},{"damage":30,"enemies":"Book of Stabbing","floor":28,"turns":4},{"damage":43,"enemies":"Shelled Parasite and Fungi","floor":29,"turns":3}],"seed_played":"2075063739372897815","potions_obtained":[{"floor":2,"key":"Weak Potion"},{"floor":4,"key":"FocusPotion"},{"floor":5,"key":"LiquidBronze"},{"floor":5,"key":"Dexterity Potion"},{"floor":20,"key":"EssenceOfSteel"},{"floor":28,"key":"AttackPotion"}],"is_trial":false,"path_per_floor":["M","M","?","M","?","R","E","M","T","R","M","R","?","M","R","B",null,"M","?","M","T","M","R","?","$","T","M","E","M"],"character_chosen":"DEFECT","items_purchased":["Apotheosis+1","War Paint","Streamline","Conserve Battery+1"],"campfire_rested":3,"item_purchase_floors":[25,25,25,25],"current_hp_per_floor":[75,75,75,75,75,75,37,27,27,49,38,60,45,45,67,11,75,73,73,73,73,65,65,65,65,65,55,34,0],"gold":68,"neow_bonus":"THREE_ENEMY_KILL","is_prod":false,"is_daily":false,"chose_seed":false,"campfire_upgraded":2,"win_rate":0.0,"timestamp":1568215604,"path_taken":["M","M","?","M","?","R","E","?","T","R","M","R","?","M","R","BOSS","M","?","M","?","M","R","?","$","T","?","E","M"],"build_version":"2019-07-17","purchased_purges":0,"victory":false,"max_hp_per_floor":[75,75,75,75,75,75,75,75,75,75,75,75,75,75,75,75,75,75,75,75,75,75,75,75,75,75,75,75,75],"card_choices":[{"not_picked":["Cold Snap","Barrage"],"picked":"Leap","floor":1},{"not_picked":["Reinforced Body","Ball Lightning"],"picked":"Auto Shields","floor":2},{"not_picked":["FTL","Streamline"],"picked":"Melter","floor":4},{"not_picked":["Leap","Reprogram"],"picked":"FTL","floor":7},{"not_picked":["Leap","Hologram"],"picked":"Gash","floor":8},{"not_picked":["Gash","Go for the Eyes"],"picked":"Fusion","floor":11},{"not_picked":["Streamline","Leap"],"picked":"Static Discharge","floor":14},{"not_picked":["Seek","Amplify"],"picked":"Buffer","floor":16},{"not_picked":["Streamline","Melter"],"picked":"Ball Lightning+1","floor":18},{"not_picked":["Conserve Battery","Chill"],"picked":"Self Repair","floor":20},{"not_picked":["Barrage+1","Streamline"],"picked":"Storm","floor":22},{"not_picked":["Ball Lightning","Conserve Battery+1"],"picked":"Seek+1","floor":27},{"not_picked":["Go for the Eyes","Beam Cell"],"picked":"Streamline+1","floor":28}],"player_experience":3457,"relics_obtained":[{"floor":7,"key":"Matryoshka"},{"floor":9,"key":"Sundial"},{"floor":9,"key":"Gambling Chip"},{"floor":21,"key":"Toxic Egg 2"},{"floor":21,"key":"MawBank"},{"floor":26,"key":"Oddly Smooth Stone"},{"floor":28,"key":"PreservedInsect"}],"event_choices":[{"damage_healed":0,"gold_gain":0,"player_choice":"Ignored","damage_taken":0,"max_hp_gain":0,"max_hp_loss":0,"event_name":"Golden Idol","floor":3,"gold_loss":0},{"damage_healed":0,"gold_gain":0,"player_choice":"Got Potions","damage_taken":0,"max_hp_gain":0,"max_hp_loss":0,"event_name":"Lab","floor":5,"gold_loss":0},{"damage_healed":0,"gold_gain":0,"player_choice":"Entered Light","damage_taken":15,"max_hp_gain":0,"max_hp_loss":0,"event_name":"Shining Light","floor":13,"gold_loss":0,"cards_upgraded":["Defend_B","Strike_B"]},{"damage_healed":0,"gold_gain":0,"player_choice":"Read","damage_taken":0,"max_hp_gain":0,"max_hp_loss":0,"event_name":"The Library","floor":19,"gold_loss":0,"cards_obtained":["Defragment"]},{"damage_healed":0,"gold_gain":0,"player_choice":"Opened","damage_taken":0,"relics_obtained":["Blood Vial"],"max_hp_gain":0,"max_hp_loss":0,"event_name":"The Mausoleum","floor":24,"gold_loss":0,"cards_obtained":["Writhe"]}],"is_beta":false,"boss_relics":[{"not_picked":["Cursed Key","Philosopher\u0027s Stone"],"picked":"Snecko Eye"}],"items_purged_floors":[],"is_endless":false,"potions_floor_spawned":[2,4,8,11,14,20,28],"killed_by":"Shelled Parasite and Fungi","ascension_level":0}