{"gold_per_floor":[116,116,131,131,151,151,167,177,226,246,264,278,203,203,203,203],"floor_reached":16,"playtime":548,"items_purged":["Defend_R"],"score":96,"play_id":"ac34b0a2-6aa0-4e9f-8505-3b079cea05e1","local_time":"20190914182715","is_ascension_mode":false,"campfire_choices":[{"data":"Searing Blow","floor":6,"key":"SMITH"},{"data":"Searing Blow+1","floor":15,"key":"SMITH"}],"neow_cost":"NONE","seed_source_timestamp":2470238537073200,"circlet_count":0,"master_deck":["Strike_R","Strike_R","Strike_R","Strike_R","Strike_R","Defend_R","Defend_R","Defend_R","Bash","Searing Blow+2","Flex","Flex"],"relics":["Mark of Pain"],"potions_floor_usage":[10,12,16,16],"damage_taken":[{"damage":2,"enemies":"2 Louse","floor":1,"turns":3},{"damage":2,"enemies":"Small Slimes","floor":3,"turns":4},{"damage":6,"enemies":"Cultist","floor":5,"turns":3},{"damage":8,"enemies":"Red Slaver","floor":7,"turns":2},{"damage":14,"enemies":"Lots of Slimes","floor":8,"turns":5},{"damage":6,"enemies":"Exordium Wildlife","floor":10,"turns":3},{"damage":4,"enemies":"Blue Slaver","floor":11,"turns":3},{"damage":3,"enemies":"2 Fungi Beasts","floor":12,"turns":3},{"damage":70,"enemies":"The Guardian","floor":16,"turns":11}],"seed_played":"4180870583439487828","potions_obtained":[{"floor":3,"key":"BloodPotion"},{"floor":8,"key":"Explosive Potion"},{"floor":11,"key":"Regen Potion"},{"floor":12,"key":"Fire Potion"}],"is_trial":false,"path_per_floor":["M","?","M","?","M","R","M","M","T","M","M","M","$","T","R","B"],"character_chosen":"IRONCLAD","items_purchased":[],"campfire_rested":0,"item_purchase_floors":[],"current_hp_per_floor":[78,78,76,76,70,70,62,48,48,62,58,64,64,64,64,0],"gold":203,"neow_bonus":"BOSS_RELIC","is_prod":false,"is_daily":false,"chose_seed":false,"campfire_upgraded":2,"win_rate":0,"timestamp":1568500035,"path_taken":["M","?","M","?","M","R","?","M","T","M","M","M","$","?","R","BOSS"],"build_version":"2019-07-17","purchased_purges":1,"victory":false,"max_hp_per_floor":[80,80,80,80,80,80,80,80,80,80,80,80,80,80,80,80],"card_choices":[{"not_picked":["Clothesline","Perfected Strike","Anger"],"picked":"SKIP","floor":1},{"not_picked":["Rupture","Bloodletting"],"picked":"Searing Blow","floor":3},{"not_picked":["Bloodletting","Clothesline"],"picked":"Flex","floor":5},{"not_picked":["Shrug It Off","Shockwave"],"picked":"Flex","floor":7},{"not_picked":["Cleave","Ghostly Armor","Feed"],"picked":"SKIP","floor":8},{"not_picked":["Thunderclap","Warcry","Sentinel"],"picked":"SKIP","floor":10},{"not_picked":["Twin Strike","Havoc","True Grit"],"picked":"SKIP","floor":11},{"not_picked":["Pommel Strike","Disarm","Armaments"],"picked":"SKIP","floor":12}],"player_experience":463663,"relics_obtained":[],"event_choices":[{"damage_healed":0,"gold_gain":0,"player_choice":"Ignored","damage_taken":0,"max_hp_gain":0,"max_hp_loss":0,"event_name":"Golden Idol","floor":2,"gold_loss":0},{"damage_healed":0,"gold_gain":0,"player_choice":"0 cards matched","damage_taken":0,"max_hp_gain":0,"max_hp_loss":0,"event_name":"Match and Keep!","floor":4,"gold_loss":0,"cards_obtained":[]}],"is_beta":false,"boss_relics":[],"items_purged_floors":[13],"is_endless":false,"potions_floor_spawned":[3,8,11,12],"killed_by":"The Guardian","ascension_level":0}