{"path_per_floor":["M","M","$","M","M","R","M","M","T","$","R","M","R","?","R","B",null,"M","?","M","M","M","R","?","R","T","$","R","M","R","M","R"],"character_chosen":"IRONCLAD","items_purchased":["Bag of Marbles","Armaments","Feel No Pain"],"gold_per_floor":[218,228,9,23,40,40,57,67,67,14,14,24,24,24,24,124,124,139,139,151,171,190,190,190,190,190,10,10,29,29,48,48,48],"floor_reached":33,"campfire_rested":2,"playtime":2571,"current_hp_per_floor":[77,76,76,80,70,70,65,68,68,68,68,74,74,74,74,60,75,64,64,46,46,29,29,29,29,29,29,53,25,49,43,43,0],"items_purged":["Defend_R","Strike_R"],"gold":48,"score":337,"play_id":"8807941b-df4e-4993-bb78-a6cebe411858","local_time":"20180418171530","is_prod":false,"is_daily":false,"chose_seed":false,"is_ascension_mode":true,"campfire_upgraded":7,"timestamp":1524096930,"path_taken":["M","M","?","M","M","R","M","M","T","$","R","M","R","?","R","BOSS","M","?","?","M","M","R","?","R","T","$","R","M","R","M","R","BOSS"],"build_version":"2018-04-12","seed_source_timestamp":23699866630489,"purchased_purges":2,"victory":false,"master_deck":["Strike_R","Strike_R","Strike_R","Strike_R","Defend_R","Defend_R","Bash","Iron Wave+1","Anger+1","Thunderclap","Evolve","Dropkick+1","Flex+1","Armaments+1","Shrug It Off+1","Brutality","Body Slam+1","Clash+1","Rupture+1","Feel No Pain+1","Second Wind+1","Disarm"],"max_hp_per_floor":[80,80,80,80,80,80,80,80,80,80,80,80,80,80,80,80,80,80,80,80,80,80,80,80,80,80,80,80,80,80,80,80,80],"relics":["Burning Blood","Bag of Marbles","Shuriken","Lizard Tail","Frozen Egg 2"],"card_choices":[{"not_picked":["Intimidate","Rupture"],"picked":"Iron Wave","floor":1},{"not_picked":["Sword Boomerang","Uppercut"],"picked":"Anger","floor":2},{"not_picked":["Sword Boomerang","Twin Strike"],"picked":"Thunderclap","floor":4},{"not_picked":["Clothesline","Heavy Blade"],"picked":"Evolve","floor":5},{"not_picked":["Shrug It Off","Disarm"],"picked":"Dropkick","floor":7},{"not_picked":["Perfected Strike","Wild Strike"],"picked":"Flex","floor":8},{"not_picked":["Entrench","True Grit"],"picked":"Shrug It Off","floor":12},{"not_picked":["Exhume","Demon Form"],"picked":"Brutality","floor":16},{"not_picked":["Reckless Charge","Shrug It Off"],"picked":"Body Slam","floor":18},{"not_picked":["Headbutt","Heavy Blade"],"picked":"Clash","floor":20},{"not_picked":["Shrug It Off","Pommel Strike"],"picked":"Rupture","floor":21},{"not_picked":["Bludgeon","Twin Strike"],"picked":"Second Wind","floor":29},{"not_picked":["Spot Weakness","Perfected Strike"],"picked":"Disarm","floor":31}],"player_experience":367762,"potions_floor_usage":[16,16,21,22,31,33],"damage_taken":[{"damage":1,"enemies":"Cultist","floor":1,"turns":4},{"damage":7,"enemies":"2 Louse","floor":2,"turns":3},{"damage":0,"enemies":"Small Slimes","floor":4,"turns":2},{"damage":16,"enemies":"Exordium Wildlife","floor":5,"turns":5},{"damage":11,"enemies":"Lots of Slimes","floor":7,"turns":4},{"damage":3,"enemies":"3 Louse","floor":8,"turns":3},{"damage":0,"enemies":"Large Slime","floor":12,"turns":2},{"damage":20,"enemies":"Hexaghost","floor":16,"turns":9},{"damage":17,"enemies":"Shell Parasite","floor":18,"turns":5},{"damage":24,"enemies":"Chosen","floor":20,"turns":5},{"damage":65,"enemies":"Snecko","floor":21,"turns":8},{"damage":38,"enemies":"Centurion and Healer","floor":22,"turns":6},{"damage":34,"enemies":"Snake Plant","floor":29,"turns":3},{"damage":12,"enemies":"Slaver and Parasite","floor":31,"turns":5},{"damage":59,"enemies":"Champ","floor":33,"turns":8}],"event_choices":[{"event_name":"Upgrade Shrine","player_choice":"Upgraded","floor":14,"damage_taken":0},{"event_name":"Bonfire Elementals","player_choice":"BASIC","floor":19,"damage_taken":0},{"event_name":"Match and Keep!","player_choice":"0 cards matched","floor":24,"damage_taken":0}],"boss_relics":[{"not_picked":["Velvet Choker","Tiny House"],"picked":"Lizard Tail"}],"potions_floor_spawned":[1,2,16,21,29,31],"seed_played":"4325503937465909665","killed_by":"Champ","ascension_level":8,"is_trial":false}