{"gold_per_floor":[116,116,134,134,152,152,186,186,186,186,221,146,146,160,160,239,239,257,55,55,73,73,101,101,121,121,121,148,160,160,173,173,247,247,267,290,307,325,325,358,458,489,489,1,20,30,30,57,57,57,57,57,0,34,34],"floor_reached":55,"playtime":6944,"items_purged":["Shame","Strike_B"],"score":1737,"play_id":"6df11e9e-4d4e-40be-8358-b980866738a9","local_time":"20190819211433","is_ascension_mode":true,"campfire_choices":[{"data":"Zap","floor":6.0,"key":"SMITH"},{"data":"Dualcast","floor":8.0,"key":"SMITH"},{"data":"Go for the Eyes","floor":10.0,"key":"SMITH"},{"data":"Stack","floor":13.0,"key":"SMITH"},{"data":"Sunder","floor":15.0,"key":"SMITH"},{"data":"Buffer","floor":24.0,"key":"SMITH"},{"data":"Hyperbeam","floor":27.0,"key":"SMITH"},{"data":"White Noise","floor":30.0,"key":"SMITH"},{"data":"Coolheaded","floor":32.0,"key":"SMITH"},{"floor":49.0,"key":"RECALL"},{"data":"Strike_B","floor":52,"key":"PURGE"}],"neow_cost":"CURSE","seed_source_timestamp":0,"circlet_count":0,"master_deck":["AscendersBane","Defend_B","Defend_B","Defend_B","Defend_B","Zap+1","Dualcast+1","Go for the Eyes+1","Stack+1","Ball Lightning","Compile Driver","All For One","Undo","Sunder+1","Buffer+1","Coolheaded+1","Coolheaded","Auto Shields","Turbo+1","Hyperbeam+1","White Noise+1","Loop+1","Sweeping Beam+1","Darkness","Multi-Cast","Stack+1","Auto Shields+1","All For One+1","FTL+1","Skim","Streamline+1","Steam Power+1"],"special_seed":0,"relics":["Cracked Core","Strawberry","Symbiotic Virus","StoneCalendar","Coffee Dripper","Ornamental Fan","Pen Nib","Ginger","Fusion Hammer","Molten Egg 2","Peace Pipe","Dodecahedron","Blue Candle","Lee\u0027s Waffle","Sundial","Bag of Marbles","Art of War"],"potions_floor_usage":[50,55,55],"damage_taken":[{"damage":8.0,"enemies":"Jaw Worm","floor":1.0,"turns":3.0},{"damage":0.0,"enemies":"Cultist","floor":3.0,"turns":3.0},{"damage":3.0,"enemies":"2 Louse","floor":5.0,"turns":2.0},{"damage":0.0,"enemies":"Gremlin Nob","floor":7.0,"turns":3.0},{"damage":0.0,"enemies":"3 Sentries","floor":11.0,"turns":5.0},{"damage":7.0,"enemies":"Exordium Thugs","floor":14.0,"turns":3.0},{"damage":24.0,"enemies":"Slime Boss","floor":16.0,"turns":7.0},{"damage":0.0,"enemies":"Chosen","floor":18.0,"turns":2.0},{"damage":4.0,"enemies":"Shell Parasite","floor":21.0,"turns":5.0},{"damage":25.0,"enemies":"Book of Stabbing","floor":23.0,"turns":6.0},{"damage":4.0,"enemies":"Snake Plant","floor":25.0,"turns":3.0},{"damage":27.0,"enemies":"Gremlin Leader","floor":28.0,"turns":6.0},{"damage":0.0,"enemies":"Snecko","floor":29.0,"turns":4.0},{"damage":0.0,"enemies":"Sentry and Sphere","floor":31.0,"turns":2.0},{"damage":16.0,"enemies":"Collector","floor":33.0,"turns":6.0},{"damage":0.0,"enemies":"Orb Walker","floor":35.0,"turns":2.0},{"damage":0.0,"enemies":"3 Shapes","floor":37.0,"turns":4.0},{"damage":18.0,"enemies":"Writhing Mass","floor":38.0,"turns":6.0},{"damage":19.0,"enemies":"Giant Head","floor":40.0,"turns":10.0},{"damage":8.0,"enemies":"Mind Bloom Boss Battle","floor":41.0,"turns":7.0},{"damage":10.0,"enemies":"Nemesis","floor":42.0,"turns":3.0},{"damage":0.0,"enemies":"3 Darklings","floor":45.0,"turns":2.0},{"damage":46.0,"enemies":"Jaw Worm Horde","floor":46.0,"turns":4.0},{"damage":0.0,"enemies":"Giant Head","floor":48.0,"turns":7.0},{"damage":53,"enemies":"Awakened One","floor":50,"turns":15},{"damage":57,"enemies":"Shield and Spear","floor":54,"turns":5},{"damage":20,"enemies":"The Heart","floor":55,"turns":3}],"seed_played":"-3101472616828690833","potions_obtained":[{"floor":5.0,"key":"GamblersBrew"},{"floor":7.0,"key":"SpeedPotion"},{"floor":11.0,"key":"Energy Potion"},{"floor":16.0,"key":"Dexterity Potion"},{"floor":21.0,"key":"Weak Potion"},{"floor":25.0,"key":"GamblersBrew"},{"floor":28.0,"key":"Explosive Potion"},{"floor":29.0,"key":"FearPotion"},{"floor":33.0,"key":"Dexterity Potion"},{"floor":35.0,"key":"EssenceOfSteel"},{"floor":41.0,"key":"Block Potion"},{"floor":45.0,"key":"PowerPotion"},{"floor":48.0,"key":"Energy Potion"},{"floor":54,"key":"EssenceOfSteel"}],"is_trial":false,"path_per_floor":["M","?","M","?","M","R","E","R","T","R","E","$","R","M","R","B",null,"M","$","?","M","?","E","R","M","T","R","E","M","R","M","R","B",null,"M","T","M","M","?","E","?","E","T","$","M","M","?","E","R","B",null,"R","$","E","B"],"character_chosen":"DEFECT","items_purchased":["Coolheaded","Auto Shields","Lee\u0027s Waffle","Sundial","PowerPotion"],"campfire_rested":0,"item_purchase_floors":[19,19,44,44,53],"current_hp_per_floor":[70,70,70,75,72,72,79,79,79,79,79,79,79,72,72,48,85,85,85,85,81,81,56,56,52,52,52,25,25,25,25,25,9,75,75,75,75,57,57,38,30,20,20,104,104,58,58,58,58,5,76,76,76,19,0],"gold":34,"neow_bonus":"TWENTY_PERCENT_HP_BONUS","is_prod":false,"is_daily":false,"chose_seed":false,"campfire_upgraded":9,"win_rate":0,"timestamp":1566274473,"path_taken":["M","?","?","?","M","R","E","R","T","R","E","?","R","M","R","BOSS","M","$","?","M","?","E","R","?","T","R","E","M","R","M","R","BOSS","M","?","M","M","?","E","?","E","T","?","?","M","?","E","R","BOSS","R","$","E","BOSS"],"build_version":"2019-07-17","purchased_purges":2,"victory":false,"max_hp_per_floor":[85,85,85,90,90,90,97,97,97,97,97,97,97,97,97,97,97,97,97,97,97,97,97,97,97,97,97,97,97,97,97,97,97,97,97,97,97,97,97,97,97,97,97,104,104,104,99,99,99,99,99,99,99,99,99],"card_choices":[{"not_picked":["Turbo","Barrage"],"picked":"Go for the Eyes","floor":1.0},{"not_picked":["Fusion","Stack"],"picked":"Ball Lightning","floor":3.0},{"not_picked":["Tempest","Force Field"],"picked":"Compile Driver","floor":5.0},{"not_picked":["Barrage","Beam Cell"],"picked":"All For One","floor":7.0},{"not_picked":["Leap","Rebound"],"picked":"Undo","floor":11.0},{"not_picked":["Gash","Barrage"],"picked":"Sunder","floor":14.0},{"not_picked":["Meteor Strike","Machine Learning"],"picked":"Buffer","floor":16.0},{"not_picked":["Leap","Stack"],"picked":"Coolheaded","floor":18.0},{"not_picked":["Go for the Eyes","Sweeping Beam"],"picked":"Turbo+1","floor":21.0},{"not_picked":["Hologram","Undo"],"picked":"Hyperbeam","floor":23.0},{"not_picked":["Streamline","Leap"],"picked":"White Noise","floor":25.0},{"not_picked":["Redo","Conserve Battery"],"picked":"Loop+1","floor":28.0},{"not_picked":["Rip and Tear","Genetic Algorithm"],"picked":"Sweeping Beam+1","floor":29.0},{"not_picked":["Blizzard","Cold Snap"],"picked":"Darkness","floor":31.0},{"not_picked":["Amplify","Reboot"],"picked":"Multi-Cast","floor":33.0},{"not_picked":["Cold Snap+1","Rebound","Steam"],"picked":"SKIP","floor":35.0},{"not_picked":["Undo","Turbo"],"picked":"Stack+1","floor":37.0},{"not_picked":["Fusion","Streamline"],"picked":"Auto Shields+1","floor":38.0},{"not_picked":["Stack","Heatsinks"],"picked":"All For One","floor":40.0},{"not_picked":["Ball Lightning+1","Rebound+1"],"picked":"FTL+1","floor":41.0},{"not_picked":["Stack","Cold Snap+1"],"picked":"Skim","floor":42.0},{"not_picked":["Gash+1","Rebound+1"],"picked":"Streamline+1","floor":45.0},{"not_picked":["Coolheaded","Defragment"],"picked":"Steam Power+1","floor":46.0},{"not_picked":["Ball Lightning+1","Reboot","Auto Shields"],"picked":"SKIP","floor":48.0},{"not_picked":["Fusion","Redo","Rip and Tear+1"],"picked":"SKIP","floor":54}],"player_experience":690474,"relics_obtained":[{"floor":7.0,"key":"Strawberry"},{"floor":9.0,"key":"Symbiotic Virus"},{"floor":11.0,"key":"StoneCalendar"},{"floor":23.0,"key":"Ornamental Fan"},{"floor":26.0,"key":"Pen Nib"},{"floor":28.0,"key":"Ginger"},{"floor":40.0,"key":"Molten Egg 2"},{"floor":41.0,"key":"Peace Pipe"},{"floor":42.0,"key":"Dodecahedron"},{"floor":43.0,"key":"Blue Candle"},{"floor":48.0,"key":"Bag of Marbles"},{"floor":54,"key":"Art of War"}],"event_choices":[{"damage_healed":0.0,"max_hp_gain":0.0,"max_hp_loss":0.0,"gold_gain":0.0,"cards_transformed":["Strike_B"],"event_name":"Transmorgrifier","player_choice":"Transformed","floor":2.0,"gold_loss":0.0,"damage_taken":0.0,"cards_obtained":["Stack"]},{"damage_healed":0.0,"max_hp_gain":5.0,"max_hp_loss":0.0,"gold_gain":0.0,"event_name":"Big Fish","player_choice":"Donut","floor":4.0,"gold_loss":0.0,"damage_taken":0.0},{"damage_healed":0.0,"max_hp_gain":0.0,"max_hp_loss":0.0,"gold_gain":0.0,"event_name":"Vampires","player_choice":"Ignored","floor":20.0,"gold_loss":0.0,"damage_taken":0.0},{"cards_removed":["Strike_B"],"damage_healed":0.0,"max_hp_gain":0.0,"max_hp_loss":0.0,"gold_gain":0.0,"event_name":"Wheel of Change","player_choice":"Card Removal","floor":22.0,"gold_loss":0.0,"damage_taken":0.0},{"damage_healed":0.0,"max_hp_gain":0.0,"max_hp_loss":0.0,"gold_gain":0.0,"event_name":"Tomb of Lord Red Mask","player_choice":"Ignored","floor":39.0,"gold_loss":0.0,"damage_taken":0.0},{"damage_healed":0.0,"max_hp_gain":0.0,"max_hp_loss":0.0,"gold_gain":0.0,"event_name":"MindBloom","player_choice":"Fight","floor":41.0,"gold_loss":0.0,"damage_taken":0.0},{"damage_healed":0.0,"max_hp_gain":0.0,"max_hp_loss":5.0,"gold_gain":0.0,"event_name":"Winding Halls","player_choice":"Max HP","floor":47.0,"gold_loss":0.0,"damage_taken":0.0}],"is_beta":false,"boss_relics":[{"not_picked":["Tiny House","Inserter"],"picked":"Coffee Dripper"},{"not_picked":["White Beast Statue","Philosopher\u0027s Stone"],"picked":"Fusion Hammer"}],"items_purged_floors":[12,19],"is_endless":false,"potions_floor_spawned":[5,7,11,16,21,25,28,29,33,35,41,45,48,54],"killed_by":"The Heart","ascension_level":19}