{"gold_per_floor":[115,115,190,35,48,48,66,66,66,66,84,84,102,116,116,211,211,225,96,96,96,96,96,114,114,189,217,227,121,134,134,134,234,234,244,244,264],"floor_reached":37,"playtime":895,"items_purged":["Strike_B"],"score":377,"play_id":"fe56d7bc-b7a5-4bb8-8ef2-689fa5954b2c","local_time":"20180708132432","is_ascension_mode":false,"campfire_choices":[{"data":"Redo","floor":6,"key":"SMITH"},{"data":"Defragment","floor":8,"key":"SMITH"},{"data":"White Noise","floor":12,"key":"SMITH"},{"data":"Darkness","floor":15,"key":"SMITH"},{"data":"Defragment","floor":23,"key":"SMITH"},{"data":"Dualcast","floor":25,"key":"SMITH"},{"data":"HandOfGreed","floor":32,"key":"SMITH"}],"neow_cost":"NONE","seed_source_timestamp":4793909854876,"circlet_count":0,"master_deck":["Strike_B","Strike_B","Strike_B","Defend_B","Defend_B","Defend_B","Defend_B","Zap+1","Dualcast+1","Redo+1","Defragment+1","Redo+1","White Noise+1","Cold Snap","Ball Lightning","Darkness+1","Rainbow","Compile Driver","Defragment+1","Coolheaded","Go for the Eyes+1","HandOfGreed+1","Rip and Tear+1","Seek"],"relics":["Cracked Core","Strawberry","Blood Vial","Black Star","Enchiridion","Kunai","Happy Flower","Pen Nib","Philosopher\u0027s Stone"],"potions_floor_usage":[24,24,33,37],"damage_taken":[{"damage":6,"enemies":"Cultist","floor":1,"turns":3},{"damage":0,"enemies":"Small Slimes","floor":5,"turns":2},{"damage":0,"enemies":"2 Louse","floor":7,"turns":2},{"damage":12,"enemies":"Exordium Thugs","floor":11,"turns":4},{"damage":12,"enemies":"Exordium Wildlife","floor":13,"turns":2},{"damage":0,"enemies":"Blue Slaver","floor":14,"turns":4},{"damage":20,"enemies":"Hexaghost","floor":16,"turns":6},{"damage":15,"enemies":"Shell Parasite","floor":18,"turns":5},{"damage":6,"enemies":"3 Byrds","floor":24,"turns":3},{"damage":15,"enemies":"Book of Stabbing","floor":27,"turns":5},{"damage":0,"enemies":"Sentry and Sphere","floor":28,"turns":2},{"damage":14,"enemies":"Centurion and Healer","floor":30,"turns":4},{"damage":19,"enemies":"Automaton","floor":33,"turns":8},{"damage":4,"enemies":"Orb Walker","floor":35,"turns":3},{"damage":88,"enemies":"Awakened One","floor":37,"turns":4}],"seed_played":"5762170694587064174","potions_obtained":[{"floor":11,"key":"FocusPotion"},{"floor":18,"key":"Swift Potion"},{"floor":24,"key":"Dexterity Potion"},{"floor":27,"key":"AttackPotion"}],"is_trial":false,"path_per_floor":["M","?","?","$","M","R","M","R","T","?","M","R","M","M","R","B",null,"M","$","?","?","?","R","M","R","T","E","M","$","M","?","R","B",null,"M","?"],"character_chosen":"DEFECT","items_purchased":["Defragment","Defragment","Coolheaded","HandOfGreed"],"campfire_rested":0,"item_purchase_floors":[4,19,19,29],"current_hp_per_floor":[69,73,62,62,62,62,62,62,62,62,52,52,42,44,44,26,82,67,67,67,51,51,51,47,47,47,34,36,36,24,51,51,34,82,78,78,0],"gold":264,"neow_bonus":"UPGRADE_CARD","is_prod":false,"is_daily":false,"chose_seed":false,"campfire_upgraded":7,"win_rate":0,"timestamp":1531070672,"path_taken":["M","?","?","$","M","R","M","R","T","?","?","R","M","M","R","BOSS","M","$","?","?","?","R","?","R","T","E","M","$","M","?","R","BOSS","M","?","BOSS"],"build_version":"2018-07-05","purchased_purges":1,"victory":false,"max_hp_per_floor":[75,82,82,82,82,82,82,82,82,82,82,82,82,82,82,82,82,82,82,82,82,82,82,82,82,82,82,82,82,82,82,82,82,82,82,82,82],"card_choices":[{"not_picked":["Sweeping Beam","Beam Cell"],"picked":"Redo","floor":1},{"not_picked":["Leap","Recycle"],"picked":"Redo","floor":5},{"not_picked":["Scrape","Reprogram"],"picked":"White Noise","floor":7},{"not_picked":["Hologram","Turbo"],"picked":"Cold Snap","floor":11},{"not_picked":["Streamline","Sweeping Beam"],"picked":"Ball Lightning","floor":13},{"not_picked":["Biased Cognition","Doom and Gloom"],"picked":"Darkness","floor":14},{"not_picked":["Meteor Strike","Fission"],"picked":"Rainbow","floor":16},{"not_picked":["Darkness","Beam Cell+1"],"picked":"Compile Driver","floor":18},{"not_picked":["Compile Driver+1","Beam Cell+1"],"picked":"Go for the Eyes+1","floor":24},{"not_picked":["Storm","Consume+1","Sunder"],"picked":"SKIP","floor":27},{"not_picked":["Static Discharge","Redo","Steam"],"picked":"SKIP","floor":28},{"not_picked":["Hyperbeam","Sunder"],"picked":"Rip and Tear+1","floor":30},{"not_picked":["Echo Form","Amplify"],"picked":"Seek","floor":33},{"not_picked":["Steam+1","Hello World","Storm"],"picked":"SKIP","floor":35}],"player_experience":729842,"relics_obtained":[{"floor":9,"key":"Blood Vial"},{"floor":21,"key":"Enchiridion"},{"floor":26,"key":"Kunai"},{"floor":27,"key":"Happy Flower"},{"floor":27,"key":"Pen Nib"}],"event_choices":[{"event_name":"Scrap Ooze","player_choice":"success","floor":2,"damage_taken":3},{"event_name":"World of Goop","player_choice":"Gather Gold","floor":3,"damage_taken":0},{"event_name":"Upgrade Shrine","player_choice":"Upgraded","floor":10,"damage_taken":0},{"event_name":"Ghosts","player_choice":"Ignored","floor":20,"damage_taken":0},{"event_name":"Cursed Tome","player_choice":"Obtained Book","floor":21,"damage_taken":0},{"event_name":"Drug Dealer","player_choice":"Ignored","floor":22,"damage_taken":0},{"event_name":"The Library","player_choice":"Heal","floor":31,"damage_taken":0},{"event_name":"SecretPortal","player_choice":"Took Portal.","floor":36,"damage_taken":0}],"boss_relics":[{"not_picked":["Fusion Hammer","Velvet Choker"],"picked":"Black Star"},{"not_picked":["Inserter","Nuclear Battery"],"picked":"Philosopher\u0027s Stone"}],"items_purged_floors":[4],"is_endless":false,"potions_floor_spawned":[11,18,24,27],"killed_by":"Awakened One","ascension_level":0}