{"path_per_floor":["M","?","?","?","?","M","R","M","T","?","E","R","T","M","R","B",null,"M","M","$","M"],"character_chosen":"DEFECT","items_purchased":["Fission"],"gold_per_floor":[110,60,60,60,60,76,76,94,118,118,156,156,186,201,201,325,325,338,354,213,229,229],"floor_reached":22,"campfire_rested":0,"playtime":664,"current_hp_per_floor":[75,75,57,62,55,55,55,55,55,55,33,33,33,30,30,19,80,72,41,41,36,0],"items_purged":[],"gold":229,"score":184,"play_id":"c7393ded-6162-4fa8-8a2d-3fc1ff712f34","local_time":"20180428154303","is_prod":false,"is_daily":false,"chose_seed":false,"is_ascension_mode":false,"campfire_upgraded":3,"timestamp":1524944583,"path_taken":["M","?","?","?","?","M","R","M","T","?","E","R","?","M","R","BOSS","M","M","$","M","M"],"build_version":"2018-04-27v3","seed_source_timestamp":2390085928209372,"purchased_purges":0,"victory":false,"master_deck":["Strike_B","Strike_B","Defend_B","Defend_B","Defend_B","Zap+1","Dualcast","Ball Lightning","Streamline","Buffer+1","Meteor Strike","Nova","Beam Cell+1","Creative AI","Conserve Battery","Loop","Fission","Chaos"],"max_hp_per_floor":[75,75,75,80,80,80,80,80,80,80,80,80,80,80,80,80,80,80,80,80,80,80],"relics":["Cracked Core","NeowsBlessing","Golden Idol","Dream Catcher","Blood Vial","Tiny Chest","Black Star"],"card_choices":[{"not_picked":["Stack","Cold Snap"],"picked":"Ball Lightning","floor":1},{"not_picked":["Turbo","Coolheaded"],"picked":"Streamline","floor":6},{"not_picked":["Skim","Cold Snap"],"picked":"Buffer","floor":8},{"not_picked":["Streamline","Coolheaded"],"picked":"Nova","floor":11},{"not_picked":["Reinforced Body","Coolheaded"],"picked":"Beam Cell","floor":14},{"not_picked":["Amplify","Machine Learning"],"picked":"Creative AI","floor":16},{"not_picked":["Cold Snap","Ball Lightning"],"picked":"Conserve Battery","floor":18},{"not_picked":["Leap","Ball Lightning"],"picked":"Loop","floor":19},{"not_picked":["Go for the Eyes","Sweeping Beam"],"picked":"Chaos","floor":21}],"player_experience":402752,"potions_floor_usage":[21,21,22,22],"damage_taken":[{"damage":0,"enemies":"Jaw Worm","floor":1,"turns":1},{"damage":0,"enemies":"Small Slimes","floor":6,"turns":1},{"damage":0,"enemies":"Cultist","floor":8,"turns":1},{"damage":22,"enemies":"3 Sentries","floor":11,"turns":5},{"damage":5,"enemies":"Looter","floor":14,"turns":3},{"damage":13,"enemies":"Slime Boss","floor":16,"turns":9},{"damage":8,"enemies":"Chosen","floor":18,"turns":6},{"damage":33,"enemies":"Shell Parasite","floor":19,"turns":6},{"damage":7,"enemies":"Centurion and Healer","floor":21,"turns":7},{"damage":39,"enemies":"Sentry and Sphere","floor":22,"turns":6}],"event_choices":[{"event_name":"The Cleric","player_choice":"Card Removal","floor":2,"damage_taken":0},{"event_name":"Golden Idol","player_choice":"Take Damage","floor":3,"damage_taken":0},{"event_name":"Big Fish","player_choice":"Donut","floor":4,"damage_taken":0},{"event_name":"Golden Wing","player_choice":"Card Removal","floor":5,"damage_taken":0},{"event_name":"Transmorgrifier","player_choice":"Transform","floor":10,"damage_taken":0}],"boss_relics":[{"not_picked":["Eternal Feather","Sozu"],"picked":"Black Star"}],"potions_floor_spawned":[1,11,16,19,21],"seed_played":"2531152005143041560","killed_by":"Sentry and Sphere","ascension_level":0,"is_trial":false}