{"path_per_floor":["M","?","M","?","M","R","M","M","T","M","?","R","M","$","R","B",null,"M","M","M","M","?","R","M","M","T","?","$","?","?","M","R"],"character_chosen":"IRONCLAD","items_purchased":["Strawberry"],"gold_per_floor":[112,112,137,137,152,152,165,185,185,198,198,198,218,143,143,271,271,296,320,339,363,363,363,383,404,404,404,148,148,148,167,167,167],"floor_reached":33,"campfire_rested":1,"playtime":1237,"item_purchase_floors":[28],"current_hp_per_floor":[80,60,65,65,71,71,70,70,70,74,71,71,70,70,70,63,80,79,66,72,39,39,39,35,41,41,35,42,42,42,40,66,0],"items_purged":["Strike_R","Strike_R"],"gold":167,"score":243,"play_id":"772a971b-08d3-4d0c-bdcc-11c9701e6a44","local_time":"20180614140953","is_prod":false,"is_daily":false,"chose_seed":false,"is_ascension_mode":false,"campfire_upgraded":4,"win_rate":0,"timestamp":1528999793,"campfire_choices":[{"data":"Inflame","floor":6,"key":"SMITH"},{"data":"Uppercut","floor":12,"key":"SMITH"},{"data":"True Grit","floor":15,"key":"SMITH"},{"data":"Barricade","floor":23,"key":"SMITH"},{"floor":32,"key":"REST"}],"path_taken":["M","?","M","?","M","R","M","M","T","M","?","R","M","$","R","BOSS","M","M","M","M","?","R","M","M","T","?","$","?","?","M","R","BOSS"],"build_version":"2018-06-13v3","seed_source_timestamp":1272791760301887,"purchased_purges":2,"victory":false,"master_deck":["Strike_R","Strike_R","Defend_R","Defend_R","Defend_R","Defend_R","Bash","Body Slam+1","Inflame+1","Flex","Uppercut+1","Flame Barrier","Shrug It Off","True Grit+1","Barricade+1","Clothesline","Pummel","Disarm","Juggernaut","Dropkick+1","RitualDagger"],"max_hp_per_floor":[80,80,80,80,80,80,80,80,80,80,80,80,80,80,80,80,80,80,80,80,80,80,80,80,80,80,80,87,87,87,87,87,87],"relics":["Burning Blood","Anchor","Bloody Idol","Juzu Bracelet","Bronze Scales","Cursed Key","Strawberry"],"card_choices":[{"not_picked":["True Grit","Thunderclap"],"picked":"Body Slam","floor":1},{"not_picked":["Armaments","Pummel"],"picked":"Inflame","floor":3},{"not_picked":["Wild Strike","Warcry"],"picked":"Flex","floor":5},{"not_picked":["Flex","Feel No Pain"],"picked":"Uppercut","floor":7},{"not_picked":["Iron Wave","Cleave"],"picked":"Flame Barrier","floor":8},{"not_picked":["Armaments","Thunderclap"],"picked":"Shrug It Off","floor":10},{"not_picked":["Sword Boomerang","Reckless Charge"],"picked":"True Grit","floor":13},{"not_picked":["Exhume","Bludgeon"],"picked":"Barricade","floor":16},{"not_picked":["Warcry","Dual Wield","Perfected Strike"],"picked":"SKIP","floor":18},{"not_picked":["Pummel","Fire Breathing"],"picked":"Clothesline","floor":19},{"not_picked":["Spot Weakness+1","Clothesline"],"picked":"Pummel","floor":20},{"not_picked":["Anger","Heavy Blade"],"picked":"Disarm","floor":21},{"not_picked":["Pommel Strike","Warcry"],"picked":"Juggernaut","floor":24},{"not_picked":["Dual Wield","Metallicize+1"],"picked":"Dropkick+1","floor":25},{"not_picked":["Armaments","Iron Wave","Intimidate"],"picked":"SKIP","floor":31}],"player_experience":544287,"potions_floor_usage":[10,16,16],"damage_taken":[{"damage":0,"enemies":"Jaw Worm","floor":1,"turns":3},{"damage":1,"enemies":"Cultist","floor":3,"turns":3},{"damage":0,"enemies":"2 Louse","floor":5,"turns":3},{"damage":7,"enemies":"Exordium Thugs","floor":7,"turns":4},{"damage":6,"enemies":"2 Fungi Beasts","floor":8,"turns":4},{"damage":2,"enemies":"Exordium Wildlife","floor":10,"turns":6},{"damage":7,"enemies":"Exordium Thugs","floor":13,"turns":4},{"damage":13,"enemies":"The Guardian","floor":16,"turns":10},{"damage":7,"enemies":"2 Thieves","floor":18,"turns":4},{"damage":19,"enemies":"Shell Parasite","floor":19,"turns":4},{"damage":0,"enemies":"Centurion and Healer","floor":20,"turns":6},{"damage":39,"enemies":"Cultist and Chosen","floor":21,"turns":9},{"damage":10,"enemies":"3 Cultists","floor":24,"turns":6},{"damage":0,"enemies":"Snecko","floor":25,"turns":4},{"damage":13,"enemies":"Slaver and Parasite","floor":31,"turns":5},{"damage":71,"enemies":"Automaton","floor":33,"turns":8}],"relics_obtained":[{"floor":9,"key":"Juzu Bracelet"}],"event_choices":[{"event_name":"Golden Idol","player_choice":"Take Damage","floor":2,"damage_taken":0},{"event_name":"Living Wall","player_choice":"Grow","floor":4,"damage_taken":0},{"event_name":"Scrap Ooze","player_choice":"success","floor":11,"damage_taken":3},{"event_name":"Drug Dealer","player_choice":"Ignored","floor":22,"damage_taken":0},{"event_name":"Nest","player_choice":"Joined the Cult","floor":27,"damage_taken":0},{"event_name":"Back to Basics","player_choice":"Elegance","floor":29,"damage_taken":0},{"event_name":"Forgotten Altar","player_choice":"Gave Idol","floor":30,"damage_taken":0}],"boss_relics":[{"not_picked":["Orrery","Philosopher\u0027s Stone"],"picked":"Cursed Key"}],"items_purged_floors":[14,28],"potions_floor_spawned":[3,8,10,19,25,31],"seed_played":"-7323033201509278772","killed_by":"Automaton","ascension_level":0,"potions_obtained":[{"floor":3,"key":"Block Potion"},{"floor":8,"key":"Block Potion"},{"floor":10,"key":"Energy Potion"},{"floor":19,"key":"FearPotion"},{"floor":25,"key":"Explosive Potion"},{"floor":31,"key":"Weak Potion"}],"is_trial":false}