{"gold_per_floor":[117,135,35,35,49,49,69,69,94,94,25,45,45,77,77,77],"floor_reached":16,"playtime":424,"items_purged":[],"score":135,"play_id":"e6a689ec-47bf-4d40-b246-c4f125a36bc1","local_time":"20190422014611","is_ascension_mode":true,"campfire_choices":[{"data":"Ghostly","floor":6,"key":"SMITH"},{"data":"ReplayTheSpireMod:LeadingStrike","floor":8,"key":"SMITH"},{"data":"Shrug It Off","floor":13,"key":"SMITH"},{"floor":15,"key":"REST"},{"data":"conspire:Purge","floor":15,"key":"SMITH"}],"neow_cost":"BASIC_CARDS","seed_source_timestamp":5307254785863101,"circlet_count":0,"master_deck":["Strike_R","Strike_R","Strike_R","Defend_R","Defend_R","Defend_R","Bash","Defend_R","Strike_W","ReplayTheSpireMod:LeadingStrike+1","Ghostly+1","Heavy Blade","conspire:Purge+1","Shrug It Off+1"],"relics":["Burning Blood","infinitespire:Magic Flask","BlackRope","conspire:TopHat","Prayer Wheel"],"potions_floor_usage":[7,7,14,16],"damage_taken":[{"damage":1,"enemies":"Cultist","floor":1,"turns":3},{"damage":10,"enemies":"2 Louse","floor":2,"turns":4},{"damage":18,"enemies":"Jaw Worm","floor":5,"turns":4},{"damage":3,"enemies":"2 Fungi Beasts","floor":7,"turns":4},{"damage":10,"enemies":"Blue Slaver","floor":12,"turns":5},{"damage":25,"enemies":"3 Sentries","floor":14,"turns":9},{"damage":72,"enemies":"Hexaghost","floor":16,"turns":13}],"seed_played":"-1031845329736994230","potions_obtained":[{"floor":1,"key":"Block Potion"},{"floor":2,"key":"Adrenaline Potion"},{"floor":12,"key":"SteroidPotion"},{"floor":14,"key":"Adrenaline Potion"}],"is_trial":false,"path_per_floor":["M","M","?","?","M","R","M","R","T","?","$","M","R","E","R","B"],"character_chosen":"IRONCLAD","items_purchased":["conspire:Purge"],"campfire_rested":1,"item_purchase_floors":[11],"current_hp_per_floor":[77,73,73,73,61,61,64,64,64,69,69,65,65,46,71,0],"gold":77,"neow_bonus":"ONE_RARE_RELIC","is_prod":false,"is_daily":false,"chose_seed":false,"campfire_upgraded":4,"win_rate":0,"timestamp":1555911971,"path_taken":["M","?","?","?","M","R","M","R","T","?","$","M","R","E","R","BOSS"],"build_version":"2019-01-23","purchased_purges":0,"victory":false,"max_hp_per_floor":[80,80,80,80,80,80,80,80,80,85,85,85,85,85,85,85],"card_choices":[{"not_picked":["Havoc","hubris:SharpeningStone","strawberrySpire:FireDrill"],"picked":"SKIP","floor":1},{"not_picked":["Burning Pact","Evolve"],"picked":"ReplayTheSpireMod:LeadingStrike","floor":2},{"not_picked":["Life Link","hubris:CleavingFinish","Power Through"],"picked":"SKIP","floor":5},{"not_picked":["Clash","strawberrySpire:FireDrill"],"picked":"Heavy Blade","floor":7},{"not_picked":["Clothesline","Armaments"],"picked":"Shrug It Off","floor":12},{"not_picked":["strawberrySpire:Endurance","strawberrySpire:DraftPunk","Heavy Blade"],"picked":"SKIP","floor":14}],"player_experience":742442,"relics_obtained":[{"floor":4,"key":"BlackRope"},{"floor":9,"key":"conspire:TopHat"},{"floor":14,"key":"Prayer Wheel"}],"event_choices":[{"damage_healed":0,"gold_gain":0,"player_choice":"Argue","damage_taken":0,"max_hp_gain":0,"max_hp_loss":0,"event_name":"conspire:LoneGhost","floor":3,"gold_loss":0},{"damage_healed":0,"gold_gain":0,"player_choice":"Donut","damage_taken":0,"max_hp_gain":5,"max_hp_loss":0,"event_name":"Big Fish","floor":10,"gold_loss":0}],"is_beta":false,"boss_relics":[],"items_purged_floors":[],"is_endless":false,"potions_floor_spawned":[1,2,12,14],"killed_by":"Hexaghost","ascension_level":7}