{"gold_per_floor":[211,286,286,306,329,367,29,63,136,136,159,5,5,5,5,124,124,144,160,10,29,29,62,62,105,105,156,293,305,317,345,357,489,501,533,606,618,648,116,154,154,194,221,221,13,13,52,52,52,52],"floor_reached":51,"playtime":13478,"items_purged":["Strike_G","Writhe"],"score":1174,"play_id":"1e056923-32c4-458d-82b8-2423ef186b3c","local_time":"20190913010042","is_ascension_mode":true,"campfire_choices":[{"floor":15.0,"key":"REST"},{"floor":29.0,"key":"REST"},{"data":"Bouncing Flask","floor":32.0,"key":"SMITH"},{"data":"Calculated Gamble","floor":41.0,"key":"SMITH"},{"data":"Backflip","floor":44.0,"key":"SMITH"},{"data":"Caltrops","floor":46.0,"key":"SMITH"},{"data":"Accuracy","floor":49.0,"key":"SMITH"}],"neow_cost":"NONE","seed_source_timestamp":0,"circlet_count":0,"master_deck":["Strike_G+1","Defend_G","Defend_G","Defend_G","Defend_G","Defend_G","Survivor","Neutralize","Acrobatics","Noxious Fumes","Leg Sweep+1","All Out Attack","Bouncing Flask+1","Noxious Fumes","Dash+1","Cloak And Dagger+1","Die Die Die+1","Backflip+1","Slice+1","Footwork","Calculated Gamble+1","Accuracy+1","Footwork","Venomology","Caltrops+1","Well Laid Plans","Footwork","Flash of Steel","Mayhem","Infinite Blades+1"],"special_seed":0,"relics":["Ring of the Snake","Golden Idol","Pocketwatch","Bronze Scales","Strawberry","Kunai","Anchor","Black Star","Lantern","Question Card","Bottled Lightning","Juzu Bracelet","Whetstone","MawBank","Dream Catcher","Mummified Hand","Tough Bandages","Darkstone Periapt","Pantograph","Empty Cage","Unceasing Top","TwistedFunnel","Calipers","Art of War","Sundial","Bag of Marbles","Regal Pillow","Happy Flower","Pear","Frozen Egg 2"],"potions_floor_usage":[50,50,50],"damage_taken":[{"damage":0.0,"enemies":"Small Slimes","floor":1.0,"turns":5.0},{"damage":0.0,"enemies":"2 Louse","floor":4.0,"turns":5.0},{"damage":0.0,"enemies":"Cultist","floor":5.0,"turns":4.0},{"damage":11.0,"enemies":"Lagavulin","floor":6.0,"turns":11.0},{"damage":10.0,"enemies":"3 Sentries","floor":8.0,"turns":7.0},{"damage":0.0,"enemies":"2 Fungi Beasts","floor":11.0,"turns":3.0},{"damage":9.0,"enemies":"The Guardian","floor":16.0,"turns":10.0},{"damage":8.0,"enemies":"2 Thieves","floor":18.0,"turns":4.0},{"damage":0.0,"enemies":"Chosen","floor":19.0,"turns":5.0},{"damage":0.0,"enemies":"Snecko","floor":21.0,"turns":4.0},{"damage":0.0,"enemies":"Book of Stabbing","floor":23.0,"turns":7.0},{"damage":3.0,"enemies":"Slavers","floor":25.0,"turns":7.0},{"damage":28.0,"enemies":"Gremlin Leader","floor":27.0,"turns":8.0},{"damage":6.0,"enemies":"Colosseum Slavers","floor":28.0,"turns":4.0},{"damage":11.0,"enemies":"Colosseum Nobs","floor":28.0,"turns":3.0},{"damage":0.0,"enemies":"Snake Plant","floor":31.0,"turns":5.0},{"damage":0.0,"enemies":"Champ","floor":33.0,"turns":15.0},{"damage":0.0,"enemies":"Orb Walker","floor":35.0,"turns":3.0},{"damage":41.0,"enemies":"2 Orb Walkers","floor":36.0,"turns":5.0},{"damage":0.0,"enemies":"3 Darklings","floor":38.0,"turns":4.0},{"damage":0.0,"enemies":"Reptomancer","floor":40.0,"turns":8.0},{"damage":0.0,"enemies":"Giant Head","floor":42.0,"turns":8.0},{"damage":0.0,"enemies":"Reptomancer","floor":47.0,"turns":6.0},{"damage":3,"enemies":"Donu and Deca","floor":50,"turns":9}],"seed_played":"-6306426786841106381","potions_obtained":[{"floor":1.0,"key":"Regen Potion"},{"floor":5.0,"key":"Dexterity Potion"},{"floor":16.0,"key":"SpeedPotion"},{"floor":19.0,"key":"Dexterity Potion"},{"floor":21.0,"key":"SteroidPotion"},{"floor":25.0,"key":"Fire Potion"},{"floor":27.0,"key":"GamblersBrew"},{"floor":28.0,"key":"Block Potion"},{"floor":36.0,"key":"Explosive Potion"},{"floor":40.0,"key":"Explosive Potion"},{"floor":47.0,"key":"SpeedPotion"},{"floor":48.0,"key":"FairyPotion"}],"is_trial":false,"path_per_floor":["M","?","?","M","M","E","$","E","T","?","M","$","?","?","R","B",null,"M","M","$","M","?","E","?","E","T","E","?","R","T","M","R","B",null,"M","?","?","M","$","E","R","E","T","R","$","R","E","?","R","B",null],"character_chosen":"THE_SILENT","items_purchased":["Bronze Scales","Bouncing Flask","Noxious Fumes","Anchor","Lantern","TwistedFunnel","Flash of Steel","Mayhem","Happy Flower","PowerPotion"],"campfire_rested":2,"item_purchase_floors":[7,7,7,12,20,39,39,39,45,45],"current_hp_per_floor":[70,59,42,42,42,46,46,43,43,43,43,43,36,21,44,35,77,69,69,69,69,69,69,69,66,66,38,21,44,44,44,44,69,77,77,36,61,61,61,61,61,61,61,61,61,61,71,71,71,90],"gold":52,"neow_bonus":"HUNDRED_GOLD","is_prod":false,"is_daily":false,"chose_seed":false,"campfire_upgraded":5,"win_rate":0,"timestamp":1568325642,"path_taken":["M","?","?","M","M","E","$","E","T","?","?","$","?","?","R","BOSS","M","M","$","M","?","E","?","E","T","E","?","R","?","M","R","BOSS","M","?","?","M","$","E","R","E","T","R","$","R","E","?","R","BOSS"],"build_version":"2019-07-17","purchased_purges":2,"victory":true,"max_hp_per_floor":[70,70,70,70,70,70,70,77,77,77,77,77,77,77,77,77,77,77,77,77,77,77,77,77,77,77,77,77,77,77,77,77,77,77,77,77,83,83,83,83,83,83,83,83,83,83,93,93,93,93],"card_choices":[{"not_picked":["Skewer","PiercingWail"],"picked":"Acrobatics","floor":1.0},{"not_picked":["Poisoned Stab","Cloak And Dagger"],"picked":"Noxious Fumes","floor":4.0},{"not_picked":["PiercingWail","Blade Dance"],"picked":"Leg Sweep","floor":5.0},{"not_picked":["Expertise","Sucker Punch"],"picked":"All Out Attack","floor":6.0},{"not_picked":["Masterful Stab","Prepared"],"picked":"Dash","floor":8.0},{"not_picked":["Flying Knee","Leg Sweep"],"picked":"Cloak And Dagger","floor":11.0},{"not_picked":["A Thousand Cuts","Phantasmal Killer"],"picked":"Die Die Die","floor":16.0},{"not_picked":["Choke+1","Dagger Throw+1"],"picked":"Backflip","floor":18.0},{"not_picked":["Prepared","Dodge and Roll"],"picked":"Slice+1","floor":19.0},{"not_picked":["Choke","Poisoned Stab","Predator"],"picked":"SKIP","floor":21.0},{"not_picked":["Dagger Spray","Reflex","Poisoned Stab"],"picked":"SKIP","floor":23.0},{"not_picked":["Leg Sweep","Dagger Spray+1","Skewer"],"picked":"Calculated Gamble","floor":25.0},{"not_picked":["Backflip","Prepared","Bane"],"picked":"Accuracy","floor":27.0},{"not_picked":["Poisoned Stab","Slice","Cloak And Dagger"],"picked":"Footwork","floor":29.0},{"not_picked":["Storm of Steel","Flying Knee","Distraction","Sucker Punch"],"picked":"SKIP","floor":31.0},{"not_picked":["Doppelganger","Die Die Die","Glass Knife"],"picked":"Venomology","floor":33.0},{"not_picked":["Acrobatics+1","Backflip","Leg Sweep+1"],"picked":"Caltrops","floor":35.0},{"not_picked":["Dagger Throw+1","Slice","Backflip"],"picked":"Well Laid Plans","floor":36.0},{"not_picked":["Dodge and Roll","Masterful Stab","Poisoned Stab+1"],"picked":"Footwork","floor":38.0},{"not_picked":["Sucker Punch+1","Distraction+1","Quick Slash"],"picked":"Infinite Blades+1","floor":40.0},{"not_picked":["Quick Slash","Finisher+1","Eviscerate+1","Deadly Poison"],"picked":"SKIP","floor":42.0},{"not_picked":["Expertise","Backflip","Deflect","Masterful Stab+1"],"picked":"SKIP","floor":47.0}],"player_experience":249020,"relics_obtained":[{"floor":6.0,"key":"Pocketwatch"},{"floor":8.0,"key":"Strawberry"},{"floor":9.0,"key":"Kunai"},{"floor":23.0,"key":"Question Card"},{"floor":23.0,"key":"Bottled Lightning"},{"floor":25.0,"key":"Juzu Bracelet"},{"floor":25.0,"key":"Whetstone"},{"floor":26.0,"key":"MawBank"},{"floor":27.0,"key":"Dream Catcher"},{"floor":27.0,"key":"Mummified Hand"},{"floor":28.0,"key":"Tough Bandages"},{"floor":28.0,"key":"Darkstone Periapt"},{"floor":30.0,"key":"Pantograph"},{"floor":36.0,"key":"Unceasing Top"},{"floor":40.0,"key":"Calipers"},{"floor":40.0,"key":"Art of War"},{"floor":42.0,"key":"Sundial"},{"floor":42.0,"key":"Bag of Marbles"},{"floor":43.0,"key":"Regal Pillow"},{"floor":47.0,"key":"Pear"},{"floor":47.0,"key":"Frozen Egg 2"}],"event_choices":[{"damage_healed":0.0,"max_hp_gain":0.0,"max_hp_loss":0.0,"gold_gain":75.0,"event_name":"World of Goop","player_choice":"Gather Gold","floor":2.0,"gold_loss":0.0,"damage_taken":11.0},{"damage_healed":0.0,"max_hp_gain":0.0,"max_hp_loss":0.0,"gold_gain":0.0,"event_name":"Golden Idol","player_choice":"Take Damage","floor":3.0,"gold_loss":0.0,"damage_taken":17.0,"relics_obtained":["Golden Idol"]},{"damage_healed":0.0,"max_hp_gain":0.0,"max_hp_loss":0.0,"gold_gain":0.0,"event_name":"Accursed Blacksmith","player_choice":"Forge","floor":10.0,"gold_loss":0.0,"damage_taken":0.0,"cards_upgraded":["Leg Sweep"]},{"cards_removed":["Strike_G"],"damage_healed":0.0,"max_hp_gain":0.0,"max_hp_loss":0.0,"gold_gain":0.0,"event_name":"Golden Wing","player_choice":"Card Removal","floor":13.0,"gold_loss":0.0,"damage_taken":7.0},{"damage_healed":0.0,"max_hp_gain":0.0,"max_hp_loss":0.0,"gold_gain":0.0,"event_name":"Shining Light","player_choice":"Entered Light","floor":14.0,"gold_loss":0.0,"damage_taken":15.0,"cards_upgraded":["Cloak And Dagger","Dash"]},{"damage_healed":0.0,"max_hp_gain":0.0,"max_hp_loss":0.0,"gold_gain":0.0,"event_name":"The Library","player_choice":"Read","floor":22.0,"gold_loss":0.0,"damage_taken":0.0,"cards_obtained":["Footwork"]},{"damage_healed":0.0,"max_hp_gain":0.0,"max_hp_loss":0.0,"gold_gain":0.0,"event_name":"Vampires","player_choice":"Ignored","floor":24.0,"gold_loss":0.0,"damage_taken":0.0},{"damage_healed":0.0,"max_hp_gain":0.0,"max_hp_loss":0.0,"gold_gain":0.0,"event_name":"Colosseum","player_choice":"Fight","floor":28.0,"gold_loss":0.0,"damage_taken":0.0},{"damage_healed":0.0,"max_hp_gain":0.0,"max_hp_loss":0.0,"gold_gain":0.0,"event_name":"Colosseum","player_choice":"Fought Nobs","floor":28.0,"gold_loss":0.0,"damage_taken":0.0},{"damage_healed":0.0,"max_hp_gain":0.0,"max_hp_loss":0.0,"gold_gain":0.0,"event_name":"Mysterious Sphere","player_choice":"Fight","floor":36.0,"gold_loss":0.0,"damage_taken":0.0},{"damage_healed":19.0,"max_hp_gain":0.0,"max_hp_loss":0.0,"gold_gain":0.0,"event_name":"Winding Halls","player_choice":"Writhe","floor":37.0,"gold_loss":0.0,"damage_taken":0.0,"cards_obtained":["Writhe"]},{"damage_healed":0.0,"max_hp_gain":0.0,"max_hp_loss":0.0,"gold_gain":0.0,"event_name":"Lab","player_choice":"Got Potions","floor":48.0,"gold_loss":0.0,"damage_taken":0.0}],"is_beta":false,"boss_relics":[{"not_picked":["HoveringKite","Tiny House"],"picked":"Black Star"},{"not_picked":["White Beast Statue","Runic Dome"],"picked":"Empty Cage"}],"items_purged_floors":[7,39],"is_endless":false,"potions_floor_spawned":[1,5,16,19,21,25,27,28,36,40,47],"ascension_level":4}