{"gold_per_floor":[111,186,200,216,226,251,54,54,126,153,153,153,187,187,187,290,290,306,11,25,44,44,44,54,82,82,100,26,26],"floor_reached":29,"playtime":2351,"items_purged":["Strike_R","Strike_R"],"score":302,"play_id":"3e4792c3-7c80-4685-a73f-564c0f99b65b","local_time":"20190215172822","is_ascension_mode":true,"campfire_choices":[{"data":"Demon Form","floor":8,"key":"SMITH"},{"data":"Warcry","floor":11,"key":"SMITH"},{"data":"Bash","floor":15,"key":"SMITH"},{"data":"Armaments","floor":23,"key":"SMITH"}],"neow_cost":"NONE","seed_source_timestamp":57126934961843,"circlet_count":0,"master_deck":["Strike_R","Strike_R","Strike_R","Defend_R","Defend_R","Bash+1","Demon Form+1","Armaments+1","Headbutt","Iron Wave","Havoc+1","Warcry+1","Impervious","Reaper+1","True Grit+1","Bludgeon+1","Body Slam+1","Feel No Pain","Shockwave"],"relics":["Burning Blood","Mango","Molten Egg 2","Omamori","Vajra","Empty Cage","Dodecahedron","Shuriken"],"potions_floor_usage":[6,6,6,10,20,20,20,25,29,29],"damage_taken":[{"damage":2,"enemies":"2 Louse","floor":1,"turns":3},{"damage":18,"enemies":"Jaw Worm","floor":3,"turns":4},{"damage":6,"enemies":"Cultist","floor":4,"turns":4},{"damage":12,"enemies":"Red Slaver","floor":5,"turns":6},{"damage":8,"enemies":"Gremlin Nob","floor":6,"turns":3},{"damage":20,"enemies":"Lagavulin","floor":10,"turns":5},{"damage":16,"enemies":"Gremlin Nob","floor":13,"turns":3},{"damage":42,"enemies":"Hexaghost","floor":16,"turns":7},{"damage":30,"enemies":"Shell Parasite","floor":18,"turns":4},{"damage":33,"enemies":"2 Thieves","floor":20,"turns":3},{"damage":31,"enemies":"Cultist and Chosen","floor":21,"turns":6},{"damage":22,"enemies":"Sentry and Sphere","floor":24,"turns":5},{"damage":55,"enemies":"Slavers","floor":25,"turns":8},{"damage":15,"enemies":"3 Cultists","floor":27,"turns":5},{"damage":25,"enemies":"Book of Stabbing","floor":29,"turns":2}],"seed_played":"-6080662786087624860","potions_obtained":[{"floor":1,"key":"Energy Potion"},{"floor":4,"key":"GamblersBrew"},{"floor":5,"key":"Energy Potion"},{"floor":16,"key":"Poison Potion"},{"floor":20,"key":"Strength Potion"},{"floor":24,"key":"Explosive Potion"},{"floor":25,"key":"SkillPotion"}],"is_trial":false,"path_per_floor":["M","?","M","M","M","E","$","R","T","E","R","?","E","?","R","B",null,"M","$","M","M","$","R","M","E","T","M","$","E"],"character_chosen":"IRONCLAD","items_purchased":["Warcry","Explosive Potion","Swift Potion","Bludgeon+1","Weak Potion","BloodPotion"],"campfire_rested":0,"item_purchase_floors":[7,7,7,19,19,28],"current_hp_per_floor":[80,69,57,57,51,63,63,63,63,49,49,80,70,70,70,34,94,86,86,74,73,73,73,57,22,22,13,13,0],"gold":26,"neow_bonus":"ONE_RANDOM_RARE_CARD","is_prod":false,"is_daily":false,"chose_seed":false,"campfire_upgraded":4,"win_rate":0,"timestamp":1550248102,"path_taken":["M","?","M","M","M","E","$","R","T","E","R","?","E","?","R","BOSS","M","$","M","?","?","R","M","E","T","M","$","E"],"build_version":"2019-01-23","purchased_purges":2,"victory":false,"max_hp_per_floor":[80,80,80,80,80,94,94,94,94,94,94,94,94,94,94,94,94,94,94,94,94,94,94,94,94,94,94,94,94],"card_choices":[{"not_picked":["Infernal Blade","Anger","Rampage"],"picked":"SKIP","floor":1},{"not_picked":["Reckless Charge","Body Slam"],"picked":"Armaments","floor":3},{"not_picked":["Sword Boomerang","Inflame"],"picked":"Headbutt","floor":4},{"not_picked":["Armaments","Carnage"],"picked":"Iron Wave","floor":5},{"not_picked":["Headbutt","Brutality"],"picked":"Havoc","floor":6},{"not_picked":["Armaments","Thunderclap+1"],"picked":"Impervious","floor":10},{"not_picked":["Clash+1","Flex","Rage"],"picked":"SKIP","floor":13},{"not_picked":["Berserk","Impervious"],"picked":"Reaper+1","floor":16},{"not_picked":["Cleave+1","Clash+1"],"picked":"True Grit+1","floor":18},{"not_picked":["Anger+1","Sword Boomerang+1","Power Through"],"picked":"SKIP","floor":20},{"not_picked":["Bloodletting","Sword Boomerang+1"],"picked":"Body Slam+1","floor":21},{"not_picked":["Perfected Strike+1","Demon Form"],"picked":"Feel No Pain","floor":24},{"not_picked":["True Grit","Impervious","Clothesline+1"],"picked":"SKIP","floor":25},{"not_picked":["Body Slam+1","Bloodletting"],"picked":"Shockwave","floor":27}],"player_experience":199130,"relics_obtained":[{"floor":6,"key":"Mango"},{"floor":9,"key":"Molten Egg 2"},{"floor":10,"key":"Omamori"},{"floor":13,"key":"Vajra"},{"floor":25,"key":"Dodecahedron"},{"floor":26,"key":"Shuriken"}],"event_choices":[{"damage_healed":0,"gold_gain":75,"player_choice":"Gather Gold","damage_taken":11,"max_hp_gain":0,"max_hp_loss":0,"event_name":"World of Goop","floor":2,"gold_loss":0},{"damage_healed":31,"gold_gain":0,"player_choice":"Banana","damage_taken":0,"max_hp_gain":0,"max_hp_loss":0,"event_name":"Big Fish","floor":12,"gold_loss":0},{"damage_healed":0,"gold_gain":0,"player_choice":"Upgraded","damage_taken":0,"max_hp_gain":0,"max_hp_loss":0,"event_name":"Upgrade Shrine","floor":14,"gold_loss":0,"cards_upgraded":["Havoc"]}],"is_beta":false,"boss_relics":[{"not_picked":["Busted Crown","Runic Pyramid"],"picked":"Empty Cage"}],"items_purged_floors":[7,19],"is_endless":false,"potions_floor_spawned":[1,4,5,16,20,24,25],"killed_by":"Book of Stabbing","ascension_level":3}