{"path_per_floor":["M","M","?","M","$","E","R","M","T","R","E","R","M","?","R","B",null,"M","M","?","?","M","R","E","M","T","$","R","?","R","M","R","B",null,"M","M","?","M","$","R","$","?","T","M","M","M","R","?","R","B"],"character_chosen":"IRONCLAD","items_purchased":["Spot Weakness"],"gold_per_floor":[116,134,134,153,4,32,32,42,66,66,97,97,114,114,114,213,213,228,245,245,170,186,186,211,228,228,128,128,43,43,54,54,155,155,170,185,185,204,79,79,79,79,105,122,133,145,145,105,105,105],"floor_reached":51,"campfire_rested":8,"playtime":32017,"current_hp_per_floor":[72,72,72,72,72,54,54,43,43,64,47,47,49,49,70,66,72,72,52,52,52,41,62,11,9,9,9,30,30,51,57,72,72,72,64,65,72,61,61,61,61,61,61,27,25,30,51,51,72,18],"items_purged":["Strike_R","Defend_R","Defend_R"],"gold":105,"score":501,"play_id":"2d11d3bf-e8f7-4eba-9eba-5f13e500c9d1","is_prod":false,"is_daily":false,"is_ascension_mode":false,"campfire_upgraded":3,"path_taken":["M","M","?","?","$","E","R","M","T","R","E","R","M","?","R","BOSS","M","M","?","?","M","R","E","M","T","$","R","?","R","M","R","BOSS","M","M","?","M","$","R","$","?","T","M","M","M","R","?","R","BOSS"],"build_version":"2018-02-22-PROD2","purchased_purges":3,"victory":true,"master_deck":["Bash","Flex+1","Clothesline","Thunderclap","Spot Weakness","Body Slam+1","Ghostly Armor","Body Slam+1","Flame Barrier","Impervious+1","Barricade","Bludgeon+1","Seeing Red+1","Exhume+1","Cleave","Shrug It Off","Body Slam+1","Entrench","Clumsy"],"max_hp_per_floor":[72,72,72,72,72,72,72,72,72,72,72,72,72,72,72,72,72,72,72,72,72,72,72,72,72,72,72,72,72,72,72,72,72,72,72,72,72,72,72,72,72,72,72,72,72,72,72,72,72,72],"relics":["Burning Blood","Art of War","Happy Flower","Shuriken","Astrolabe","Blue Candle","Frozen Eye","Bird Faced Urn","Cursed Key","Spirit Poop","Oddly Smooth Stone"],"card_choices":[{"not_picked":["Warcry","Rage"],"picked":"Flex"},{"not_picked":["Ghostly Armor","Sentinel"],"picked":"Clothesline"},{"not_picked":["Power Through","Juggernaut"],"picked":"Thunderclap"},{"not_picked":["Thunderclap","Spot Weakness"],"picked":"Body Slam"},{"not_picked":["Fire Breathing","Armaments"],"picked":"Ghostly Armor"},{"not_picked":["Bludgeon","Entrench"],"picked":"Body Slam"},{"not_picked":["Anger","Thunderclap"],"picked":"Flame Barrier"},{"not_picked":["Berserk","Dark Embrace"],"picked":"Barricade"},{"not_picked":["Dual Wield","Feed"],"picked":"Cleave"},{"not_picked":["Wild Strike","Body Slam"],"picked":"Shrug It Off"},{"not_picked":["True Grit","Pommel Strike"],"picked":"Body Slam"},{"not_picked":["Bludgeon","Reckless Charge"],"picked":"Entrench"}],"player_experience":118531,"potions_floor_usage":[25,50,50,50],"damage_taken":[{"damage":6,"enemies":"Jaw Worm","floor":1,"turns":5},{"damage":6,"enemies":"Cultist","floor":2,"turns":3},{"damage":0,"enemies":"2 Louse","floor":4,"turns":2},{"damage":24,"enemies":"3 Sentries","floor":6,"turns":5},{"damage":17,"enemies":"Exordium Thugs","floor":8,"turns":5},{"damage":23,"enemies":"Gremlin Nob","floor":11,"turns":4},{"damage":4,"enemies":"Blue Slaver","floor":13,"turns":3},{"damage":10,"enemies":"The Guardian","floor":16,"turns":7},{"damage":0,"enemies":"Spheric Guardian","floor":18,"turns":1},{"damage":26,"enemies":"2 Thieves","floor":19,"turns":4},{"damage":17,"enemies":"Centurion and Healer","floor":22,"turns":5},{"damage":57,"enemies":"Gremlin Leader","floor":24,"turns":7},{"damage":8,"enemies":"Sentry and Sphere","floor":25,"turns":6},{"damage":0,"enemies":"Snake Plant","floor":31,"turns":2},{"damage":4,"enemies":"Champ","floor":33,"turns":7},{"damage":14,"enemies":"3 Darklings","floor":35,"turns":5},{"damage":7,"enemies":"3 Shapes","floor":36,"turns":6},{"damage":17,"enemies":"Maw","floor":38,"turns":7},{"damage":42,"enemies":"4 Shapes","floor":44,"turns":7},{"damage":10,"enemies":"Sphere and 2 Shapes","floor":45,"turns":4},{"damage":3,"enemies":"Maw","floor":46,"turns":8},{"damage":60,"enemies":"Awakened One","floor":50,"turns":14}],"event_choices":[{"event_name":"Upgrade Shrine","player_choice":"Upgraded","floor":3,"damage_taken":0},{"event_name":"Match and Keep!","player_choice":"1 cards matched","floor":14,"damage_taken":0},{"event_name":"Drug Dealer","player_choice":"Ignored","floor":20,"damage_taken":0},{"event_name":"Beggar","player_choice":"Gave Gold","floor":21,"damage_taken":0},{"event_name":"Addict","player_choice":"Obtained Relic","floor":29,"damage_taken":0},{"event_name":"Winding Halls","player_choice":"Writhe","floor":37,"damage_taken":0},{"event_name":"Bonfire Elementals","player_choice":"CURSE","floor":42,"damage_taken":0},{"event_name":"The Woman in Blue","player_choice":"Bought 3 Potions","floor":48,"damage_taken":0}],"boss_relics":[{"not_picked":["Runic Pyramid","Eternal Feather"],"picked":"Astrolabe"},{"not_picked":["Velvet Choker","Black Star"],"picked":"Cursed Key"}],"potions_floor_spawned":[1,11,13,18,19,25,35,38],"seed_played":"-4538581661135836850","ascension_level":0,"is_trial":false}