{"path_per_floor":["M","M","M","M","M","R","M","?","T","M","$","?","?","M","R","B",null,"M","?","M","$"],"character_chosen":"DEFECT","items_purchased":["Defragment"],"gold_per_floor":[110,130,148,161,175,175,190,190,190,207,171,136,136,150,150,248,248,261,261,278,203,203],"floor_reached":22,"campfire_rested":0,"playtime":558,"current_hp_per_floor":[74,67,60,58,47,47,44,44,44,29,29,47,47,37,37,3,75,70,56,24,24,0],"items_purged":["Strike_B"],"gold":203,"score":180,"play_id":"ab02513d-f7e5-4b34-bd5c-59960490db83","local_time":"20180506220943","is_prod":false,"is_daily":false,"chose_seed":false,"is_ascension_mode":false,"campfire_upgraded":2,"timestamp":1525658983,"path_taken":["M","M","M","?","M","R","M","?","T","M","$","?","?","M","R","BOSS","M","?","M","$","M"],"build_version":"2018-05-03","seed_source_timestamp":434948103918978,"purchased_purges":1,"victory":false,"master_deck":["Strike_B","Strike_B","Strike_B","Defend_B","Defend_B","Defend_B","Defend_B","Zap+1","Dualcast","Streamline+1","Reprogram","Go for the Eyes","Ball Lightning","Lockon","Melter","Gash","Defragment+1","Machine Learning","Beam Cell","Undo"],"max_hp_per_floor":[75,75,75,75,75,75,75,75,75,75,75,75,75,75,75,75,75,75,80,80,80,80],"relics":["Cracked Core","Bronze Scales","Black Star"],"card_choices":[{"not_picked":["Axe Kick","Skim"],"picked":"Streamline","floor":1},{"not_picked":["Barrage","Double Energy"],"picked":"Reprogram","floor":2},{"not_picked":["Doom and Gloom","Stack"],"picked":"Go for the Eyes","floor":3},{"not_picked":["Steam Power","Cold Snap"],"picked":"Ball Lightning","floor":4},{"not_picked":["Skim","Chill"],"picked":"Lockon","floor":5},{"not_picked":["Coolheaded","Skim"],"picked":"Melter","floor":7},{"not_picked":["Heatsinks","Impulse"],"picked":"Gash","floor":10},{"not_picked":["Hyperbeam","Fusion"],"picked":"Machine Learning","floor":16},{"not_picked":["Streamline","Ball Lightning"],"picked":"Beam Cell","floor":18},{"not_picked":["Stack","Skim"],"picked":"Undo","floor":20}],"player_experience":426820,"potions_floor_usage":[],"damage_taken":[{"damage":1,"enemies":"Cultist","floor":1,"turns":3},{"damage":7,"enemies":"Small Slimes","floor":2,"turns":3},{"damage":7,"enemies":"2 Louse","floor":3,"turns":2},{"damage":2,"enemies":"Large Slime","floor":4,"turns":4},{"damage":11,"enemies":"Blue Slaver","floor":5,"turns":3},{"damage":3,"enemies":"3 Louse","floor":7,"turns":2},{"damage":15,"enemies":"Gremlin Gang","floor":10,"turns":3},{"damage":10,"enemies":"Looter","floor":14,"turns":3},{"damage":34,"enemies":"Hexaghost","floor":16,"turns":8},{"damage":5,"enemies":"Spheric Guardian","floor":18,"turns":3},{"damage":32,"enemies":"2 Thieves","floor":20,"turns":3},{"damage":32,"enemies":"Cultist and Chosen","floor":22,"turns":5}],"event_choices":[{"event_name":"Golden Idol","player_choice":"Ignored","floor":8,"damage_taken":0},{"event_name":"The Cleric","player_choice":"Healed","floor":12,"damage_taken":0},{"event_name":"Upgrade Shrine","player_choice":"Upgraded","floor":13,"damage_taken":0},{"event_name":"Forgotten Altar","player_choice":"Shed Blood","floor":19,"damage_taken":0}],"boss_relics":[{"not_picked":["Ectoplasm","Nuclear Battery"],"picked":"Black Star"}],"potions_floor_spawned":[2,5,10,14],"seed_played":"-8231809153828972368","killed_by":"Cultist and Chosen","ascension_level":0,"is_trial":false}