{"gold_per_floor":[119,119,139,139,152,179,179,196,196,196,208,308,320,340,340,438,438,448,547,547,566,566],"floor_reached":22,"playtime":568,"items_purged":[],"score":254,"play_id":"e1b544c2-9333-4b1e-8d72-b05b9cf1da5a","local_time":"20180917235232","is_ascension_mode":true,"campfire_choices":[{"data":"Demon Form","floor":7,"key":"SMITH"},{"data":"Body Slam","floor":10,"key":"SMITH"},{"data":"True Grit","floor":15,"key":"SMITH"}],"neow_cost":"NONE","seed_source_timestamp":433697619972999,"circlet_count":0,"master_deck":["Strike_R","Strike_R","Strike_R","Strike_R","Defend_R","Defend_R","Defend_R","Defend_R","Bash","Sword Boomerang","Demon Form+1","Body Slam+1","Immolate","True Grit+1","Disarm","Twin Strike","Double Tap","Parasite","Doubt","Shame","Armaments+1","Whirlwind"],"relics":["Burning Blood","NeowsBlessing","The Courier","Girya","Calling Bell","PreservedInsect","Mummified Hand","Incense Burner","MutagenicStrength"],"potions_floor_usage":[6,14,16,21],"damage_taken":[{"damage":0,"enemies":"Cultist","floor":1,"turns":1},{"damage":0,"enemies":"Jaw Worm","floor":3,"turns":1},{"damage":0,"enemies":"2 Louse","floor":5,"turns":1},{"damage":40,"enemies":"Lagavulin","floor":6,"turns":5},{"damage":15,"enemies":"Exordium Thugs","floor":8,"turns":5},{"damage":20,"enemies":"Large Slime","floor":11,"turns":6},{"damage":0,"enemies":"2 Fungi Beasts","floor":13,"turns":2},{"damage":0,"enemies":"Exordium Thugs","floor":14,"turns":3},{"damage":11,"enemies":"Hexaghost","floor":16,"turns":6},{"damage":28,"enemies":"Shell Parasite","floor":18,"turns":4},{"damage":16,"enemies":"Chosen","floor":21,"turns":6},{"damage":42,"enemies":"Snecko","floor":22,"turns":5}],"seed_played":"-8288974865610061976","potions_obtained":[{"floor":1,"key":"AttackPotion"},{"floor":13,"key":"AttackPotion"},{"floor":14,"key":"Block Potion"},{"floor":16,"key":"Energy Potion"}],"is_trial":false,"path_per_floor":["M","?","M","?","M","E","R","M","T","R","M","?","M","M","R","B",null,"M","?","?","M"],"character_chosen":"IRONCLAD","items_purchased":[],"campfire_rested":0,"item_purchase_floors":[],"current_hp_per_floor":[78,78,80,85,85,51,51,42,42,42,28,28,34,40,40,35,73,51,51,51,41,0],"gold":566,"neow_bonus":"THREE_ENEMY_KILL","is_prod":false,"is_daily":false,"chose_seed":false,"campfire_upgraded":3,"win_rate":0,"timestamp":1537242752,"path_taken":["M","?","M","?","?","E","R","M","T","R","M","?","?","M","R","BOSS","M","?","?","M","M"],"build_version":"2018-09-17","purchased_purges":0,"victory":false,"max_hp_per_floor":[80,80,80,85,85,85,85,85,85,85,85,85,85,85,85,85,85,85,85,85,85,85],"card_choices":[{"not_picked":["Sentinel","Clothesline"],"picked":"Sword Boomerang","floor":1},{"not_picked":["Wild Strike","Heavy Blade"],"picked":"Body Slam","floor":3},{"not_picked":["Havoc","Sever Soul","Headbutt"],"picked":"SKIP","floor":5},{"not_picked":["Fire Breathing","Combust"],"picked":"Immolate","floor":6},{"not_picked":["Perfected Strike","Clash"],"picked":"True Grit","floor":8},{"not_picked":["True Grit","Demon Form","Combust"],"picked":"SKIP","floor":11},{"not_picked":["Anger","Feel No Pain"],"picked":"Disarm","floor":13},{"not_picked":["Wild Strike","Battle Trance"],"picked":"Twin Strike","floor":14},{"not_picked":["Fiend Fire","Immolate"],"picked":"Double Tap","floor":16},{"not_picked":["Headbutt","Burning Pact"],"picked":"Armaments+1","floor":18},{"not_picked":["Armaments","Battle Trance+1"],"picked":"Whirlwind","floor":21}],"player_experience":895860,"relics_obtained":[{"floor":6,"key":"The Courier"},{"floor":9,"key":"Girya"},{"floor":17,"key":"PreservedInsect"},{"floor":17,"key":"Mummified Hand"},{"floor":17,"key":"Incense Burner"}],"event_choices":[{"event_name":"Living Wall","player_choice":"Change","floor":2,"damage_taken":0},{"event_name":"Big Fish","player_choice":"Donut","floor":4,"damage_taken":0},{"event_name":"Golden Shrine","player_choice":"Pray","floor":12,"damage_taken":0},{"event_name":"Nest","player_choice":"Stole From Cult","floor":19,"damage_taken":0},{"event_name":"Drug Dealer","player_choice":"Inject Mutagens","floor":20,"damage_taken":0}],"is_beta":true,"boss_relics":[{"not_picked":["Tiny House","Orrery"],"picked":"Calling Bell"}],"items_purged_floors":[],"is_endless":false,"potions_floor_spawned":[1,13,14,16],"killed_by":"Snecko","ascension_level":7}