{"gold_per_floor":[109,129,129,129,149,149,163,163,186,47,12,50,50,86,86,210,210,229,279,27,27,27,27,27],"floor_reached":24,"playtime":481,"items_purged":[],"score":200,"play_id":"f2e6b307-ff93-4921-b23a-36864a4a30f7","local_time":"20180707213524","is_ascension_mode":false,"campfire_choices":[{"data":"Armaments","floor":13,"key":"SMITH"},{"floor":15,"key":"DIG"},{"floor":23,"key":"DIG"}],"neow_cost":"NONE","seed_source_timestamp":589924900747831,"circlet_count":0,"master_deck":["Strike_R","Strike_R","Strike_R","Strike_R","Defend_R","Defend_R","Defend_R","Defend_R+1","Bash","Uppercut","Cleave","Headbutt","Shrug It Off+1","Offering","Armaments+1","Limit Break+1","Reaper","Wild Strike+1","Power Through"],"relics":["Burning Blood","NeowsBlessing","Golden Idol","Boot","Happy Flower","Art of War","Shovel","Kunai","Black Star","Bottled Lightning","War Paint"],"potions_floor_usage":[24,24],"damage_taken":[{"damage":0,"enemies":"2 Louse","floor":1,"turns":1},{"damage":0,"enemies":"Small Slimes","floor":2,"turns":1},{"damage":0,"enemies":"Cultist","floor":5,"turns":1},{"damage":4,"enemies":"Looter","floor":7,"turns":4},{"damage":24,"enemies":"Gremlin Nob","floor":12,"turns":4},{"damage":22,"enemies":"Lagavulin","floor":14,"turns":5},{"damage":48,"enemies":"Hexaghost","floor":16,"turns":9},{"damage":30,"enemies":"Spheric Guardian","floor":18,"turns":6},{"damage":76,"enemies":"Book of Stabbing","floor":24,"turns":9}],"seed_played":"6981271433363393500","potions_obtained":[{"floor":1,"key":"Regen Potion"},{"floor":12,"key":"Dexterity Potion"},{"floor":14,"key":"Block Potion"}],"is_trial":false,"path_per_floor":["M","M","?","?","M","?","M","?","T","$","?","E","R","E","R","B",null,"M","?","$","?","?","R"],"character_chosen":"IRONCLAD","items_purchased":["Offering","Bottled Lightning"],"campfire_rested":0,"item_purchase_floors":[10,20],"current_hp_per_floor":[80,80,60,60,66,71,73,70,70,70,85,67,67,51,51,9,85,65,65,65,65,65,65,0],"gold":27,"neow_bonus":"THREE_ENEMY_KILL","is_prod":false,"is_daily":false,"chose_seed":false,"campfire_upgraded":1,"win_rate":0,"timestamp":1531013724,"path_taken":["M","M","?","?","?","?","M","?","T","$","?","E","R","E","R","BOSS","M","?","$","?","?","R","E"],"build_version":"2018-07-05","purchased_purges":0,"victory":false,"max_hp_per_floor":[80,80,80,80,80,85,85,85,85,85,85,85,85,85,85,85,85,85,85,85,85,85,85,85],"card_choices":[{"not_picked":["Perfected Strike","Clothesline"],"picked":"Uppercut","floor":1},{"not_picked":["Combust","Rampage"],"picked":"Cleave","floor":2},{"not_picked":["Wild Strike","Clothesline"],"picked":"Headbutt","floor":5},{"not_picked":["Sword Boomerang","Blood for Blood"],"picked":"Shrug It Off","floor":7},{"not_picked":["Anger","True Grit"],"picked":"Armaments","floor":12},{"not_picked":["True Grit","Dropkick"],"picked":"Limit Break","floor":14},{"not_picked":["Offering","Impervious"],"picked":"Reaper","floor":16},{"not_picked":["Body Slam","Rupture"],"picked":"Wild Strike+1","floor":18}],"player_experience":727311,"relics_obtained":[{"floor":9,"key":"Happy Flower"},{"floor":12,"key":"Art of War"},{"floor":14,"key":"Shovel"},{"floor":15,"key":"Kunai"},{"floor":23,"key":"War Paint"}],"event_choices":[{"event_name":"Golden Idol","player_choice":"Take Damage","floor":3,"damage_taken":0},{"event_name":"Liars Game","player_choice":"disagreed","floor":4,"damage_taken":0},{"event_name":"Big Fish","player_choice":"Donut","floor":6,"damage_taken":0},{"event_name":"Scrap Ooze","player_choice":"success","floor":8,"damage_taken":3},{"event_name":"The Cleric","player_choice":"Healed","floor":11,"damage_taken":0},{"event_name":"The Joust","player_choice":"Bet on Murderer","floor":19,"damage_taken":0},{"event_name":"Upgrade Shrine","player_choice":"Upgraded","floor":21,"damage_taken":0},{"event_name":"Transmorgrifier","player_choice":"Transform","floor":22,"damage_taken":0}],"boss_relics":[{"not_picked":["Snecko Eye","Velvet Choker"],"picked":"Black Star"}],"items_purged_floors":[],"is_endless":false,"potions_floor_spawned":[1,12,14,18],"killed_by":"Book of Stabbing","ascension_level":0}