{"gold_per_floor":[99,99,99,77,77,77,47,47,47,47,47,47,47,47,47,47,47,47,47,47,47,47,47,47,47,47,47,47,47,47,47,47,47,47,47,47,10,10,10,10,0,0,0,0,0,0,0,0,0,0],"floor_reached":50,"playtime":38123,"items_purged":[],"score":450,"play_id":"6bba5e60-9c69-4552-83d3-7b4968591d68","local_time":"20180720124529","is_ascension_mode":false,"campfire_choices":[{"data":"Neutralize","floor":6,"key":"SMITH"},{"data":"Bouncing Flask","floor":15,"key":"SMITH"},{"data":"After Image","floor":23,"key":"SMITH"},{"data":"Backstab","floor":25,"key":"SMITH"},{"floor":32,"key":"REST"},{"floor":40,"key":"REST"},{"data":"Bullet Time","floor":42,"key":"SMITH"},{"data":"Reflex","floor":44,"key":"SMITH"},{"floor":49,"key":"REST"}],"neow_cost":"NONE","seed_source_timestamp":1003286050597149,"circlet_count":0,"master_deck":["Defend_G","Defend_G","Defend_G","Defend_G","Defend_G","Strike_G","Strike_G","Strike_G","Strike_G","Survivor","Neutralize+1","Poisoned Stab+1","Quick Slash","Bouncing Flask+1","Backstab+1","All Out Attack","Acrobatics","Bouncing Flask","Dagger Spray","Bullet Time+1","Dagger Throw","After Image+1","Slice+1","Blur+1","Escape Plan","Reflex+1","Tactician+1","Writhe","Chrysalis"],"relics":["Ectoplasm","Boot","Centennial Puzzle","Lizard Tail","Nilry\u0027s Codex","MawBank","Black Star","Red Mask","Blue Candle"],"potions_floor_usage":[21,33,45,45],"damage_taken":[{"damage":0,"enemies":"Small Slimes","floor":1,"turns":4},{"damage":0,"enemies":"2 Louse","floor":3,"turns":2},{"damage":0,"enemies":"Cultist","floor":5,"turns":3},{"damage":2,"enemies":"Looter","floor":7,"turns":3},{"damage":7,"enemies":"Blue Slaver","floor":8,"turns":3},{"damage":0,"enemies":"2 Fungi Beasts","floor":10,"turns":3},{"damage":6,"enemies":"3 Louse","floor":11,"turns":2},{"damage":22,"enemies":"3 Sentries","floor":12,"turns":5},{"damage":4,"enemies":"Blue Slaver","floor":13,"turns":3},{"damage":0,"enemies":"Lots of Slimes","floor":14,"turns":1},{"damage":15,"enemies":"The Guardian","floor":16,"turns":8},{"damage":8,"enemies":"Spheric Guardian","floor":18,"turns":4},{"damage":14,"enemies":"Shell Parasite","floor":19,"turns":4},{"damage":8,"enemies":"Snecko","floor":21,"turns":4},{"damage":9,"enemies":"3 Cultists","floor":24,"turns":4},{"damage":11,"enemies":"Snake Plant","floor":29,"turns":3},{"damage":1,"enemies":"Sentry and Sphere","floor":31,"turns":5},{"damage":46,"enemies":"Collector","floor":33,"turns":11},{"damage":40,"enemies":"3 Darklings","floor":35,"turns":5},{"damage":0,"enemies":"Flame Bruiser 1 Orb","floor":36,"turns":7},{"damage":30,"enemies":"Spire Growth","floor":39,"turns":5},{"damage":18,"enemies":"Flame Bruiser 2 Orb","floor":45,"turns":7},{"damage":16,"enemies":"3 Darklings","floor":48,"turns":5},{"damage":37,"enemies":"Time Eater","floor":50,"turns":8}],"seed_played":"7200908705499967028","potions_obtained":[{"floor":1,"key":"Fire Potion"},{"floor":5,"key":"Ancient Potion"},{"floor":8,"key":"Swift Potion"},{"floor":16,"key":"Fruit Juice"},{"floor":24,"key":"Regen Potion"},{"floor":33,"key":"GhostInAJar"},{"floor":45,"key":"Fire Potion"}],"is_trial":false,"path_per_floor":["M","?","M","?","M","R","M","M","T","M","M","E","M","M","R","B",null,"M","M","$","M","?","R","M","R","T","$","?","M","$","M","R","B",null,"M","M","$","?","M","R","?","R","T","R","M","?","?","M","R"],"character_chosen":"THE_SILENT","items_purchased":["Reflex"],"campfire_rested":3,"item_purchase_floors":[37],"current_hp_per_floor":[70,70,70,70,70,70,68,61,61,61,55,33,29,29,29,14,70,62,48,48,45,29,29,20,20,20,20,20,9,9,8,30,37,75,35,35,35,35,5,27,27,27,27,27,9,28,28,12,34,0],"gold":0,"neow_bonus":"BOSS_RELIC","is_prod":false,"is_daily":false,"chose_seed":false,"campfire_upgraded":6,"win_rate":0,"timestamp":1532105129,"path_taken":["M","?","?","?","M","R","M","M","T","M","M","E","M","M","R","BOSS","M","M","$","M","?","R","M","R","T","$","?","M","?","M","R","BOSS","M","M","?","?","M","R","?","R","T","R","M","?","?","M","R","BOSS"],"build_version":"2018-07-19","purchased_purges":0,"victory":false,"max_hp_per_floor":[70,70,70,70,70,70,70,70,70,70,70,70,70,70,70,70,70,70,70,70,75,75,75,75,75,75,75,75,75,75,75,75,75,75,75,75,75,75,75,75,75,75,75,75,75,75,75,75,75,75],"card_choices":[{"not_picked":["Expertise","Flying Knee"],"picked":"Poisoned Stab","floor":1},{"not_picked":["Blur","Tactician","Outmaneuver"],"picked":"SKIP","floor":3},{"not_picked":["Underhanded Strike","Reflex"],"picked":"Quick Slash","floor":5},{"not_picked":["Prepared","Dodge and Roll"],"picked":"Bouncing Flask","floor":7},{"not_picked":["Deadly Poison","Cloak And Dagger"],"picked":"Backstab","floor":8},{"not_picked":["Dagger Throw","Cloak And Dagger"],"picked":"All Out Attack","floor":10},{"not_picked":["Underhanded Strike","Outmaneuver"],"picked":"Acrobatics","floor":11},{"not_picked":["Setup","Outmaneuver"],"picked":"Bouncing Flask","floor":12},{"not_picked":["Tools of the Trade","Acrobatics","All Out Attack"],"picked":"SKIP","floor":13},{"not_picked":["Slice","Dagger Throw"],"picked":"Dagger Spray","floor":14},{"not_picked":["Envenom","Malaise"],"picked":"Bullet Time","floor":16},{"not_picked":["Outmaneuver","Sucker Punch"],"picked":"Dagger Throw","floor":18},{"not_picked":["Dodge and Roll","Underhanded Strike"],"picked":"After Image","floor":19},{"not_picked":["Acrobatics","Dash"],"picked":"Slice+1","floor":21},{"not_picked":["Storm of Steel","Terror","Quick Slash"],"picked":"SKIP","floor":24},{"not_picked":["Setup+1","Poisoned Stab","Tactician"],"picked":"SKIP","floor":29},{"not_picked":["Bouncing Flask","Dodge and Roll","Sucker Punch"],"picked":"SKIP","floor":31},{"not_picked":["Cloak And Dagger+1","PiercingWail"],"picked":"Blur+1","floor":35},{"not_picked":["Dodge and Roll","Sucker Punch+1"],"picked":"Escape Plan","floor":36},{"not_picked":["Underhanded Strike","Endless Agony+1"],"picked":"Tactician+1","floor":39},{"not_picked":["Cloak And Dagger+1","Flying Knee","Blur"],"picked":"SKIP","floor":45},{"not_picked":["Dark Shackles","Sadistic Nature"],"picked":"Chrysalis","floor":47},{"not_picked":["Deflect","Distraction","Slice"],"picked":"SKIP","floor":48}],"player_experience":765443,"relics_obtained":[{"floor":9,"key":"Boot"},{"floor":12,"key":"Centennial Puzzle"},{"floor":22,"key":"Nilry\u0027s Codex"},{"floor":26,"key":"MawBank"},{"floor":43,"key":"Blue Candle"}],"event_choices":[{"event_name":"Living Wall","player_choice":"Grow","floor":2,"damage_taken":0},{"event_name":"World of Goop","player_choice":"Left","floor":4,"damage_taken":0},{"event_name":"Cursed Tome","player_choice":"Obtained Book","floor":22,"damage_taken":0},{"event_name":"Ghosts","player_choice":"Ignored","floor":28,"damage_taken":0},{"event_name":"Falling","player_choice":"Removed Attack","floor":38,"damage_taken":0},{"event_name":"Tomb of Lord Red Mask","player_choice":"Paid","floor":41,"damage_taken":0},{"event_name":"Winding Halls","player_choice":"Writhe","floor":46,"damage_taken":0},{"event_name":"SensoryStone","player_choice":"Memory 1","floor":47,"damage_taken":0}],"is_beta":true,"boss_relics":[{"not_picked":["Runic Dome","Philosopher\u0027s Stone"],"picked":"Lizard Tail"},{"not_picked":["Snecko Eye","Orrery"],"picked":"Black Star"}],"items_purged_floors":[],"is_endless":false,"potions_floor_spawned":[1,5,8,13,16,19,24,29,33,39,45],"killed_by":"Time Eater","ascension_level":0}