{"path_per_floor":["M","$","?","M","M","R","M","$","T","M","R","E","M","E","R","B",null,"M","M","?","?","M","R","$","E","T","M","M","M","R","M","R"],"character_chosen":"IRONCLAD","items_purchased":["Metallicize","Whetstone","Clash"],"gold_per_floor":[217,65,165,183,196,196,207,53,79,95,95,127,139,164,164,266,266,266,266,266,191,191,191,167,167,167,167,167,167,167,167,167,167],"floor_reached":33,"campfire_rested":5,"playtime":1038,"current_hp_per_floor":[61,61,61,61,66,66,45,45,45,41,65,53,57,50,74,19,65,68,34,34,34,42,66,66,47,47,20,32,17,41,25,49,0],"items_purged":["Defend_R"],"gold":167,"score":379,"play_id":"981f3103-8347-49aa-838b-16b5c1da3d54","local_time":"20180410231028","is_prod":false,"is_daily":false,"is_ascension_mode":true,"campfire_upgraded":1,"timestamp":1523416228,"path_taken":["M","$","?","M","M","R","M","$","T","M","R","E","M","E","R","BOSS","M","?","?","?","M","R","$","E","T","?","M","M","R","?","R","BOSS"],"build_version":"2018-04-05v2","purchased_purges":1,"victory":false,"master_deck":["Strike_R","Strike_R","Strike_R","Strike_R+1","Strike_R+1","Defend_R","Bash","Shockwave","Metallicize","Flex","Perfected Strike+1","Corruption","Double Tap","Pommel Strike","Reaper","Perfected Strike","Armaments+1","Perfected Strike+1","Clash","Seeing Red","Thunderclap"],"max_hp_per_floor":[80,80,80,80,80,80,80,80,80,80,80,80,80,80,80,80,80,80,80,80,80,80,80,80,80,80,80,80,80,80,80,80,80],"relics":["Burning Blood","Whetstone","Bag of Preparation","Oddly Smooth Stone","Calipers","Ectoplasm","Champion Belt","Frozen Egg 2"],"card_choices":[{"not_picked":["Reckless Charge","Wild Strike"],"picked":"Shockwave","floor":1},{"not_picked":["Pummel","Seeing Red"],"picked":"Flex","floor":4},{"not_picked":["Metallicize","Twin Strike"],"picked":"Perfected Strike","floor":5},{"not_picked":["Thunderclap","Power Through"],"picked":"Corruption","floor":10},{"not_picked":["Cleave","Exhume"],"picked":"Double Tap","floor":12},{"not_picked":["Carnage","Wild Strike"],"picked":"Pommel Strike","floor":13},{"not_picked":["Exhume","Fiend Fire"],"picked":"Reaper","floor":16},{"not_picked":["Headbutt","Anger"],"picked":"Perfected Strike","floor":18},{"not_picked":["Uppercut","Berserk"],"picked":"Armaments","floor":19},{"not_picked":["Flex","Shrug It Off"],"picked":"Perfected Strike","floor":22},{"not_picked":["Iron Wave","Anger"],"picked":"Seeing Red","floor":27},{"not_picked":["Dual Wield","Shrug It Off"],"picked":"Thunderclap","floor":31}],"player_experience":335765,"potions_floor_usage":[16,28,29,31,33],"damage_taken":[{"damage":17,"enemies":"Small Slimes","floor":1,"turns":5},{"damage":6,"enemies":"Cultist","floor":4,"turns":3},{"damage":1,"enemies":"2 Louse","floor":5,"turns":3},{"damage":27,"enemies":"Lots of Slimes","floor":7,"turns":5},{"damage":10,"enemies":"Exordium Wildlife","floor":10,"turns":3},{"damage":18,"enemies":"3 Sentries","floor":12,"turns":6},{"damage":2,"enemies":"3 Louse","floor":13,"turns":3},{"damage":13,"enemies":"Gremlin Nob","floor":14,"turns":3},{"damage":61,"enemies":"The Guardian","floor":16,"turns":9},{"damage":10,"enemies":"3 Byrds","floor":18,"turns":5},{"damage":40,"enemies":"Shell Parasite","floor":19,"turns":4},{"damage":10,"enemies":"Centurion and Healer","floor":22,"turns":4},{"damage":39,"enemies":"Gremlin Leader","floor":25,"turns":5},{"damage":37,"enemies":"Chosen and Byrds","floor":27,"turns":4},{"damage":0,"enemies":"Snecko","floor":28,"turns":2},{"damage":24,"enemies":"Snake Plant","floor":29,"turns":2},{"damage":28,"enemies":"Chosen and Byrds","floor":31,"turns":5},{"damage":49,"enemies":"Champ","floor":33,"turns":6}],"event_choices":[{"event_name":"Golden Shrine","player_choice":"Pray","floor":3,"damage_taken":0},{"event_name":"Purifier","player_choice":"One Purge","floor":20,"damage_taken":0},{"event_name":"Beggar","player_choice":"Gave Gold","floor":21,"damage_taken":0}],"boss_relics":[{"not_picked":["Velvet Choker","Black Star"],"picked":"Ectoplasm"}],"potions_floor_spawned":[1,4,7,12,14,16,22,28],"seed_played":"-7873009893494025541","killed_by":"Champ","ascension_level":7,"is_trial":false}