{"path_per_floor":["M","M","M","?","$","E","M","?","T","R","$","R","M","M","R","B",null,"M","?","?","$","M","E","?","M","T","R","$","R","?","M","R","B",null,"M","$","M","M","$","R","M","?","T","R","M","M","R","$","R","B"],"character_chosen":"IRONCLAD","items_purchased":["Disarm","Inflame","Shockwave"],"gold_per_floor":[219,238,251,251,102,128,143,108,178,178,3,3,18,34,34,130,130,145,145,145,20,39,68,68,88,88,88,53,53,153,163,163,264,264,274,124,135,154,154,154,174,0,49,49,60,78,78,78,78,78],"floor_reached":51,"campfire_rested":7,"playtime":1870,"current_hp_per_floor":[74,74,79,72,72,39,34,34,44,44,44,71,58,47,74,26,90,70,70,90,90,90,44,44,30,30,57,57,84,84,86,86,41,90,57,57,56,39,39,66,43,43,43,85,82,71,71,71,90,35],"items_purged":["Strike_R","Defend_R","Strike_R","Defend_R"],"gold":78,"score":617,"play_id":"17bf0004-308a-49e1-8cf2-482a64f0b2d8","is_prod":false,"is_daily":false,"is_ascension_mode":false,"campfire_upgraded":3,"path_taken":["M","M","M","?","$","E","M","?","T","R","$","R","M","M","R","BOSS","M","?","?","$","M","E","?","M","T","R","$","R","?","M","R","BOSS","M","?","M","?","$","R","M","?","T","R","M","M","R","?","R","BOSS"],"build_version":"2018-02-22-PROD2","purchased_purges":4,"victory":true,"master_deck":["Strike_R","Strike_R","Strike_R","Defend_R","Defend_R","Bash","Flex","Disarm","Body Slam+1","Inflame","Battle Trance+1","Demon Form+1","Cleave","Whirlwind","Shockwave+1","Pommel Strike","Shrug It Off+1"],"max_hp_per_floor":[80,80,80,80,80,80,80,80,90,90,90,90,90,90,90,90,90,90,90,90,90,90,90,90,90,90,90,90,90,90,90,90,90,90,90,90,90,90,90,90,90,90,90,90,90,90,90,90,90,90],"relics":["Burning Blood","Bag of Marbles","Orichalcum","Pear","Sozu","Unceasing Top","Ginger","Mark of Pain","Red Mask","Regal Pillow"],"card_choices":[{"not_picked":["Thunderclap","Power Through"],"picked":"Flex"},{"not_picked":["Pummel","Clash"],"picked":"Body Slam"},{"not_picked":["Wild Strike","Anger"],"picked":"Battle Trance"},{"not_picked":["Offering","Berserk"],"picked":"Demon Form"},{"not_picked":["Searing Blow","Combust"],"picked":"Cleave"},{"not_picked":["Body Slam","Armaments"],"picked":"Whirlwind"},{"not_picked":["Searing Blow","Inflame"],"picked":"Pommel Strike"},{"not_picked":["Pummel","Burning Pact"],"picked":"Shrug It Off"}],"player_experience":159651,"potions_floor_usage":[45,46],"damage_taken":[{"damage":12,"enemies":"Small Slimes","floor":1,"turns":4},{"damage":6,"enemies":"Jaw Worm","floor":2,"turns":5},{"damage":1,"enemies":"2 Louse","floor":3,"turns":3},{"damage":39,"enemies":"Gremlin Nob","floor":6,"turns":5},{"damage":11,"enemies":"2 Fungi Beasts","floor":7,"turns":4},{"damage":19,"enemies":"Gremlin Gang","floor":13,"turns":6},{"damage":17,"enemies":"Lots of Slimes","floor":14,"turns":6},{"damage":54,"enemies":"The Guardian","floor":16,"turns":12},{"damage":26,"enemies":"2 Thieves","floor":18,"turns":5},{"damage":6,"enemies":"3 Byrds","floor":22,"turns":4},{"damage":52,"enemies":"Book of Stabbing","floor":23,"turns":7},{"damage":20,"enemies":"Centurion and Healer","floor":25,"turns":3},{"damage":4,"enemies":"Sentry and Sphere","floor":31,"turns":3},{"damage":51,"enemies":"Collector","floor":33,"turns":7},{"damage":39,"enemies":"3 Darklings","floor":35,"turns":3},{"damage":7,"enemies":"Orb Walker","floor":37,"turns":3},{"damage":23,"enemies":"Maw","floor":38,"turns":6},{"damage":29,"enemies":"3 Darklings","floor":41,"turns":4},{"damage":9,"enemies":"Sphere and 2 Shapes","floor":45,"turns":4},{"damage":20,"enemies":"4 Shapes","floor":46,"turns":3},{"damage":61,"enemies":"Donu and Deca","floor":50,"turns":7}],"event_choices":[{"event_name":"Scrap Ooze","player_choice":"success","floor":4,"damage_taken":7},{"event_name":"World of Goop","player_choice":"Left","floor":8,"damage_taken":0},{"event_name":"Accursed Blacksmith","player_choice":"Forge","floor":19,"damage_taken":0},{"event_name":"Wheel of Change","player_choice":"Full Heal","floor":20,"damage_taken":0},{"event_name":"The Mausoleum","player_choice":"No","floor":24,"damage_taken":0},{"event_name":"Golden Shrine","player_choice":"Pray","floor":30,"damage_taken":0},{"event_name":"Tomb of Lord Red Mask","player_choice":"Paid","floor":42,"damage_taken":0}],"boss_relics":[{"not_picked":["Runic Cube","Cursed Key"],"picked":"Sozu"},{"not_picked":["Astrolabe","Tiny House"],"picked":"Mark of Pain"}],"potions_floor_spawned":[2,7,14,16,18,23,33,35,37,41,46],"seed_played":"-8167804595234710710","ascension_level":0,"is_trial":false}