{"gold_per_floor":[119,119,132,149,149,181,38,71,139,151,163,182,202,215,215,319,319,338,328,32,52,72,72,107,107,107,22,37,65,165,177,177,278,278,295,308,327,337,349,349,624,636,717,733,758,776,793,10,10,10,10,10,10,37,37],"floor_reached":56,"playtime":8090,"items_purged":["Strike_B","Strike_B"],"score":1363,"play_id":"a2726dde-b607-46a9-9f53-490193635441","local_time":"20190916103254","is_ascension_mode":true,"campfire_choices":[{"floor":15,"key":"REST"},{"data":"Creative AI","floor":23,"key":"SMITH"},{"data":"Sunder","floor":25,"key":"SMITH"},{"data":"Go for the Eyes","floor":32,"key":"SMITH"},{"data":"Beam Cell","floor":40,"key":"SMITH"},{"floor":49,"key":"RECALL"},{"data":"Echo Form","floor":52,"key":"SMITH"}],"neow_cost":"NONE","seed_source_timestamp":240840557374700,"circlet_count":0,"master_deck":["Strike_B","Strike_B","Defend_B","Defend_B","Defend_B+1","Defend_B+1","Zap","Dualcast","Cold Snap","Go for the Eyes+1","BootSequence","Steam+1","Coolheaded+1","FTL","Beam Cell+1","Creative AI+1","Sunder+1","Conserve Battery+1","Auto Shields+1","Echo Form+1","Tempest+1","Regret","Reprogram+1","Reboot+1"],"relics":["Cracked Core","NeowsBlessing","Bird Faced Urn","Bag of Preparation","PreservedInsect","Toxic Egg 2","Busted Crown","Ice Cream","Potion Belt","Mercury Hourglass","Vajra","Blue Candle","Torii","The Courier","Black Star","War Paint","Happy Flower","Calipers","Bronze Scales","Sundial","Centennial Puzzle","Strawberry"],"potions_floor_usage":[6,16,16,35,44,44,50],"damage_taken":[{"damage":0,"enemies":"Jaw Worm","floor":1,"turns":1},{"damage":0,"enemies":"2 Louse","floor":3,"turns":1},{"damage":0,"enemies":"Cultist","floor":4,"turns":1},{"damage":30,"enemies":"3 Sentries","floor":6,"turns":9},{"damage":10,"enemies":"Lagavulin","floor":8,"turns":7},{"damage":17,"enemies":"Gremlin Gang","floor":10,"turns":6},{"damage":0,"enemies":"3 Louse","floor":11,"turns":4},{"damage":2,"enemies":"Exordium Wildlife","floor":12,"turns":3},{"damage":0,"enemies":"Gremlin Gang","floor":13,"turns":8},{"damage":3,"enemies":"Large Slime","floor":14,"turns":6},{"damage":37,"enemies":"Slime Boss","floor":16,"turns":16},{"damage":0,"enemies":"Chosen","floor":18,"turns":4},{"damage":0,"enemies":"2 Thieves","floor":19,"turns":4},{"damage":9,"enemies":"Snecko","floor":21,"turns":6},{"damage":0,"enemies":"Cultist and Chosen","floor":22,"turns":8},{"damage":23,"enemies":"Book of Stabbing","floor":24,"turns":6},{"damage":0,"enemies":"Centurion and Healer","floor":28,"turns":8},{"damage":0,"enemies":"Slavers","floor":29,"turns":4},{"damage":13,"enemies":"Colosseum Slavers","floor":30,"turns":3},{"damage":5,"enemies":"Colosseum Nobs","floor":30,"turns":4},{"damage":2,"enemies":"Snake Plant","floor":31,"turns":4},{"damage":53,"enemies":"Collector","floor":33,"turns":11},{"damage":13,"enemies":"3 Shapes","floor":35,"turns":6},{"damage":3,"enemies":"Orb Walker","floor":36,"turns":5},{"damage":1,"enemies":"4 Shapes","floor":37,"turns":5},{"damage":22,"enemies":"Maw","floor":38,"turns":9},{"damage":11,"enemies":"3 Darklings","floor":39,"turns":6},{"damage":46,"enemies":"Writhing Mass","floor":42,"turns":8},{"damage":17,"enemies":"Jaw Worm Horde","floor":44,"turns":6},{"damage":25,"enemies":"Giant Head","floor":45,"turns":9},{"damage":1,"enemies":"4 Shapes","floor":46,"turns":6},{"damage":45,"enemies":"Maw","floor":47,"turns":6},{"damage":46,"enemies":"Donu and Deca","floor":50,"turns":10},{"damage":22,"enemies":"Shield and Spear","floor":54,"turns":8},{"damage":74,"enemies":"The Heart","floor":55,"turns":13}],"seed_played":"-5805211380742704601","potions_obtained":[{"floor":3,"key":"SkillPotion"},{"floor":4,"key":"Swift Potion"},{"floor":13,"key":"Energy Potion"},{"floor":14,"key":"Regen Potion"},{"floor":16,"key":"SmokeBomb"},{"floor":18,"key":"EssenceOfSteel"},{"floor":21,"key":"Fire Potion"},{"floor":24,"key":"GamblersBrew"},{"floor":29,"key":"Dexterity Potion"},{"floor":37,"key":"Dexterity Potion"},{"floor":42,"key":"Energy Potion"},{"floor":54,"key":"AttackPotion"}],"is_trial":false,"path_per_floor":["M","?","M","M","?","E","$","E","T","M","M","M","M","M","R","B",null,"M","M","$","M","M","R","E","R","T","?","M","E","?","M","R","B",null,"M","M","M","M","M","R","?","M","T","M","E","M","M","$","R","B",null,"R","$","E","B",null],"character_chosen":"DEFECT","items_purchased":["BootSequence","Ice Cream","Calipers","Bronze Scales","Sundial","Reboot+1"],"campfire_rested":1,"item_purchase_floors":[7,20,48,48,48,48],"current_hp_per_floor":[75,68,68,68,75,45,45,35,35,18,18,16,16,13,35,7,75,75,75,75,67,75,75,58,58,58,58,74,75,69,71,71,52,75,72,74,75,73,75,75,75,57,57,58,63,75,52,52,52,32,75,75,75,81,67],"gold":37,"neow_bonus":"THREE_ENEMY_KILL","is_prod":false,"is_daily":false,"chose_seed":false,"campfire_upgraded":5,"win_rate":0,"timestamp":1568622774,"path_taken":["M","?","M","M","?","E","$","E","T","M","?","M","M","?","R","BOSS","M","M","$","M","M","R","E","R","T","?","M","E","?","M","R","BOSS","M","M","M","M","M","R","?","M","T","M","E","?","M","$","R","BOSS","R","$","E","BOSS"],"build_version":"2019-07-17","purchased_purges":2,"victory":true,"max_hp_per_floor":[75,75,75,75,75,75,75,75,75,75,75,75,75,75,75,75,75,75,75,75,75,75,75,75,75,75,75,75,75,75,75,75,75,75,75,75,75,75,75,75,75,75,75,75,75,75,75,75,75,75,75,75,75,82,82],"card_choices":[{"not_picked":["Coolheaded","Redo"],"picked":"Cold Snap","floor":1},{"not_picked":["Blizzard","Hello World"],"picked":"Darkness","floor":3},{"not_picked":["Coolheaded","Ball Lightning"],"picked":"Go for the Eyes","floor":4},{"not_picked":["Stack","Sweeping Beam","Compile Driver"],"picked":"SKIP","floor":6},{"not_picked":["Go for the Eyes","Cold Snap","Leap"],"picked":"SKIP","floor":8},{"not_picked":["Meteor Strike","Aggregate+1"],"picked":"Steam+1","floor":10},{"not_picked":["Double Energy+1","Genetic Algorithm+1"],"picked":"Coolheaded+1","floor":11},{"not_picked":["Tempest+1","Compile Driver","Scrape"],"picked":"SKIP","floor":12},{"not_picked":["Rebound","Cold Snap"],"picked":"FTL","floor":13},{"not_picked":["Cold Snap","Streamline"],"picked":"Beam Cell","floor":14},{"not_picked":["Seek+1","Echo Form"],"picked":"Creative AI","floor":16},{"not_picked":[],"picked":"Sunder","floor":18},{"not_picked":["Gash"],"picked":"SKIP","floor":19},{"not_picked":[],"picked":"Conserve Battery+1","floor":21},{"not_picked":["Conserve Battery+1"],"picked":"SKIP","floor":22},{"not_picked":["Sweeping Beam"],"picked":"SKIP","floor":24},{"not_picked":["Cold Snap"],"picked":"SKIP","floor":28},{"not_picked":["Doom and Gloom"],"picked":"SKIP","floor":29},{"not_picked":[],"picked":"Auto Shields+1","floor":30},{"not_picked":["Go for the Eyes"],"picked":"SKIP","floor":31},{"not_picked":[],"picked":"Echo Form","floor":33},{"not_picked":["FTL"],"picked":"SKIP","floor":35},{"not_picked":["Redo+1"],"picked":"SKIP","floor":36},{"not_picked":[],"picked":"Tempest+1","floor":37},{"not_picked":["Undo+1"],"picked":"SKIP","floor":38},{"not_picked":["Rebound+1"],"picked":"SKIP","floor":39},{"not_picked":["Gash+1"],"picked":"SKIP","floor":42},{"not_picked":["Doom and Gloom+1"],"picked":"SKIP","floor":44},{"not_picked":["Undo+1"],"picked":"SKIP","floor":45},{"not_picked":[],"picked":"Reprogram+1","floor":46},{"not_picked":["Coolheaded+1"],"picked":"SKIP","floor":47},{"not_picked":["Electrodynamics"],"picked":"SKIP","floor":54}],"player_experience":152307,"relics_obtained":[{"floor":6,"key":"Bag of Preparation"},{"floor":8,"key":"PreservedInsect"},{"floor":9,"key":"Toxic Egg 2"},{"floor":24,"key":"Potion Belt"},{"floor":26,"key":"Mercury Hourglass"},{"floor":29,"key":"Blue Candle"},{"floor":30,"key":"Torii"},{"floor":30,"key":"The Courier"},{"floor":45,"key":"War Paint"},{"floor":45,"key":"Happy Flower"},{"floor":54,"key":"Centennial Puzzle"},{"floor":54,"key":"Strawberry"}],"event_choices":[{"damage_healed":0,"gold_gain":0,"player_choice":"Success","damage_taken":7,"relics_obtained":["Bird Faced Urn"],"max_hp_gain":0,"max_hp_loss":0,"event_name":"Scrap Ooze","floor":2,"gold_loss":0},{"cards_removed":["Darkness"],"damage_healed":7,"gold_gain":0,"player_choice":"Offered Uncommon","damage_taken":0,"max_hp_gain":0,"max_hp_loss":0,"event_name":"Bonfire Elementals","floor":5,"gold_loss":0},{"damage_healed":0,"gold_gain":0,"player_choice":"Obtained Relic","damage_taken":0,"relics_obtained":["Vajra"],"max_hp_gain":0,"max_hp_loss":0,"event_name":"Addict","floor":27,"gold_loss":85},{"damage_healed":0,"gold_gain":0,"player_choice":"Fight","damage_taken":0,"max_hp_gain":0,"max_hp_loss":0,"event_name":"Colosseum","floor":30,"gold_loss":0},{"damage_healed":0,"gold_gain":0,"player_choice":"Fought Nobs","damage_taken":0,"max_hp_gain":0,"max_hp_loss":0,"event_name":"Colosseum","floor":30,"gold_loss":0},{"damage_healed":0,"gold_gain":275,"player_choice":"Desecrate","damage_taken":0,"max_hp_gain":0,"max_hp_loss":0,"event_name":"Golden Shrine","floor":41,"gold_loss":0,"cards_obtained":["Regret"]}],"is_beta":false,"boss_relics":[{"not_picked":["Philosopher\u0027s Stone","White Beast Statue"],"picked":"Busted Crown"},{"not_picked":["Cursed Key","Nuclear Battery"],"picked":"Black Star"}],"items_purged_floors":[7,48],"is_endless":false,"potions_floor_spawned":[3,4,13,14,16,18,19,21,24,29,37,38,42,54],"ascension_level":1}