{"gold_per_floor":[111,66,66,78,78,78,96,114,114,189,101,113,113,123,123,197,197,209,209,183,98,115,115,40,63,63,83,115,38,38,71,71,71],"floor_reached":33,"playtime":842,"items_purged":[],"score":550,"play_id":"ae307f13-029c-4f01-9cf1-52a27cce3b9d","local_time":"20190915034047","is_ascension_mode":true,"campfire_choices":[{"data":"Bash","floor":6.0,"key":"SMITH"},{"floor":13.0,"key":"REST"},{"data":"Inflame","floor":15.0,"key":"SMITH"},{"floor":23.0,"key":"REST"},{"floor":30.0,"key":"REST"},{"floor":32.0,"key":"REST"}],"neow_cost":"NONE","seed_source_timestamp":43245650987300,"circlet_count":0,"master_deck":["AscendersBane","Strike_R","Strike_R","Strike_R","Defend_R","Defend_R","Defend_R","Defend_R","Bash+1","Whirlwind","Feel No Pain","Battle Trance","Offering","Inflame+1","Shrug It Off","Shrug It Off","Juggernaut","Heavy Blade","Flame Barrier","Dropkick","Reaper","Double Tap"],"special_seed":0,"relics":["Burning Blood","Ancient Tea Set","Smiling Mask","Velvet Choker","Letter Opener","PreservedInsect","StoneCalendar","Blue Candle","Oddly Smooth Stone"],"potions_floor_usage":[],"damage_taken":[{"damage":2.0,"enemies":"Cultist","floor":1.0,"turns":4.0},{"damage":26.0,"enemies":"Jaw Worm","floor":4.0,"turns":5.0},{"damage":3.0,"enemies":"2 Louse","floor":7.0,"turns":2.0},{"damage":7.0,"enemies":"Looter","floor":8.0,"turns":5.0},{"damage":7.0,"enemies":"2 Fungi Beasts","floor":12.0,"turns":2.0},{"damage":9.0,"enemies":"3 Louse","floor":14.0,"turns":2.0},{"damage":40.0,"enemies":"Hexaghost","floor":16.0,"turns":9.0},{"damage":30.0,"enemies":"Shell Parasite","floor":18.0,"turns":6.0},{"damage":17.0,"enemies":"2 Thieves","floor":20.0,"turns":4.0},{"damage":15.0,"enemies":"Centurion and Healer","floor":22.0,"turns":6.0},{"damage":21.0,"enemies":"3 Cultists","floor":27.0,"turns":5.0},{"damage":20.0,"enemies":"Gremlin Leader","floor":28.0,"turns":4.0},{"damage":37.0,"enemies":"Slavers","floor":31.0,"turns":3.0},{"damage":0,"enemies":"Champ","floor":33,"turns":1}],"seed_played":"3767622712626971168","potions_obtained":[{"floor":4.0,"key":"PowerPotion"},{"floor":7.0,"key":"FearPotion"},{"floor":18.0,"key":"EssenceOfSteel"},{"floor":27.0,"key":"DuplicationPotion"},{"floor":28.0,"key":"FearPotion"},{"floor":31.0,"key":"Fruit Juice"}],"is_trial":false,"path_per_floor":["M","$","?","M","?","R","M","M","T","?","$","M","R","M","R","B",null,"M","?","M","?","M","R","?","T","T","M","E","$","R","E","R","B"],"character_chosen":"IRONCLAD","items_purchased":["Feel No Pain","Inflame","Double Tap"],"campfire_rested":4,"item_purchase_floors":[2,11,29],"current_hp_per_floor":[72,72,77,57,57,57,60,59,59,48,48,47,71,68,68,34,69,45,61,50,50,41,65,65,65,65,50,36,36,60,40,65,65],"gold":71,"neow_bonus":"RANDOM_COMMON_RELIC","is_prod":false,"is_daily":false,"chose_seed":false,"campfire_upgraded":2,"win_rate":0,"timestamp":1568536847,"path_taken":["M","$","?","M","?","R","M","M","T","?","?","M","R","M","R","BOSS","M","?","M","?","M","R","?","?","T","?","E","?","R","E","R","BOSS"],"build_version":"2019-09-12","purchased_purges":0,"victory":false,"max_hp_per_floor":[75,75,80,80,80,80,80,80,80,80,80,80,80,80,80,80,80,80,80,80,80,80,80,80,80,80,80,80,80,80,85,85,85],"card_choices":[{"not_picked":["Cleave","Flame Barrier"],"picked":"Whirlwind","floor":1.0},{"not_picked":["Seeing Red","Twin Strike","Body Slam"],"picked":"SKIP","floor":4.0},{"not_picked":["Havoc","Heavy Blade","Warcry"],"picked":"SKIP","floor":7.0},{"not_picked":["Headbutt","Perfected Strike"],"picked":"Offering","floor":8.0},{"not_picked":["Headbutt","Wild Strike"],"picked":"Shrug It Off","floor":12.0},{"not_picked":["Infernal Blade","Iron Wave"],"picked":"Shrug It Off","floor":14.0},{"not_picked":["Brutality","Berserk"],"picked":"Juggernaut","floor":16.0},{"not_picked":["Infernal Blade","Inflame"],"picked":"Heavy Blade","floor":18.0},{"not_picked":["Clash","Body Slam"],"picked":"Flame Barrier","floor":20.0},{"not_picked":["Headbutt","Iron Wave","Hemokinesis"],"picked":"SKIP","floor":22.0},{"not_picked":["Thunderclap","Seeing Red"],"picked":"Dropkick","floor":27.0},{"not_picked":["Spot Weakness","Intimidate"],"picked":"Reaper","floor":28.0},{"not_picked":["Anger","Bloodletting","Pommel Strike"],"picked":"SKIP","floor":31.0}],"player_experience":1327199,"relics_obtained":[{"floor":9.0,"key":"Smiling Mask"},{"floor":25.0,"key":"PreservedInsect"},{"floor":26.0,"key":"StoneCalendar"},{"floor":28.0,"key":"Blue Candle"},{"floor":31.0,"key":"Oddly Smooth Stone"}],"event_choices":[{"damage_healed":0.0,"max_hp_gain":5.0,"max_hp_loss":0.0,"gold_gain":0.0,"event_name":"Big Fish","player_choice":"Donut","floor":3.0,"gold_loss":0.0,"damage_taken":0.0},{"damage_healed":0.0,"max_hp_gain":0.0,"max_hp_loss":0.0,"gold_gain":0.0,"cards_transformed":["Strike_R"],"event_name":"Living Wall","player_choice":"Change","floor":5.0,"gold_loss":0.0,"damage_taken":0.0,"cards_obtained":["Battle Trance"]},{"damage_healed":0.0,"max_hp_gain":0.0,"max_hp_loss":0.0,"gold_gain":75.0,"event_name":"World of Goop","player_choice":"Gather Gold","floor":10.0,"gold_loss":0.0,"damage_taken":11.0},{"damage_healed":16.0,"max_hp_gain":0.0,"max_hp_loss":0.0,"gold_gain":0.0,"event_name":"The Library","player_choice":"Heal","floor":19.0,"gold_loss":0.0,"damage_taken":0.0},{"damage_healed":0.0,"max_hp_gain":0.0,"max_hp_loss":0.0,"gold_gain":0.0,"event_name":"Addict","player_choice":"Obtained Relic","floor":21.0,"gold_loss":85.0,"damage_taken":0.0,"relics_obtained":["Letter Opener"]},{"cards_removed":["Strike_R"],"damage_healed":0.0,"max_hp_gain":0.0,"max_hp_loss":0.0,"gold_gain":0.0,"event_name":"Beggar","player_choice":"Gave Gold","floor":24.0,"gold_loss":75.0,"damage_taken":0.0}],"is_beta":true,"boss_relics":[{"not_picked":["Runic Pyramid","Runic Cube"],"picked":"Velvet Choker"}],"items_purged_floors":[],"is_endless":false,"potions_floor_spawned":[4,7,14,18,27,28,31],"killed_by":"Champ","ascension_level":20}