{"gold_per_floor":[111,129,50,50,64,64,92,103,103,103,128,149,165,165,165,296,334,347,347,372,416,1,1,15,15,15,15,35,49,49,67,67,195,195,211,111,111,444,498,498,347,367,392,412,430,430],"floor_reached":46,"playtime":1403,"items_purged":["Strike_R","Defend_R","Defend_R"],"score":474,"play_id":"fc7589ae-585c-4852-b89d-d8a2c91a5973","local_time":"20180718184317","is_ascension_mode":false,"campfire_choices":[{"data":"Inflame","floor":6,"key":"SMITH"},{"data":"True Grit","floor":15,"key":"SMITH"},{"data":"Inflame","floor":23,"key":"SMITH"},{"data":"Discovery","floor":25,"key":"SMITH"},{"floor":30,"key":"REST"},{"data":"Pummel","floor":32,"key":"SMITH"},{"data":"Iron Wave","floor":40,"key":"SMITH"}],"neow_cost":"NONE","seed_source_timestamp":887415575884930,"circlet_count":0,"master_deck":["Defend_R+1","Defend_R+1","Bash+1","Twin Strike","Inflame+1","Inflame+1","Headbutt","True Grit+1","Reaper","Warcry","Pommel Strike+1","Discovery+1","Iron Wave+1","Pummel+1","Twin Strike","Shrug It Off+1","Good Instincts","Sword Boomerang"],"relics":["Black Blood","War Paint","Red Skull","Tiny House","Red Mask","Pear","Kunai","Juzu Bracelet","Bag of Preparation"],"potions_floor_usage":[7,21,21,33,45],"damage_taken":[{"damage":0,"enemies":"Small Slimes","floor":1,"turns":4},{"damage":6,"enemies":"2 Louse","floor":2,"turns":3},{"damage":6,"enemies":"Cultist","floor":5,"turns":3},{"damage":17,"enemies":"3 Sentries","floor":7,"turns":6},{"damage":0,"enemies":"3 Louse","floor":8,"turns":5},{"damage":5,"enemies":"Large Slime","floor":11,"turns":5},{"damage":0,"enemies":"Exordium Wildlife","floor":12,"turns":3},{"damage":0,"enemies":"3 Louse","floor":13,"turns":3},{"damage":40,"enemies":"Hexaghost","floor":16,"turns":7},{"damage":21,"enemies":"Chosen","floor":18,"turns":6},{"damage":38,"enemies":"Shell Parasite","floor":20,"turns":6},{"damage":42,"floor":21,"turns":5},{"damage":19,"enemies":"Cultist and Chosen","floor":24,"turns":6},{"damage":38,"enemies":"Slaver and Parasite","floor":28,"turns":5},{"damage":18,"enemies":"Sentry and Sphere","floor":29,"turns":5},{"damage":22,"enemies":"3 Cultists","floor":31,"turns":4},{"damage":38,"enemies":"Collector","floor":33,"turns":5},{"damage":33,"enemies":"3 Shapes","floor":35,"turns":7},{"damage":20,"enemies":"Orb Walker","floor":42,"turns":3},{"damage":21,"enemies":"Transient","floor":44,"turns":5},{"damage":47,"enemies":"Maw","floor":45,"turns":8},{"damage":45,"enemies":"Nemesis","floor":46,"turns":4}],"seed_played":"5014096904257621016","potions_obtained":[{"floor":1,"key":"LiquidBronze"},{"floor":2,"key":"Explosive Potion"},{"floor":5,"key":"Energy Potion"},{"floor":13,"key":"Dexterity Potion"},{"floor":24,"key":"SneckoOil"},{"floor":28,"key":"Ancient Potion"},{"floor":31,"key":"Explosive Potion"},{"floor":35,"key":"Regen Potion"}],"is_trial":false,"path_per_floor":["M","M","$","?","M","R","E","M","T","?","M","M","M","$","R","B",null,"M","?","M","?","$","R","M","R","T","?","M","M","R","M","R","B",null,"M","$","?","?","T","R","$","M","T","M","M"],"character_chosen":"IRONCLAD","items_purchased":["Inflame","Pear","Discovery","Sword Boomerang"],"campfire_rested":1,"item_purchase_floors":[3,22,22,41],"current_hp_per_floor":[80,80,80,73,73,73,62,68,68,48,49,55,61,61,61,27,85,70,70,38,20,30,30,44,44,44,44,25,13,41,51,51,19,95,72,72,72,72,72,72,72,76,76,65,43,0],"gold":430,"neow_bonus":"REMOVE_CARD","is_prod":false,"is_daily":false,"chose_seed":false,"campfire_upgraded":6,"win_rate":0,"timestamp":1531953797,"path_taken":["M","M","$","?","M","R","E","M","T","?","M","?","M","$","R","BOSS","M","?","M","?","$","R","M","R","T","?","M","M","R","M","R","BOSS","M","$","?","?","?","R","?","M","T","M","M","E"],"build_version":"2018-07-17","purchased_purges":3,"victory":false,"max_hp_per_floor":[80,80,80,80,80,80,80,80,80,80,80,80,80,80,80,80,85,85,85,85,85,95,95,95,95,95,95,95,95,95,95,95,95,95,95,95,95,95,95,95,95,95,95,95,95,95],"card_choices":[{"not_picked":["Pummel","Heavy Blade","Corruption"],"picked":"SKIP","floor":1},{"not_picked":["Cleave","Heavy Blade"],"picked":"Twin Strike","floor":2},{"not_picked":["Blood for Blood","Corruption","Second Wind"],"picked":"SKIP","floor":5},{"not_picked":["Heavy Blade","Havoc","Wild Strike"],"picked":"SKIP","floor":7},{"not_picked":["Hemokinesis","Seeing Red"],"picked":"Inflame","floor":8},{"not_picked":["Body Slam","Blood for Blood"],"picked":"Headbutt","floor":11},{"not_picked":["Exhume","Spot Weakness"],"picked":"True Grit","floor":12},{"not_picked":["Dropkick","Blood for Blood","Clothesline"],"picked":"SKIP","floor":13},{"not_picked":["Bludgeon","Juggernaut"],"picked":"Reaper","floor":16},{"not_picked":["Seeing Red","Havoc"],"picked":"Warcry","floor":17},{"not_picked":["Bloodletting","Dropkick"],"picked":"Pommel Strike+1","floor":18},{"not_picked":["Combust","Seeing Red","Flex+1"],"picked":"SKIP","floor":20},{"not_picked":["Seeing Red","Reckless Charge","Clothesline"],"picked":"SKIP","floor":24},{"not_picked":["Warcry","Clothesline","Anger"],"picked":"SKIP","floor":28},{"not_picked":["Uppercut","Perfected Strike"],"picked":"Pummel","floor":29},{"not_picked":["Battle Trance","Pommel Strike"],"picked":"Twin Strike","floor":31},{"not_picked":["Thunderclap","Rupture"],"picked":"Shrug It Off+1","floor":35},{"not_picked":["Forethought","Madness"],"picked":"Good Instincts","floor":37},{"not_picked":["Clash","Reckless Charge","Dropkick"],"picked":"SKIP","floor":42},{"not_picked":["Seeing Red+1","Thunderclap+1","Perfected Strike+1"],"picked":"SKIP","floor":44},{"not_picked":["Corruption","Intimidate+1","Spot Weakness"],"picked":"SKIP","floor":45}],"player_experience":756651,"relics_obtained":[{"floor":7,"key":"War Paint"},{"floor":9,"key":"Red Skull"},{"floor":21,"key":"Red Mask"},{"floor":26,"key":"Kunai"},{"floor":39,"key":"Juzu Bracelet"},{"floor":43,"key":"Bag of Preparation"}],"event_choices":[{"event_name":"Golden Wing","player_choice":"Card Removal","floor":4,"damage_taken":0},{"event_name":"Golden Idol","player_choice":"Take Damage","floor":10,"damage_taken":0},{"event_name":"Back to Basics","player_choice":"Elegance","floor":19,"damage_taken":0},{"event_name":"Masked Bandits","player_choice":"Fought over 372 gold","floor":21,"damage_taken":0},{"event_name":"NoteForYourself","player_choice":"Took Card","floor":27,"damage_taken":0},{"event_name":"SensoryStone","player_choice":"Memory 1","floor":37,"damage_taken":0},{"event_name":"The Moai Head","player_choice":"Gave Idol","floor":38,"damage_taken":0}],"is_beta":true,"boss_relics":[{"not_picked":["Runic Cube","Pandora\u0027s Box"],"picked":"Tiny House"},{"not_picked":["Black Star","Lizard Tail"],"picked":"Black Blood"}],"items_purged_floors":[22,36,41],"is_endless":false,"potions_floor_spawned":[1,2,5,13,20,24,28,31,35],"killed_by":"Nemesis","ascension_level":0}