{"gold_per_floor":[15,30,30,43,43,43,60,88,88,88,107,107,124,154,154,254,254,264,189,209,209,62,93,93,107,107,118,151,163,192,205,205,302,302,322,322,341,48,60,60,74,102,178,210,228,228,228,103,103,103,103,103,15,43,43],"floor_reached":56,"playtime":7162,"items_purged":["Strike_R","Strike_R","Strike_R"],"score":2016,"play_id":"6461eaac-855b-4530-8de2-0729b67978c7","local_time":"20190206130640","is_ascension_mode":true,"campfire_choices":[{"data":"Apotheosis","floor":6.0,"key":"SMITH"},{"data":"True Grit","floor":10.0,"key":"SMITH"},{"data":"Battle Trance","floor":12.0,"key":"SMITH"},{"data":"Havoc","floor":15.0,"key":"SMITH"},{"data":"Searing Blow","floor":24.0,"key":"SMITH"},{"data":"Searing Blow+1","floor":32.0,"key":"SMITH"},{"data":"Searing Blow+2","floor":40.0,"key":"SMITH"},{"floor":46.0,"key":"REST"},{"floor":49.0,"key":"RECALL"},{"data":"Searing Blow+3","floor":52.0,"key":"SMITH"}],"neow_cost":"NO_GOLD","seed_source_timestamp":0,"circlet_count":0,"master_deck":["AscendersBane","Strike_R+1","Defend_R","Defend_R","Defend_R+1","Bash","Swift Strike","Apotheosis+1","Ghostly Armor","True Grit+1","Battle Trance+1","Ghostly Armor","Disarm","Havoc+1","Body Slam","Immolate","Evolve","Searing Blow+4","Corruption","Body Slam","Bloodletting","Disarm","Havoc","Dark Embrace","Metallicize","Juggernaut","Battle Trance+1","Power Through+1","Apotheosis+1","Exhume","Shockwave+1","Metallicize"],"special_seed":0,"relics":["Burning Blood","Thread and Needle","Charon\u0027s Ashes","Unceasing Top","Mark of Pain","Nilry\u0027s Codex","Potion Belt","Ancient Tea Set","PreservedInsect","White Beast Statue","Boot","DollysMirror","Gremlin Horn","Letter Opener","Sundial","Kunai","Strawberry"],"potions_floor_usage":[55,55],"damage_taken":[{"damage":7.0,"enemies":"Small Slimes","floor":1.0,"turns":4.0},{"damage":0.0,"enemies":"Cultist","floor":2.0,"turns":3.0},{"damage":1.0,"enemies":"Jaw Worm","floor":4.0,"turns":4.0},{"damage":1.0,"enemies":"Exordium Wildlife","floor":7.0,"turns":3.0},{"damage":2.0,"enemies":"3 Sentries","floor":8.0,"turns":8.0},{"damage":0.0,"enemies":"Looter","floor":11.0,"turns":3.0},{"damage":0.0,"enemies":"Gremlin Gang","floor":13.0,"turns":4.0},{"damage":4.0,"enemies":"Lagavulin","floor":14.0,"turns":6.0},{"damage":22.0,"enemies":"Slime Boss","floor":16.0,"turns":9.0},{"damage":0.0,"enemies":"Shell Parasite","floor":18.0,"turns":4.0},{"damage":1.0,"enemies":"3 Byrds","floor":20.0,"turns":3.0},{"damage":21.0,"enemies":"Book of Stabbing","floor":23.0,"turns":4.0},{"damage":9.0,"enemies":"Centurion and Healer","floor":25.0,"turns":5.0},{"damage":6.0,"enemies":"Shelled Parasite and Fungi","floor":27.0,"turns":5.0},{"damage":14.0,"enemies":"Gremlin Leader","floor":28.0,"turns":6.0},{"damage":2.0,"enemies":"Cultist and Chosen","floor":29.0,"turns":5.0},{"damage":3.0,"enemies":"Book of Stabbing","floor":30.0,"turns":3.0},{"damage":3.0,"enemies":"Snake Plant","floor":31.0,"turns":4.0},{"damage":21.0,"enemies":"Collector","floor":33.0,"turns":5.0},{"damage":3.0,"enemies":"Orb Walker","floor":35.0,"turns":3.0},{"damage":3.0,"enemies":"3 Darklings","floor":37.0,"turns":3.0},{"damage":11.0,"enemies":"Maw","floor":39.0,"turns":6.0},{"damage":9.0,"enemies":"Jaw Worm Horde","floor":41.0,"turns":3.0},{"damage":38.0,"enemies":"Nemesis","floor":42.0,"turns":5.0},{"damage":3.0,"enemies":"Giant Head","floor":44.0,"turns":3.0},{"damage":4.0,"enemies":"Spire Growth","floor":45.0,"turns":4.0},{"damage":6.0,"enemies":"Awakened One","floor":50.0,"turns":5.0},{"damage":7.0,"enemies":"Shield and Spear","floor":54.0,"turns":2.0},{"damage":74,"enemies":"The Heart","floor":55,"turns":8}],"seed_played":"-1619597188886863353","potions_obtained":[{"floor":2.0,"key":"SmokeBomb"},{"floor":7.0,"key":"Block Potion"},{"floor":16.0,"key":"Explosive Potion"},{"floor":20.0,"key":"Dexterity Potion"},{"floor":23.0,"key":"PowerPotion"},{"floor":27.0,"key":"Strength Potion"},{"floor":28.0,"key":"GamblersBrew"},{"floor":31.0,"key":"FearPotion"},{"floor":35.0,"key":"SpeedPotion"},{"floor":37.0,"key":"SkillPotion"},{"floor":39.0,"key":"Swift Potion"},{"floor":41.0,"key":"Fire Potion"},{"floor":42.0,"key":"Dexterity Potion"},{"floor":44.0,"key":"Energy Potion"},{"floor":45.0,"key":"Energy Potion"},{"floor":54.0,"key":"SkillPotion"}],"is_trial":false,"path_per_floor":["M","M","?","M","?","R","M","E","T","R","M","R","M","E","R","B",null,"M","?","M","?","$","E","R","M","T","M","E","M","E","M","R","B",null,"M","?","M","$","M","R","M","E","T","E","M","R","T","$","R","B",null,"R","$","E","B",null],"character_chosen":"IRONCLAD","items_purchased":["Corruption","DollysMirror","Metallicize","Block Potion"],"campfire_rested":1,"item_purchase_floors":[22,38,53,53],"current_hp_per_floor":[71,77,61,66,66,66,71,75,75,75,80,80,80,80,80,64,76,80,80,80,64,64,49,49,46,46,46,38,42,45,48,48,33,68,71,71,74,74,69,69,66,34,34,37,39,63,63,63,63,63,76,76,76,82,14],"gold":43,"neow_bonus":"RANDOM_COLORLESS_2","is_prod":false,"is_daily":false,"chose_seed":false,"campfire_upgraded":8,"win_rate":0,"timestamp":1549487200,"path_taken":["M","M","?","M","?","R","M","E","T","R","M","R","M","E","R","BOSS","M","?","M","?","?","E","R","M","T","M","E","M","E","M","R","BOSS","M","?","M","$","?","R","M","E","T","E","M","R","?","$","R","BOSS","R","$","E","BOSS"],"build_version":"2019-01-23","purchased_purges":3,"victory":true,"max_hp_per_floor":[80,80,80,80,80,80,80,80,80,80,80,80,80,80,80,80,80,80,80,80,80,80,80,80,80,80,80,80,80,80,80,80,80,80,80,80,80,80,80,80,80,80,80,80,80,80,80,80,80,80,80,80,80,87,87],"card_choices":[{"not_picked":["Sword Boomerang","Wild Strike","Blood for Blood"],"picked":"SKIP","floor":1.0},{"not_picked":["Rupture","Thunderclap"],"picked":"Ghostly Armor","floor":2.0},{"not_picked":["Heavy Blade","Sword Boomerang"],"picked":"True Grit","floor":4.0},{"not_picked":["Cleave","Ghostly Armor"],"picked":"Battle Trance","floor":7.0},{"not_picked":["Pommel Strike","Burning Pact"],"picked":"Ghostly Armor","floor":8.0},{"not_picked":["Sever Soul","Havoc"],"picked":"Disarm","floor":11.0},{"not_picked":["Rupture","Cleave"],"picked":"Havoc","floor":13.0},{"not_picked":["Cleave","Clash"],"picked":"Body Slam","floor":14.0},{"not_picked":["Double Tap","Dark Embrace"],"picked":"Immolate","floor":16.0},{"not_picked":["Sentinel","Pommel Strike+1"],"picked":"Evolve","floor":18.0},{"not_picked":["Headbutt","Thunderclap"],"picked":"Searing Blow","floor":20.0},{"not_picked":["Pommel Strike","Evolve"],"picked":"Body Slam","floor":23.0},{"not_picked":["Sword Boomerang+1","Flex"],"picked":"Bloodletting","floor":25.0},{"not_picked":["Perfected Strike","Body Slam+1"],"picked":"Disarm","floor":27.0},{"not_picked":["Flex","Whirlwind"],"picked":"Havoc","floor":28.0},{"not_picked":["Pommel Strike","Warcry"],"picked":"Dark Embrace","floor":29.0},{"not_picked":["Clothesline","Evolve","Dropkick"],"picked":"SKIP","floor":30.0},{"not_picked":["Clash","Rupture"],"picked":"Metallicize","floor":31.0},{"not_picked":["Exhume","Brutality"],"picked":"Juggernaut","floor":33.0},{"not_picked":["Anger","Clothesline"],"picked":"Battle Trance+1","floor":35.0},{"not_picked":["Seeing Red","Perfected Strike"],"picked":"Power Through+1","floor":37.0},{"not_picked":["Power Through+1","Pommel Strike+1","Headbutt"],"picked":"SKIP","floor":39.0},{"not_picked":["Power Through+1","Pommel Strike+1","Headbutt"],"picked":"SKIP","floor":39.0},{"not_picked":["Iron Wave","Headbutt","Perfected Strike"],"picked":"SKIP","floor":41.0},{"not_picked":["Bloodletting","Twin Strike+1","Cleave"],"picked":"SKIP","floor":42.0},{"not_picked":["Flex+1","True Grit"],"picked":"Exhume","floor":44.0},{"not_picked":["Clothesline","Shrug It Off"],"picked":"Shockwave+1","floor":45.0},{"not_picked":["Clash","Second Wind","Thunderclap"],"picked":"SKIP","floor":54.0}],"player_experience":488851,"relics_obtained":[{"floor":8.0,"key":"Thread and Needle"},{"floor":9.0,"key":"Charon\u0027s Ashes"},{"floor":14.0,"key":"Unceasing Top"},{"floor":21.0,"key":"Nilry\u0027s Codex"},{"floor":23.0,"key":"Potion Belt"},{"floor":28.0,"key":"Ancient Tea Set"},{"floor":30.0,"key":"PreservedInsect"},{"floor":42.0,"key":"Gremlin Horn"},{"floor":43.0,"key":"Letter Opener"},{"floor":44.0,"key":"Sundial"},{"floor":47.0,"key":"Kunai"},{"floor":54.0,"key":"Strawberry"}],"event_choices":[{"damage_healed":0.0,"max_hp_gain":0.0,"max_hp_loss":0.0,"gold_gain":0.0,"event_name":"Shining Light","player_choice":"Entered Light","floor":3.0,"gold_loss":0.0,"damage_taken":16.0,"cards_upgraded":["Defend_R","Strike_R"]},{"cards_removed":["Defend_R"],"damage_healed":0.0,"max_hp_gain":0.0,"max_hp_loss":0.0,"gold_gain":0.0,"event_name":"Bonfire Elementals","player_choice":"Offered Basic","floor":5.0,"gold_loss":0.0,"damage_taken":0.0},{"cards_removed":["Strike_R"],"damage_healed":0.0,"max_hp_gain":0.0,"max_hp_loss":0.0,"gold_gain":0.0,"event_name":"Beggar","player_choice":"Gave Gold","floor":19.0,"gold_loss":75.0,"damage_taken":0.0},{"damage_healed":0.0,"max_hp_gain":0.0,"max_hp_loss":0.0,"gold_gain":0.0,"event_name":"Cursed Tome","player_choice":"Obtained Book","floor":21.0,"gold_loss":0.0,"damage_taken":16.0},{"damage_healed":0.0,"max_hp_gain":0.0,"max_hp_loss":0.0,"gold_gain":0.0,"event_name":"WeMeetAgain","player_choice":"Gave Potion","floor":36.0,"gold_loss":0.0,"damage_taken":0.0,"relics_obtained":["Boot"]}],"is_beta":false,"boss_relics":[{"not_picked":["Black Star","Lizard Tail"],"picked":"Mark of Pain"},{"not_picked":["Fusion Hammer","Tiny House"],"picked":"White Beast Statue"}],"items_purged_floors":[22,38,48],"is_endless":false,"potions_floor_spawned":[2,7,16,20,23,27,28,31,35,37,39,41,42,44,45,54],"ascension_level":12}