{"gold_per_floor":[111,123,142,154,172,172,189,189,189,207,207,219,233,233,233,335,335,354,373,389,389,389],"floor_reached":22,"playtime":1249,"items_purged":[],"score":184,"play_id":"79548701-26ef-466a-ad06-7abee37d9b09","local_time":"20190913200707","is_ascension_mode":false,"campfire_choices":[{"floor":6,"key":"REST"},{"floor":8,"key":"REST"},{"floor":15,"key":"REST"}],"neow_cost":"NONE","seed_source_timestamp":2389128957985100,"circlet_count":0,"master_deck":["Strike_R","Strike_R","Strike_R","Strike_R","Strike_R","Defend_R","Defend_R","Defend_R","Defend_R","Bash","Wild Strike","Shrug It Off","Anger","Body Slam","Wild Strike","Intimidate","Body Slam","Barricade","Sentinel"],"relics":["Fusion Hammer"],"potions_floor_usage":[16,19,19,20,22],"damage_taken":[{"damage":2,"enemies":"2 Louse","floor":1,"turns":3},{"damage":1,"enemies":"Cultist","floor":2,"turns":3},{"damage":8,"enemies":"Small Slimes","floor":3,"turns":4},{"damage":0,"enemies":"3 Louse","floor":4,"turns":4},{"damage":12,"enemies":"Large Slime","floor":5,"turns":4},{"damage":10,"enemies":"Exordium Thugs","floor":7,"turns":4},{"damage":16,"enemies":"Gremlin Gang","floor":10,"turns":5},{"damage":0,"enemies":"Red Slaver","floor":12,"turns":4},{"damage":2,"enemies":"Looter","floor":13,"turns":3},{"damage":16,"enemies":"Slime Boss","floor":16,"turns":9},{"damage":21,"enemies":"2 Thieves","floor":18,"turns":4},{"damage":12,"enemies":"3 Byrds","floor":19,"turns":8},{"damage":57,"enemies":"Snake Plant","floor":20,"turns":6},{"damage":47,"enemies":"Shelled Parasite and Fungi","floor":22,"turns":7}],"seed_played":"5789641031646012032","potions_obtained":[{"floor":1,"key":"Regen Potion"},{"floor":7,"key":"Swift Potion"},{"floor":10,"key":"Fire Potion"},{"floor":12,"key":"BloodPotion"},{"floor":14,"key":"BloodPotion"},{"floor":18,"key":"EssenceOfSteel"},{"floor":20,"key":"Regen Potion"}],"is_trial":false,"path_per_floor":["M","M","M","M","M","R","M","R","T","M","?","M","M","?","R","B",null,"M","M","M","?","M"],"character_chosen":"IRONCLAD","items_purchased":[],"campfire_rested":3,"item_purchase_floors":[],"current_hp_per_floor":[78,77,69,69,57,80,70,80,80,64,64,64,62,62,80,64,80,59,67,30,30,0],"gold":389,"neow_bonus":"BOSS_RELIC","is_prod":false,"is_daily":false,"chose_seed":false,"campfire_upgraded":0,"win_rate":0,"timestamp":1568419627,"path_taken":["M","M","M","M","M","R","M","R","T","M","?","M","M","?","R","BOSS","M","M","M","?","M"],"build_version":"2019-07-17","purchased_purges":0,"victory":false,"max_hp_per_floor":[80,80,80,80,80,80,80,80,80,80,80,80,80,80,80,80,80,80,80,80,80,80],"card_choices":[{"not_picked":["Pummel","Headbutt"],"picked":"Wild Strike","floor":1},{"not_picked":["Uppercut","Flex"],"picked":"Shrug It Off","floor":2},{"not_picked":["Feel No Pain","Sword Boomerang"],"picked":"Anger","floor":3},{"not_picked":["Infernal Blade","Flex"],"picked":"Body Slam","floor":4},{"not_picked":["Cleave","Body Slam"],"picked":"Wild Strike","floor":5},{"not_picked":["True Grit","Evolve","Headbutt"],"picked":"SKIP","floor":7},{"not_picked":["Dark Embrace","Body Slam"],"picked":"Intimidate","floor":10},{"not_picked":["Sever Soul","Flex","Hemokinesis"],"picked":"SKIP","floor":12},{"not_picked":["Anger","Havoc"],"picked":"Body Slam","floor":13},{"not_picked":["Reaper","Bludgeon"],"picked":"Barricade","floor":16},{"not_picked":["Cleave","Headbutt","Flex"],"picked":"SKIP","floor":18},{"not_picked":["True Grit","Clash+1","Cleave"],"picked":"SKIP","floor":19},{"not_picked":["Rampage+1","Flex+1"],"picked":"Sentinel","floor":20}],"player_experience":408526,"relics_obtained":[],"event_choices":[{"damage_healed":0,"gold_gain":0,"player_choice":"Fled","damage_taken":0,"max_hp_gain":0,"max_hp_loss":0,"event_name":"Scrap Ooze","floor":11,"gold_loss":0},{"damage_healed":0,"gold_gain":0,"player_choice":"Got Potions","damage_taken":0,"max_hp_gain":0,"max_hp_loss":0,"event_name":"Lab","floor":14,"gold_loss":0}],"is_beta":false,"boss_relics":[{"not_picked":["Mark of Pain","Coffee Dripper","Runic Pyramid"]}],"items_purged_floors":[],"is_endless":false,"potions_floor_spawned":[1,7,10,12,18,20],"killed_by":"Shelled Parasite and Fungi","ascension_level":0}