{"gold_per_floor":[119,119,134,134,149,193,193,213,213,213,213,247,247,267,267,386,386,405,14,32,57,78,78,118,118,118,118,158,283,283],"floor_reached":30,"playtime":2623,"items_purged":["Regret"],"score":303,"play_id":"7e4600fe-8578-4d5f-94cb-fb1ac1f3ecee","local_time":"20190628224009","is_ascension_mode":false,"campfire_choices":[{"floor":7,"key":"REST"},{"floor":10,"key":"REST"},{"floor":13,"key":"REST"},{"data":"Forethought","floor":15,"key":"SMITH"},{"floor":23,"key":"REST"},{"floor":25,"key":"REST"},{"data":"Clash","floor":27,"key":"SMITH"}],"neow_cost":"PERCENT_DAMAGE","seed_source_timestamp":1387487636772165,"circlet_count":0,"master_deck":["Strike_R","Strike_R","Strike_R","Strike_R","Strike_R","Defend_R","Defend_R","Defend_R","Defend_R","Bash","PanicButton","Forethought+1","Pummel","Blood for Blood","Injury","Shrug It Off","Ghostly Armor","Battle Trance","Uppercut","Bash","Perfected Strike","Pommel Strike","Demon Form","Injury","Decay","Normality","Rage+1","Bludgeon","Good Instincts","Ghostly Armor+1","Reaper","Clash+1","Perfected Strike+1","Anger","Clash"],"relics":["Burning Blood","Mercury Hourglass","Golden Idol","Unceasing Top","Nunchaku","Self Forming Clay","Calling Bell","Potion Belt","Paper Frog","Mango","PreservedInsect","Bottled Flame","Frozen Egg 2","Dream Catcher","Champion Belt","Pantograph"],"potions_floor_usage":[16,18,20,24,29,29,29],"damage_taken":[{"damage":4,"enemies":"Jaw Worm","floor":1,"turns":4},{"damage":3,"enemies":"2 Louse","floor":3,"turns":3},{"damage":8,"enemies":"Cultist","floor":5,"turns":3},{"damage":56,"enemies":"Lagavulin","floor":6,"turns":9},{"damage":5,"enemies":"Blue Slaver","floor":8,"turns":4},{"damage":24,"enemies":"Gremlin Nob","floor":12,"turns":4},{"damage":2,"enemies":"2 Fungi Beasts","floor":14,"turns":3},{"damage":22,"enemies":"Slime Boss","floor":16,"turns":7},{"damage":33,"enemies":"2 Thieves","floor":18,"turns":5},{"damage":10,"enemies":"Spheric Guardian","floor":20,"turns":4},{"damage":33,"enemies":"Shelled Parasite and Fungi","floor":21,"turns":11},{"damage":17,"enemies":"Snecko","floor":22,"turns":4},{"damage":21,"enemies":"Gremlin Leader","floor":24,"turns":4},{"damage":41,"enemies":"Book of Stabbing","floor":28,"turns":6},{"damage":25,"enemies":"Colosseum Slavers","floor":29,"turns":4},{"damage":21,"enemies":"Colosseum Nobs","floor":29,"turns":4},{"damage":24,"enemies":"Gremlin Leader","floor":30,"turns":4}],"seed_played":"4617967738636012861","potions_obtained":[{"floor":1,"key":"Explosive Potion"},{"floor":8,"key":"Poison Potion"},{"floor":16,"key":"Energy Potion"},{"floor":18,"key":"BloodPotion"},{"floor":21,"key":"FearPotion"},{"floor":24,"key":"Dexterity Potion"},{"floor":28,"key":"BloodPotion"}],"is_trial":false,"path_per_floor":["M","?","M","?","M","E","R","M","T","R","?","E","R","M","R","B",null,"M","$","M","M","M","R","E","R","T","R","E","?","E"],"character_chosen":"IRONCLAD","items_purchased":["Bludgeon","PreservedInsect","Good Instincts"],"campfire_rested":5,"item_purchase_floors":[19,19,19],"current_hp_per_floor":[58,58,61,61,59,9,33,34,34,58,58,40,64,68,68,52,94,67,67,63,36,25,53,38,66,66,66,35,19,0],"gold":283,"neow_bonus":"RANDOM_COLORLESS_2","is_prod":false,"is_daily":false,"chose_seed":false,"campfire_upgraded":2,"win_rate":0.0,"timestamp":1561776009,"path_taken":["M","?","M","?","M","E","R","M","T","R","?","E","R","M","R","BOSS","M","$","M","?","M","R","E","R","T","R","E","?","E"],"build_version":"2019-01-23","purchased_purges":1,"victory":false,"max_hp_per_floor":[80,80,80,80,80,80,80,80,80,80,80,80,80,80,80,80,94,94,94,94,94,94,94,94,94,94,94,94,94,94],"card_choices":[{"not_picked":["Shrug It Off","True Grit"],"picked":"Pummel","floor":1},{"not_picked":["Heavy Blade","Headbutt"],"picked":"Blood for Blood","floor":3},{"not_picked":["Flex","Iron Wave"],"picked":"Shrug It Off","floor":5},{"not_picked":["Immolate","Feel No Pain"],"picked":"Ghostly Armor","floor":6},{"not_picked":["Headbutt","Thunderclap"],"picked":"Battle Trance","floor":8},{"not_picked":["Bloodletting","Shrug It Off"],"picked":"Perfected Strike","floor":12},{"not_picked":["Clash","Body Slam"],"picked":"Pommel Strike","floor":14},{"not_picked":["Limit Break","Brutality"],"picked":"Demon Form","floor":16},{"not_picked":["Twin Strike","Iron Wave"],"picked":"Rage+1","floor":18},{"not_picked":["Searing Blow","Wild Strike"],"picked":"Ghostly Armor+1","floor":20},{"not_picked":["Flex","Spot Weakness"],"picked":"Reaper","floor":21},{"not_picked":["Sword Boomerang+1","Body Slam"],"picked":"Clash","floor":22},{"not_picked":["Sword Boomerang","Dark Embrace"],"picked":"Perfected Strike+1","floor":24},{"not_picked":["Blood for Blood","Feel No Pain+1"],"picked":"Anger","floor":28},{"not_picked":["Warcry","Uppercut"],"picked":"Clash","floor":29}],"player_experience":22826,"relics_obtained":[{"floor":6,"key":"Unceasing Top"},{"floor":9,"key":"Nunchaku"},{"floor":12,"key":"Self Forming Clay"},{"floor":17,"key":"Potion Belt"},{"floor":17,"key":"Paper Frog"},{"floor":17,"key":"Mango"},{"floor":24,"key":"Bottled Flame"},{"floor":26,"key":"Frozen Egg 2"},{"floor":28,"key":"Dream Catcher"},{"floor":29,"key":"Champion Belt"},{"floor":29,"key":"Pantograph"}],"event_choices":[{"damage_healed":0,"gold_gain":0,"player_choice":"Box","damage_taken":0,"relics_obtained":["Mercury Hourglass"],"max_hp_gain":0,"max_hp_loss":0,"event_name":"Big Fish","floor":2,"gold_loss":0,"cards_obtained":["Regret"]},{"damage_healed":0,"gold_gain":0,"player_choice":"Take Wound","damage_taken":0,"relics_obtained":["Golden Idol"],"max_hp_gain":0,"max_hp_loss":0,"event_name":"Golden Idol","floor":4,"gold_loss":0,"cards_obtained":["Injury"]},{"damage_healed":0,"gold_gain":0,"player_choice":"2 cards matched","damage_taken":0,"max_hp_gain":0,"max_hp_loss":0,"event_name":"Match and Keep!","floor":11,"gold_loss":0,"cards_obtained":["Uppercut","Bash"]},{"damage_healed":0,"gold_gain":0,"player_choice":"Fight","damage_taken":0,"max_hp_gain":0,"max_hp_loss":0,"event_name":"Colosseum","floor":29,"gold_loss":0},{"damage_healed":0,"gold_gain":0,"player_choice":"Fought Nobs","damage_taken":0,"max_hp_gain":0,"max_hp_loss":0,"event_name":"Colosseum","floor":29,"gold_loss":0}],"is_beta":false,"boss_relics":[{"not_picked":["Philosopher\u0027s Stone","Runic Pyramid"],"picked":"Calling Bell"}],"items_purged_floors":[19],"is_endless":false,"potions_floor_spawned":[1,8,16,18,21,24,28],"killed_by":"Gremlin Leader","ascension_level":0}