{"path_per_floor":["M","M","M","M","?","R","E","R","T","$","?","R","E","$","R","B",null,"M","M","$","?","?","R","M","R","T","M","R","?","$","M","R"],"character_chosen":"DEFECT","items_purchased":["Capacitor","Loop","Fusion","Melter"],"gold_per_floor":[110,130,148,168,168,168,200,200,200,77,177,177,210,139,139,243,243,263,277,97,97,97,97,117,117,117,137,137,62,7,19,19,19],"floor_reached":33,"campfire_rested":1,"playtime":1972,"item_purchase_floors":[10,14,20,30],"current_hp_per_floor":[75,74,74,74,67,67,62,62,62,62,62,62,49,49,49,27,75,58,58,58,44,44,44,42,42,42,35,35,35,35,9,33,0],"items_purged":["Strike_B","Strike_B"],"gold":19,"score":253,"play_id":"a5328205-b4f1-4368-90c4-175b5a80d0ad","local_time":"20180523150922","is_prod":false,"is_daily":false,"chose_seed":false,"is_ascension_mode":false,"campfire_upgraded":7,"win_rate":0.05882353,"timestamp":1527102562,"campfire_choices":[{"data":"Zap","floor":6,"key":"SMITH"},{"data":"Static Discharge","floor":8,"key":"SMITH"},{"data":"Dualcast","floor":12,"key":"SMITH"},{"data":"Loop","floor":15,"key":"SMITH"},{"data":"Fusion","floor":23,"key":"SMITH"},{"data":"Capacitor","floor":25,"key":"SMITH"},{"data":"Core Surge","floor":28,"key":"SMITH"},{"floor":32,"key":"REST"}],"path_taken":["M","?","M","M","?","R","E","R","T","$","?","R","E","?","R","BOSS","M","M","$","?","?","R","?","R","T","M","R","?","?","M","R","BOSS"],"build_version":"2018-05-22","seed_source_timestamp":50156242946256,"purchased_purges":2,"victory":false,"master_deck":["Strike_B","Defend_B","Defend_B","Defend_B","Defend_B","Zap+1","Dualcast+1","Leap","Rebound","Cold Snap","Chill","Static Discharge+1","Capacitor+1","Reboot","Loop+1","Core Surge","Auto Shields","Capacitor+1","Fusion+1","Core Surge+1","Redo+1","BootSequence+1","Melter","Stack"],"max_hp_per_floor":[75,75,75,75,75,75,75,75,75,75,75,75,75,75,75,75,75,75,75,75,80,80,80,80,80,80,80,80,80,80,80,80,80],"relics":["Cracked Core","Bag of Marbles","Centennial Puzzle","Orichalcum","Potion Belt","Philosopher\u0027s Stone","The Courier"],"card_choices":[{"not_picked":["Lockon","Loop"],"picked":"Leap","floor":1},{"not_picked":["Steam","Reinforced Body"],"picked":"Rebound","floor":2},{"not_picked":["Capacitor","BootSequence"],"picked":"Cold Snap","floor":3},{"not_picked":["Machine Learning","Ball Lightning"],"picked":"Chill","floor":4},{"not_picked":["Sweeping Beam","Sunder"],"picked":"Static Discharge","floor":7},{"not_picked":["Streamline","Sweeping Beam"],"picked":"Reboot","floor":13},{"not_picked":["Fission","Biased Cognition"],"picked":"Core Surge","floor":16},{"not_picked":["Force Field","Go for the Eyes"],"picked":"Auto Shields","floor":18},{"not_picked":["Turbo","Reprogram"],"picked":"Capacitor+1","floor":19},{"not_picked":["Axe Kick+1","Streamline"],"picked":"Redo+1","floor":24},{"not_picked":["Capacitor","Axe Kick+1"],"picked":"BootSequence+1","floor":27},{"not_picked":["Go for the Eyes","Fusion"],"picked":"Stack","floor":31}],"player_experience":487199,"potions_floor_usage":[3,4,7,13,27,33,33],"damage_taken":[{"damage":0,"enemies":"Cultist","floor":1,"turns":4},{"damage":1,"enemies":"Jaw Worm","floor":2,"turns":3},{"damage":0,"enemies":"2 Louse","floor":3,"turns":2},{"damage":0,"enemies":"Blue Slaver","floor":4,"turns":4},{"damage":5,"enemies":"3 Sentries","floor":7,"turns":7},{"damage":13,"enemies":"Gremlin Nob","floor":13,"turns":3},{"damage":22,"enemies":"The Guardian","floor":16,"turns":9},{"damage":17,"enemies":"2 Thieves","floor":18,"turns":3},{"damage":0,"enemies":"Shell Parasite","floor":19,"turns":7},{"damage":2,"enemies":"Centurion and Healer","floor":24,"turns":12},{"damage":7,"enemies":"Sentry and Sphere","floor":27,"turns":6},{"damage":26,"enemies":"Cultist and Chosen","floor":31,"turns":6},{"damage":48,"enemies":"Champ","floor":33,"turns":11}],"relics_obtained":[{"floor":7,"key":"Centennial Puzzle"},{"floor":9,"key":"Orichalcum"},{"floor":13,"key":"Potion Belt"},{"floor":26,"key":"The Courier"}],"event_choices":[{"event_name":"Scrap Ooze","player_choice":"success","floor":5,"damage_taken":7},{"event_name":"Golden Shrine","player_choice":"Pray","floor":11,"damage_taken":0},{"event_name":"Forgotten Altar","player_choice":"Shed Blood","floor":21,"damage_taken":0},{"event_name":"Duplicator","player_choice":"One dupe","floor":22,"damage_taken":0},{"event_name":"Beggar","player_choice":"Gave Gold","floor":29,"damage_taken":0}],"boss_relics":[{"not_picked":["Lizard Tail","Pandora\u0027s Box"],"picked":"Philosopher\u0027s Stone"}],"items_purged_floors":[10,20],"potions_floor_spawned":[1,4,13,18,24,31],"seed_played":"637242714646968807","killed_by":"Champ","ascension_level":0,"potions_obtained":[{"floor":4,"key":"Fire Potion"},{"floor":13,"key":"LiquidBronze"},{"floor":18,"key":"Regen Potion"},{"floor":24,"key":"Explosive Potion"},{"floor":31,"key":"Strength Potion"}],"is_trial":false}