{"gold_per_floor":[119,194,212,280,280,314,314,346,346,364,379,392,392,392,392,464,464,477,494,544,556,556,556,590,590,590,123,123,136,136,146,146,221,221,232,252,2,22,41,41,69,69,69,69,69,79,79,37,37,37,37],"floor_reached":51,"playtime":1838,"items_purged":[],"score":1310,"play_id":"23ee6d4f-5bc9-422d-8d9a-f00613b98dbe","local_time":"20190915013048","is_ascension_mode":true,"campfire_choices":[{"floor":7.0,"key":"REST"},{"floor":15.0,"key":"REST"},{"floor":23.0,"key":"REST"},{"floor":25.0,"key":"REST"},{"floor":28.0,"key":"REST"},{"data":"Bludgeon","floor":32.0,"key":"SMITH"},{"floor":40.0,"key":"REST"},{"floor":42.0,"key":"REST"},{"floor":44.0,"key":"REST"},{"floor":47.0,"key":"REST"},{"data":"Whirlwind","floor":49.0,"key":"SMITH"}],"neow_cost":"NONE","seed_source_timestamp":38371663870600,"circlet_count":0,"master_deck":["AscendersBane","Strike_R","Strike_R","Strike_R","Defend_R","Defend_R","Defend_R","Defend_R","Bash","Thunderclap","Infernal Blade","Fire Breathing","Exhume","Rampage","Infernal Blade","Flex","Bludgeon+1","CurseOfTheBell","Whirlwind+1","Armaments+1","Intimidate+1","Flame Barrier+1","Transmutation+1","Shrug It Off+1","Sentinel+1","Impervious+1","Shrug It Off+1","Shockwave+1","Power Through+1","Fire Breathing+1","Feel No Pain+1","Disarm+1","Clothesline","Shrug It Off+1"],"special_seed":0,"relics":["Burning Blood","Gremlin Horn","Toy Ornithopter","Potion Belt","Frozen Egg 2","Paper Frog","Calling Bell","Omamori","Toxic Egg 2","TungstenRod","Necronomicon","Shovel","Mummified Hand","Cursed Key","Lee\u0027s Waffle","The Courier","Anchor"],"potions_floor_usage":[],"damage_taken":[{"damage":7.0,"enemies":"Jaw Worm","floor":1.0,"turns":3.0},{"damage":10.0,"enemies":"2 Louse","floor":3.0,"turns":2.0},{"damage":18.0,"enemies":"3 Sentries","floor":6.0,"turns":5.0},{"damage":60.0,"enemies":"Lagavulin","floor":8.0,"turns":7.0},{"damage":1.0,"enemies":"Cultist","floor":10.0,"turns":3.0},{"damage":3.0,"enemies":"Blue Slaver","floor":11.0,"turns":2.0},{"damage":11.0,"enemies":"Looter","floor":12.0,"turns":2.0},{"damage":38.0,"enemies":"Slime Boss","floor":16.0,"turns":8.0},{"damage":18.0,"enemies":"Chosen","floor":18.0,"turns":5.0},{"damage":0.0,"enemies":"3 Byrds","floor":19.0,"turns":3.0},{"damage":17.0,"enemies":"Snecko","floor":21.0,"turns":3.0},{"damage":55.0,"enemies":"Book of Stabbing","floor":24.0,"turns":4.0},{"damage":4.0,"enemies":"Sentry and Sphere","floor":29.0,"turns":4.0},{"damage":1.0,"enemies":"Snake Plant","floor":31.0,"turns":3.0},{"damage":58.0,"enemies":"Collector","floor":33.0,"turns":5.0},{"damage":22.0,"enemies":"3 Darklings","floor":35.0,"turns":3.0},{"damage":5.0,"enemies":"Orb Walker","floor":36.0,"turns":2.0},{"damage":71.0,"enemies":"Transient","floor":38.0,"turns":6.0},{"damage":1.0,"enemies":"Maw","floor":39.0,"turns":7.0},{"damage":59.0,"enemies":"Nemesis","floor":41.0,"turns":9.0},{"damage":4.0,"enemies":"4 Shapes","floor":46.0,"turns":6.0},{"damage":69.0,"enemies":"Awakened One","floor":50.0,"turns":22.0},{"damage":39,"enemies":"Time Eater","floor":51,"turns":2}],"seed_played":"-871980064490994532","potions_obtained":[{"floor":1.0,"key":"PowerPotion"},{"floor":8.0,"key":"FearPotion"},{"floor":10.0,"key":"Fire Potion"},{"floor":16.0,"key":"LiquidBronze"},{"floor":19.0,"key":"Swift Potion"},{"floor":24.0,"key":"LiquidBronze"},{"floor":31.0,"key":"SteroidPotion"},{"floor":35.0,"key":"Energy Potion"},{"floor":38.0,"key":"Strength Potion"},{"floor":39.0,"key":"PowerPotion"}],"is_trial":false,"path_per_floor":["M","?","M","T","?","E","R","E","T","M","M","M","?","T","R","B",null,"M","M","?","M","?","R","E","R","T","$","R","M","?","M","R","B",null,"M","M","$","M","M","R","E","R","T","R","?","M","R","$","R","B","B"],"character_chosen":"IRONCLAD","items_purchased":["Flame Barrier+1","Transmutation+1","Energy Potion","LiquidBronze","SkillPotion","Power Through+1","Lee\u0027s Waffle","Shrug It Off+1"],"campfire_rested":9,"item_purchase_floors":[27,27,27,27,27,37,37,48],"current_hp_per_floor":[67,56,52,52,52,40,62,8,8,13,21,16,16,16,38,11,59,47,58,58,47,30,52,8,30,30,30,52,64,64,69,69,32,64,48,49,82,22,32,56,8,32,32,56,56,58,82,82,82,19,0],"gold":37,"neow_bonus":"THREE_CARDS","is_prod":false,"is_daily":false,"chose_seed":false,"campfire_upgraded":2,"win_rate":0,"timestamp":1568529048,"path_taken":["M","?","M","?","?","E","R","E","T","M","?","?","?","?","R","BOSS","M","M","?","?","?","R","E","R","T","$","R","M","?","?","R","BOSS","M","M","$","M","M","R","E","R","T","R","?","M","R","?","R","BOSS","BOSS"],"build_version":"2019-09-12","purchased_purges":0,"victory":false,"max_hp_per_floor":[75,75,75,75,75,75,75,75,75,75,75,75,75,75,75,75,75,75,75,75,75,75,75,75,75,75,75,75,75,75,75,75,75,75,75,75,82,82,82,82,82,82,82,82,82,82,82,82,82,82,82],"card_choices":[{"not_picked":["Anger","Heavy Blade"],"picked":"Thunderclap","floor":0.0},{"not_picked":["Warcry","Armaments"],"picked":"Infernal Blade","floor":1.0},{"not_picked":["Heavy Blade","Flame Barrier"],"picked":"Fire Breathing","floor":3.0},{"not_picked":["Thunderclap","Body Slam","True Grit"],"picked":"SKIP","floor":6.0},{"not_picked":["Pummel","Dropkick"],"picked":"Exhume","floor":8.0},{"not_picked":["True Grit","Seeing Red"],"picked":"Rampage","floor":10.0},{"not_picked":["Pummel","Twin Strike"],"picked":"Infernal Blade","floor":11.0},{"not_picked":["Pommel Strike","Anger"],"picked":"Flex","floor":12.0},{"not_picked":["Juggernaut+1","Demon Form+1"],"picked":"Bludgeon","floor":16.0},{"not_picked":["Sword Boomerang","Wild Strike"],"picked":"Whirlwind","floor":18.0},{"not_picked":["Pommel Strike","Seeing Red+1"],"picked":"Armaments+1","floor":19.0},{"not_picked":["Havoc+1","Heavy Blade","Hemokinesis"],"picked":"SKIP","floor":21.0},{"not_picked":["Havoc+1","Infernal Blade+1"],"picked":"Intimidate+1","floor":24.0},{"not_picked":["Disarm+1","Corruption+1"],"picked":"Shrug It Off+1","floor":29.0},{"not_picked":["Searing Blow","Spot Weakness+1"],"picked":"Sentinel+1","floor":31.0},{"not_picked":["Feed","Demon Form+1"],"picked":"Impervious+1","floor":33.0},{"not_picked":["Twin Strike","Warcry+1"],"picked":"Shrug It Off+1","floor":35.0},{"not_picked":["Metallicize+1","Headbutt+1"],"picked":"Shockwave+1","floor":36.0},{"not_picked":["Infernal Blade+1","Headbutt+1"],"picked":"Fire Breathing+1","floor":38.0},{"not_picked":["Battle Trance+1","Blood for Blood+1"],"picked":"Feel No Pain+1","floor":39.0},{"not_picked":["Corruption+1","Combust+1"],"picked":"Disarm+1","floor":41.0},{"not_picked":["Twin Strike","Pommel Strike"],"picked":"Clothesline","floor":46.0}],"player_experience":1325361,"relics_obtained":[{"floor":4.0,"key":"Gremlin Horn"},{"floor":6.0,"key":"Toy Ornithopter"},{"floor":8.0,"key":"Potion Belt"},{"floor":9.0,"key":"Frozen Egg 2"},{"floor":14.0,"key":"Paper Frog"},{"floor":17.0,"key":"Omamori"},{"floor":17.0,"key":"Toxic Egg 2"},{"floor":17.0,"key":"TungstenRod"},{"floor":22.0,"key":"Necronomicon"},{"floor":24.0,"key":"Shovel"},{"floor":26.0,"key":"Mummified Hand"},{"floor":41.0,"key":"The Courier"},{"floor":43.0,"key":"Anchor"}],"event_choices":[{"damage_healed":0.0,"max_hp_gain":0.0,"max_hp_loss":0.0,"gold_gain":75.0,"event_name":"World of Goop","player_choice":"Gather Gold","floor":2.0,"gold_loss":0.0,"damage_taken":11.0},{"damage_healed":0.0,"max_hp_gain":0.0,"max_hp_loss":0.0,"gold_gain":0.0,"event_name":"Liars Game","player_choice":"Ignored","floor":5.0,"gold_loss":0.0,"damage_taken":0.0},{"damage_healed":0.0,"max_hp_gain":0.0,"max_hp_loss":0.0,"gold_gain":0.0,"event_name":"Golden Wing","player_choice":"Ignored","floor":13.0,"gold_loss":0.0,"damage_taken":0.0},{"damage_healed":0.0,"max_hp_gain":0.0,"max_hp_loss":0.0,"gold_gain":100.0,"event_name":"The Joust","player_choice":"Bet on Murderer","floor":20.0,"gold_loss":50.0,"damage_taken":0.0},{"damage_healed":0.0,"max_hp_gain":0.0,"max_hp_loss":0.0,"gold_gain":0.0,"event_name":"Cursed Tome","player_choice":"Obtained Book","floor":22.0,"gold_loss":0.0,"damage_taken":21.0},{"cards_removed":["Strike_R"],"damage_healed":0.0,"max_hp_gain":0.0,"max_hp_loss":0.0,"gold_gain":0.0,"event_name":"Wheel of Change","player_choice":"Card Removal","floor":30.0,"gold_loss":0.0,"damage_taken":0.0},{"cards_removed":["Strike_R"],"damage_healed":0.0,"max_hp_gain":0.0,"max_hp_loss":0.0,"gold_gain":0.0,"event_name":"Purifier","player_choice":"Purged","floor":45.0,"gold_loss":0.0,"damage_taken":0.0}],"is_beta":true,"boss_relics":[{"not_picked":["Philosopher\u0027s Stone","Mark of Pain"],"picked":"Calling Bell"},{"not_picked":["Snecko Eye","Busted Crown"],"picked":"Cursed Key"}],"items_purged_floors":[],"is_endless":false,"potions_floor_spawned":[1,8,10,16,19,24,31,35,38,39],"killed_by":"Time Eater","ascension_level":20}