{"path_per_floor":["M","$","M","$","?","R","M","R","T","R","M","M","E","$","R","B",null,"M","$","M","M","M","E","R","M","T","$","?","R","E"],"character_chosen":"DEFECT","items_purchased":["Capacitor","Apotheosis","Storm"],"gold_per_floor":[209,110,125,25,100,100,120,120,120,120,140,157,184,2,2,100,100,113,43,54,71,89,123,123,134,134,9,9,9,42,42],"floor_reached":31,"campfire_rested":2,"playtime":2669,"current_hp_per_floor":[73,73,73,73,62,62,56,56,56,56,37,33,35,35,35,21,75,67,67,53,21,18,12,34,10,10,10,10,21,15,0],"items_purged":["Strike_B","Defend_B","Defend_B"],"gold":42,"score":341,"play_id":"d388ac63-3afc-4ba2-ba76-4d28a31f7968","local_time":"20180428224206","is_prod":false,"is_daily":false,"chose_seed":false,"is_ascension_mode":true,"campfire_upgraded":4,"timestamp":1524980526,"path_taken":["M","$","M","$","?","R","M","R","T","R","M","M","E","$","R","BOSS","M","$","M","M","M","E","R","?","T","$","?","R","E","M"],"build_version":"2018-04-27v3","seed_source_timestamp":0,"purchased_purges":3,"victory":false,"master_deck":["Strike_B","Strike_B","Strike_B","Defend_B","Defend_B","Zap+1","Dualcast","Leap","Capacitor+1","Force Field","Genetic Algorithm+1","Go for the Eyes","Auto Shields","Sunder","Apotheosis+1","Creative AI","Streamline+1","Storm","Rebound","Defragment+1","FTL","Scrape","FTL","Ghostly","Ghostly","Ghostly","Ghostly","Ghostly","Amplify"],"max_hp_per_floor":[75,75,75,75,75,75,75,75,75,75,75,75,75,75,75,75,75,75,75,75,75,75,75,75,75,75,75,37,37,37,37],"relics":["Cracked Core","Shuriken","Vajra","Inserter","Pen Nib","Kunai","Peace Pipe"],"card_choices":[{"not_picked":["Coolheaded","Sweeping Beam"],"picked":"Leap","floor":1.0},{"not_picked":["Hologram","Capacitor"],"picked":"Force Field","floor":3.0},{"not_picked":["Barrage","Axe Kick"],"picked":"Genetic Algorithm","floor":7.0},{"not_picked":["Coolheaded","Multi-Cast"],"picked":"Go for the Eyes","floor":11.0},{"not_picked":["Turbo","Reprogram"],"picked":"Auto Shields","floor":12.0},{"not_picked":["Beam Cell","Rebound"],"picked":"Sunder","floor":13.0},{"not_picked":["Hyperbeam","Reboot"],"picked":"Creative AI","floor":16.0},{"not_picked":["Stack","Cold Snap"],"picked":"Streamline","floor":18.0},{"not_picked":["Sweeping Beam","Cold Snap"],"picked":"Rebound","floor":20.0},{"not_picked":["Flux Capacitor","Leap"],"picked":"Defragment","floor":21.0},{"not_picked":["Recycle","Steam Power"],"picked":"FTL","floor":22.0},{"not_picked":["Recycle","Biased Cognition"],"picked":"Scrape","floor":23.0},{"not_picked":["Doom and Gloom","Stack"],"picked":"FTL","floor":25.0},{"not_picked":["Ball Lightning","Hologram"],"picked":"Amplify","floor":30}],"player_experience":463168,"potions_floor_usage":[],"damage_taken":[{"damage":2.0,"enemies":"Jaw Worm","floor":1.0,"turns":3.0},{"damage":0.0,"enemies":"Small Slimes","floor":3.0,"turns":3.0},{"damage":6.0,"enemies":"Cultist","floor":7.0,"turns":3.0},{"damage":19.0,"enemies":"Exordium Wildlife","floor":11.0,"turns":5.0},{"damage":4.0,"enemies":"Large Slime","floor":12.0,"turns":6.0},{"damage":13.0,"enemies":"Lagavulin","floor":13.0,"turns":9.0},{"damage":14.0,"enemies":"Slime Boss","floor":16.0,"turns":10.0},{"damage":8.0,"enemies":"Shell Parasite","floor":18.0,"turns":8.0},{"damage":14.0,"enemies":"Chosen","floor":20.0,"turns":6.0},{"damage":32.0,"enemies":"Snake Plant","floor":21.0,"turns":5.0},{"damage":3.0,"enemies":"Snecko","floor":22.0,"turns":4.0},{"damage":21.0,"enemies":"Gremlin Leader","floor":23.0,"turns":6.0},{"damage":39.0,"enemies":"3 Cultists","floor":25.0,"turns":7.0},{"damage":6,"enemies":"Slavers","floor":30,"turns":6},{"damage":21,"enemies":"Slaver and Parasite","floor":31,"turns":2}],"event_choices":[{"event_name":"World of Goop","player_choice":"Gather Gold","floor":5.0,"damage_taken":0.0},{"event_name":"Ghosts","player_choice":"Became a Ghost","floor":28.0,"damage_taken":0.0}],"boss_relics":[],"potions_floor_spawned":[11,21,23,30],"seed_played":"-2459867360668104331","killed_by":"Slaver and Parasite","ascension_level":3,"is_trial":false}