{"gold_per_floor":[116,116,134,134,153,153,169,213,213,232,253,8,8,24,24,24],"floor_reached":16,"playtime":398,"items_purged":["Defend_R"],"score":96,"play_id":"ff6cf82c-37f0-4f69-9d52-3ba7d4700943","local_time":"20190912153525","is_ascension_mode":false,"campfire_choices":[{"data":"Jack Of All Trades","floor":6,"key":"SMITH"},{"floor":15,"key":"REST"}],"neow_cost":"NONE","seed_source_timestamp":2287278594948100,"circlet_count":0,"master_deck":["Strike_R","Strike_R","Strike_R","Strike_R","Strike_R","Defend_R","Defend_R","Defend_R","Bash","Clash","Corruption","Decay","Jack Of All Trades+1","Flex","Anger","Whirlwind","Blind"],"relics":["Burning Blood","NeowsBlessing","Golden Idol","Frozen Egg 2","Du-Vu Doll"],"potions_floor_usage":[8,16],"damage_taken":[{"damage":0,"enemies":"Small Slimes","floor":1,"turns":1},{"damage":0,"enemies":"Cultist","floor":3,"turns":1},{"damage":0,"enemies":"2 Louse","floor":5,"turns":1},{"damage":0,"enemies":"Exordium Wildlife","floor":7,"turns":2},{"damage":11,"enemies":"Looter","floor":8,"turns":3},{"damage":17,"enemies":"Exordium Thugs","floor":10,"turns":5},{"damage":25,"enemies":"Lots of Slimes","floor":11,"turns":4},{"damage":10,"enemies":"Looter","floor":14,"turns":2},{"damage":46,"enemies":"Hexaghost","floor":16,"turns":7}],"seed_played":"-3635056904978416260","potions_obtained":[{"floor":3,"key":"PowerPotion"},{"floor":14,"key":"GamblersBrew"}],"is_trial":false,"path_per_floor":["M","?","M","?","M","R","M","M","T","M","M","$","?","M","R","B"],"character_chosen":"IRONCLAD","items_purchased":["Whirlwind","Blind"],"campfire_rested":1,"item_purchase_floors":[12,12],"current_hp_per_floor":[80,60,66,66,72,72,78,73,73,62,43,43,25,21,45,0],"gold":24,"neow_bonus":"THREE_ENEMY_KILL","is_prod":false,"is_daily":false,"chose_seed":false,"campfire_upgraded":1,"win_rate":0,"timestamp":1568316925,"path_taken":["M","?","M","?","?","R","M","M","T","M","M","$","?","M","R","BOSS"],"build_version":"2019-07-17","purchased_purges":1,"victory":false,"max_hp_per_floor":[80,80,80,80,80,80,80,80,80,80,80,80,80,80,80,80],"card_choices":[{"not_picked":["Cleave","Wild Strike"],"picked":"Clash","floor":1},{"not_picked":["True Grit","Wild Strike","Disarm"],"picked":"SKIP","floor":3},{"not_picked":["Thunderclap","Armaments","Cleave"],"picked":"SKIP","floor":5},{"not_picked":["Reckless Charge","Wild Strike","Pommel Strike"],"picked":"SKIP","floor":7},{"not_picked":["Rampage","Anger"],"picked":"Flex","floor":8},{"not_picked":["Havoc","Warcry"],"picked":"Anger","floor":10},{"not_picked":["Second Wind","Entrench","Warcry"],"picked":"SKIP","floor":11},{"not_picked":["Twin Strike","Searing Blow","True Grit"],"picked":"SKIP","floor":14}],"player_experience":390493,"relics_obtained":[{"floor":9,"key":"Frozen Egg 2"}],"event_choices":[{"damage_healed":0,"gold_gain":0,"player_choice":"Take Damage","damage_taken":20,"relics_obtained":["Golden Idol"],"max_hp_gain":0,"max_hp_loss":0,"event_name":"Golden Idol","floor":2,"gold_loss":0},{"damage_healed":0,"gold_gain":0,"player_choice":"3 cards matched","damage_taken":0,"max_hp_gain":0,"max_hp_loss":0,"event_name":"Match and Keep!","floor":4,"gold_loss":0,"cards_obtained":["Corruption","Decay","Jack Of All Trades"]},{"damage_healed":0,"gold_gain":0,"player_choice":"Success","damage_taken":18,"relics_obtained":["Du-Vu Doll"],"max_hp_gain":0,"max_hp_loss":0,"event_name":"Scrap Ooze","floor":13,"gold_loss":0}],"is_beta":false,"boss_relics":[],"items_purged_floors":[12],"is_endless":false,"potions_floor_spawned":[3,14],"killed_by":"Hexaghost","ascension_level":0}