{"gold_per_floor":[118,136,61,61,11,11,39,88,88,42,42],"floor_reached":11,"playtime":471,"items_purged":["Defend_G"],"score":72,"play_id":"0294c5a4-6926-4990-9ca7-bc9010a702bd","local_time":"20190915233432","is_ascension_mode":true,"campfire_choices":[{"data":"Neutralize","floor":6,"key":"SMITH"}],"neow_cost":"NONE","seed_source_timestamp":2575151448888400,"circlet_count":0,"master_deck":["Strike_G","Strike_G","Strike_G","Defend_G","Defend_G","Defend_G","Defend_G","Survivor","Neutralize+1","Acrobatics"],"relics":["Ring of the Snake","Blood Vial","Art of War","Bronze Scales","Ginger"],"potions_floor_usage":[],"damage_taken":[{"damage":0,"enemies":"Jaw Worm","floor":1,"turns":5},{"damage":1,"enemies":"2 Louse","floor":2,"turns":4},{"damage":63,"enemies":"Lagavulin","floor":7,"turns":17},{"damage":10,"enemies":"Gremlin Nob","floor":11,"turns":3}],"seed_played":"-7631876300012886585","potions_obtained":[{"floor":1,"key":"Regen Potion"}],"is_trial":false,"path_per_floor":["M","M","$","?","?","R","E","T","T","$","E"],"character_chosen":"THE_SILENT","items_purchased":["Acrobatics"],"campfire_rested":0,"item_purchase_floors":[10],"current_hp_per_floor":[70,69,69,62,62,62,1,1,1,1,0],"gold":42,"neow_bonus":"RANDOM_COMMON_RELIC","is_prod":false,"is_daily":false,"chose_seed":false,"campfire_upgraded":1,"win_rate":0,"timestamp":1568604872,"path_taken":["M","M","$","?","?","R","E","?","T","?","E"],"build_version":"2019-07-17","purchased_purges":1,"victory":false,"max_hp_per_floor":[70,70,70,70,70,70,70,70,70,70,70],"card_choices":[{"not_picked":["Slice","Outmaneuver","All Out Attack"],"picked":"SKIP","floor":1},{"not_picked":["Flying Knee","Outmaneuver","All Out Attack"],"picked":"SKIP","floor":2},{"not_picked":["Deadly Poison","Poisoned Stab","Corpse Explosion"],"picked":"SKIP","floor":7}],"player_experience":507893,"relics_obtained":[{"floor":7,"key":"Art of War"},{"floor":8,"key":"Bronze Scales"},{"floor":9,"key":"Ginger"}],"event_choices":[{"cards_removed":["Strike_G"],"damage_healed":0,"gold_gain":0,"player_choice":"Card Removal","damage_taken":7,"max_hp_gain":0,"max_hp_loss":0,"event_name":"Golden Wing","floor":4,"gold_loss":0},{"cards_removed":["Strike_G"],"damage_healed":0,"gold_gain":0,"player_choice":"Card Removal","damage_taken":0,"max_hp_gain":0,"max_hp_loss":0,"event_name":"The Cleric","floor":5,"gold_loss":50}],"is_beta":false,"boss_relics":[],"items_purged_floors":[3],"is_endless":false,"potions_floor_spawned":[1],"killed_by":"Gremlin Nob","ascension_level":1}