{"gold_per_floor":[117,117,117,117,82,114,114,143,169,186,186,204,269,283,283,378,378,394,404,404,424,424,453,453,453,477,503,538,568,586,604,604,699,699,716,716,63,79,79,108,108,108,108,108,126,55,74,174,174,174],"floor_reached":51,"playtime":4326,"items_purged":["Writhe"],"score":866,"play_id":"9d8fd9f9-ef02-4ed0-bfa9-cc8131785a00","local_time":"20190913002451","is_ascension_mode":false,"campfire_choices":[{"floor":7,"key":"REST"},{"data":"Deadly Poison","floor":11,"key":"SMITH"},{"data":"Burst","floor":15,"key":"SMITH"},{"data":"Envenom","floor":24,"key":"SMITH"},{"floor":32,"key":"REST"},{"floor":42,"key":"REST"},{"data":"Panache","floor":44,"key":"SMITH"},{"data":"Acrobatics","floor":49,"key":"SMITH"}],"neow_cost":"NONE","seed_source_timestamp":41817520846200,"circlet_count":0,"master_deck":["Strike_G","Strike_G","Strike_G","Strike_G","Strike_G+1","Defend_G","Defend_G","Defend_G","Defend_G","Survivor","Neutralize+1","Flying Knee","Distraction","Deadly Poison+1","Poisoned Stab","Sucker Punch","Burst+1","Bane","Flying Knee","Crippling Poison","Envenom+1","Outmaneuver+1","Poisoned Stab","All Out Attack","Outmaneuver","Poisoned Stab","Outmaneuver","Bouncing Flask","Slice","Outmaneuver+1","Crippling Poison","Caltrops+1","A Thousand Cuts","Sucker Punch","Deadly Poison+1","Quick Slash","Corpse Explosion","Dodge and Roll+1","Crippling Poison+1","Secret Technique","Acrobatics+1","Dramatic Entrance","Outmaneuver+1","Bane","Secret Technique","Panache+1","PanicButton","Quick Slash","Madness","Madness","Dagger Spray+1","Acrobatics","Backflip","Acrobatics","Terror+1","Poisoned Stab","Deadly Poison+1"],"relics":["Ring of the Snake","Prayer Wheel","Happy Flower","Ancient Tea Set","Bronze Scales","Darkstone Periapt","Runic Pyramid","Pantograph","Nilry\u0027s Codex","Snake Skull","Shuriken","Red Mask","Strawberry","Sozu","Meat on the Bone","Juzu Bracelet","FossilizedHelix","Mango"],"potions_floor_usage":[6,6,23,23,23,29,33],"damage_taken":[{"damage":0,"enemies":"Small Slimes","floor":1,"turns":4},{"damage":39,"enemies":"Lagavulin","floor":6,"turns":9},{"damage":62,"enemies":"Gremlin Nob","floor":8,"turns":6},{"damage":13,"enemies":"2 Louse","floor":10,"turns":3},{"damage":0,"enemies":"Jaw Worm","floor":12,"turns":2},{"damage":15,"enemies":"Gremlin Nob","floor":13,"turns":3},{"damage":2,"enemies":"Red Slaver","floor":14,"turns":3},{"damage":42,"enemies":"Slime Boss","floor":16,"turns":10},{"damage":14,"enemies":"3 Byrds","floor":18,"turns":3},{"damage":35,"enemies":"2 Thieves","floor":19,"turns":3},{"damage":14,"enemies":"Cultist and Chosen","floor":21,"turns":3},{"damage":68,"enemies":"Slavers","floor":23,"turns":5},{"damage":15,"enemies":"Book of Stabbing","floor":27,"turns":4},{"damage":27,"enemies":"Masked Bandits","floor":28,"turns":5},{"damage":21,"enemies":"Gremlin Leader","floor":29,"turns":4},{"damage":30,"enemies":"Centurion and Healer","floor":30,"turns":4},{"damage":9,"enemies":"Snake Plant","floor":31,"turns":3},{"damage":77,"enemies":"Champ","floor":33,"turns":9},{"damage":7,"enemies":"Orb Walker","floor":35,"turns":3},{"damage":6,"enemies":"3 Shapes","floor":38,"turns":3},{"damage":27,"enemies":"Reptomancer","floor":40,"turns":4},{"damage":15,"enemies":"3 Darklings","floor":45,"turns":3},{"damage":0,"enemies":"Maw","floor":47,"turns":5},{"damage":2,"enemies":"Mind Bloom Boss Battle","floor":48,"turns":4},{"damage":66,"enemies":"Time Eater","floor":50,"turns":6}],"seed_played":"-5178145248765156126","potions_obtained":[{"floor":0,"key":"Dexterity Potion"},{"floor":0,"key":"GamblersBrew"},{"floor":0,"key":"Block Potion"},{"floor":1,"key":"Swift Potion"},{"floor":12,"key":"Weak Potion"},{"floor":13,"key":"Strength Potion"},{"floor":21,"key":"Ancient Potion"},{"floor":28,"key":"EssenceOfSteel"},{"floor":30,"key":"LiquidBronze"},{"floor":33,"key":"Weak Potion"}],"is_trial":false,"path_per_floor":["M","?","?","?","?","E","R","E","T","M","R","M","?","M","R","B",null,"M","M","?","M","?","E","R","?","T","E","?","E","M","M","R","B",null,"M","?","$","M","?","E","?","R","T","R","M","$","M","?","R","B",null],"character_chosen":"THE_SILENT","items_purchased":["Meat on the Bone","Secret Technique","Acrobatics","Dramatic Entrance","Backflip","Acrobatics"],"campfire_rested":3,"item_purchase_floors":[37,37,37,37,46,46],"current_hp_per_floor":[70,56,56,56,70,31,52,26,26,70,70,70,55,53,53,11,70,56,70,57,61,67,61,61,45,45,30,81,67,37,28,54,48,88,81,81,81,75,65,50,39,65,65,65,50,50,50,87,87,48],"gold":174,"neow_bonus":"THREE_SMALL_POTIONS","is_prod":false,"is_daily":false,"chose_seed":false,"campfire_upgraded":5,"win_rate":0.0,"timestamp":1568327091,"path_taken":["M","?","?","?","?","E","R","E","T","M","R","M","?","M","R","BOSS","M","M","?","M","?","E","R","?","T","E","?","E","M","M","R","BOSS","M","?","$","M","?","E","?","R","T","R","M","?","M","?","R","BOSS"],"build_version":"2019-07-17","purchased_purges":1,"victory":true,"max_hp_per_floor":[70,70,70,70,70,70,70,70,70,70,70,70,70,70,70,70,70,70,70,75,75,81,81,81,81,81,81,81,88,88,88,88,88,88,88,88,88,88,88,88,88,88,88,88,88,88,88,102,102,102],"card_choices":[{"not_picked":["Distraction","Blur"],"picked":"Flying Knee","floor":1},{"not_picked":["Acrobatics","Deflect"],"picked":"Distraction","floor":6},{"not_picked":["Dagger Spray","Dodge and Roll"],"picked":"Deadly Poison","floor":8},{"not_picked":["Bane","Slice"],"picked":"Poisoned Stab","floor":10},{"not_picked":["Underhanded Strike","Flechettes"],"picked":"Sucker Punch","floor":10},{"not_picked":["Deflect","Eviscerate"],"picked":"Burst","floor":12},{"not_picked":["Riddle With Holes","Dodge and Roll"],"picked":"Bane","floor":12},{"not_picked":["Dagger Throw","Flying Knee"],"picked":"Poisoned Stab","floor":13},{"not_picked":["PiercingWail","Underhanded Strike"],"picked":"Flying Knee","floor":14},{"not_picked":["Escape Plan","Slice"],"picked":"Crippling Poison","floor":14},{"not_picked":["Night Terror","Wraith Form v2"],"picked":"Envenom","floor":16},{"not_picked":["Flying Knee","Masterful Stab"],"picked":"Outmaneuver+1","floor":18},{"not_picked":["Deflect","Dash"],"picked":"Poisoned Stab","floor":18},{"not_picked":["Footwork","PiercingWail"],"picked":"All Out Attack","floor":19},{"not_picked":["Dodge and Roll","Quick Slash+1"],"picked":"Outmaneuver","floor":19},{"not_picked":["Quick Slash","Slice"],"picked":"Poisoned Stab","floor":21},{"not_picked":["A Thousand Cuts","Caltrops"],"picked":"Outmaneuver","floor":21},{"not_picked":["Dagger Throw+1","Escape Plan"],"picked":"Slice","floor":23},{"not_picked":["Underhanded Strike+1","Blade Dance+1"],"picked":"Outmaneuver+1","floor":27},{"not_picked":["Deflect+1","Dagger Throw"],"picked":"Crippling Poison","floor":28},{"not_picked":["Infinite Blades+1","Slice"],"picked":"Caltrops+1","floor":29},{"not_picked":["Slice","Dodge and Roll"],"picked":"A Thousand Cuts","floor":30},{"not_picked":["Outmaneuver","Deflect"],"picked":"Sucker Punch","floor":30},{"not_picked":["Quick Slash","Eviscerate"],"picked":"Deadly Poison+1","floor":31},{"not_picked":["Riddle With Holes","Outmaneuver"],"picked":"Quick Slash","floor":31},{"not_picked":["Bullet Time","Phantasmal Killer"],"picked":"Corpse Explosion","floor":33},{"not_picked":["Prepared+1","Sucker Punch+1"],"picked":"Dodge and Roll+1","floor":35},{"not_picked":["Backstab","Reflex+1"],"picked":"Crippling Poison+1","floor":35},{"not_picked":["Prepared+1","Catalyst"],"picked":"Outmaneuver+1","floor":38},{"not_picked":["Riddle With Holes+1","Underhanded Strike"],"picked":"Bane","floor":38},{"not_picked":["Jack Of All Trades","Dark Shackles"],"picked":"Secret Technique","floor":39},{"not_picked":["Metamorphosis","Magnetism"],"picked":"Panache","floor":39},{"not_picked":["Secret Weapon","HandOfGreed"],"picked":"PanicButton","floor":39},{"not_picked":["Outmaneuver+1","Dagger Spray+1"],"picked":"Quick Slash","floor":40},{"not_picked":["Dagger Throw+1","Malaise"],"picked":"Dagger Spray+1","floor":45},{"not_picked":["Endless Agony","Footwork+1"],"picked":"Acrobatics","floor":45},{"not_picked":["Backflip+1","Glass Knife"],"picked":"Terror+1","floor":47},{"not_picked":["Bane","PiercingWail+1"],"picked":"Poisoned Stab","floor":47},{"not_picked":["Blade Dance+1","PiercingWail"],"picked":"Deadly Poison+1","floor":48}],"player_experience":66650,"relics_obtained":[{"floor":6,"key":"Happy Flower"},{"floor":8,"key":"Ancient Tea Set"},{"floor":9,"key":"Bronze Scales"},{"floor":13,"key":"Darkstone Periapt"},{"floor":23,"key":"Pantograph"},{"floor":25,"key":"Nilry\u0027s Codex"},{"floor":26,"key":"Snake Skull"},{"floor":27,"key":"Shuriken"},{"floor":28,"key":"Red Mask"},{"floor":29,"key":"Strawberry"},{"floor":40,"key":"Juzu Bracelet"},{"floor":43,"key":"FossilizedHelix"},{"floor":48,"key":"Mango"}],"event_choices":[{"damage_healed":0,"gold_gain":0,"player_choice":"Entered Light","damage_taken":14,"max_hp_gain":0,"max_hp_loss":0,"event_name":"Shining Light","floor":2,"gold_loss":0,"cards_upgraded":["Neutralize","Strike_G"]},{"damage_healed":0,"gold_gain":0,"player_choice":"Ignored","damage_taken":0,"max_hp_gain":0,"max_hp_loss":0,"event_name":"Golden Wing","floor":3,"gold_loss":0},{"damage_healed":0,"gold_gain":0,"player_choice":"Box","damage_taken":0,"relics_obtained":["Prayer Wheel"],"max_hp_gain":0,"max_hp_loss":0,"event_name":"Big Fish","floor":4,"gold_loss":0,"cards_obtained":["Regret"]},{"damage_healed":17,"gold_gain":0,"player_choice":"Healed","damage_taken":0,"max_hp_gain":0,"max_hp_loss":0,"event_name":"The Cleric","floor":5,"gold_loss":35},{"damage_healed":0,"gold_gain":0,"player_choice":"Searched \u00271\u0027 times","damage_taken":0,"max_hp_gain":0,"max_hp_loss":0,"event_name":"Dead Adventurer","floor":13,"gold_loss":0},{"damage_healed":0,"gold_gain":0,"player_choice":"Shed Blood","damage_taken":18,"max_hp_gain":5,"max_hp_loss":0,"event_name":"Forgotten Altar","floor":20,"gold_loss":0},{"damage_healed":0,"gold_gain":0,"cards_transformed":["Regret","Defend_G"],"player_choice":"Became Test Subject","damage_taken":0,"max_hp_gain":0,"max_hp_loss":0,"event_name":"Drug Dealer","floor":22,"gold_loss":0,"cards_obtained":["Writhe","Bouncing Flask"]},{"damage_healed":0,"gold_gain":0,"player_choice":"Obtained Book","damage_taken":16,"max_hp_gain":0,"max_hp_loss":0,"event_name":"Cursed Tome","floor":25,"gold_loss":0},{"damage_healed":0,"gold_gain":0,"player_choice":"Fought Bandits","damage_taken":0,"max_hp_gain":0,"max_hp_loss":0,"event_name":"Masked Bandits","floor":28,"gold_loss":0},{"cards_removed":["Poisoned Stab"],"damage_healed":0,"gold_gain":0,"player_choice":"Removed Attack","damage_taken":0,"max_hp_gain":0,"max_hp_loss":0,"event_name":"Falling","floor":36,"gold_loss":0},{"damage_healed":0,"gold_gain":0,"player_choice":"Memory 3","damage_taken":10,"max_hp_gain":0,"max_hp_loss":0,"event_name":"SensoryStone","floor":39,"gold_loss":0},{"damage_healed":0,"gold_gain":0,"player_choice":"Embrace Madness","damage_taken":11,"max_hp_gain":0,"max_hp_loss":0,"event_name":"Winding Halls","floor":41,"gold_loss":0,"cards_obtained":["Madness","Madness"]},{"damage_healed":0,"gold_gain":0,"player_choice":"Fight","damage_taken":0,"max_hp_gain":0,"max_hp_loss":0,"event_name":"MindBloom","floor":48,"gold_loss":0}],"is_beta":false,"boss_relics":[{"not_picked":["Velvet Choker","Astrolabe"],"picked":"Runic Pyramid"},{"not_picked":["Coffee Dripper","WristBlade"],"picked":"Sozu"}],"items_purged_floors":[37],"is_endless":false,"potions_floor_spawned":[1,12,13,21,28,30,33,38,40,45],"ascension_level":0}