{"gold_per_floor":[115,130,100,110,122,155,179,179,202,228,228,245,245,260,260,364,364,379,379,304,318,20,50,50,70,70,82,82,82,117,133,133,228,228,244,258,40,40,55,84,84,114,114,14,87,103,103,118,118,118],"floor_reached":50,"playtime":8778,"items_purged":["Defend_P","Strike_P"],"score":627,"play_id":"fbac9ba6-3962-45ce-9f52-1c78466abac5","local_time":"20190909195208","is_ascension_mode":false,"campfire_choices":[{"data":"Eruption","floor":11.0,"key":"SMITH"},{"data":"BattleHymn","floor":13.0,"key":"SMITH"},{"floor":15.0,"key":"REST"},{"data":"Judgement","floor":24.0,"key":"SMITH"},{"data":"DeceiveReality","floor":29.0,"key":"SMITH"},{"floor":32.0,"key":"REST"},{"floor":41.0,"key":"REST"},{"floor":47,"key":"RECALL"},{"floor":49,"key":"REST"}],"neow_cost":"NONE","seed_source_timestamp":116332015864428,"circlet_count":0,"master_deck":["Strike_P","Strike_P","Strike_P","Eruption+1","Vigilance","Adaptation","Consecrate","Swivel","BattleHymn+1","EmptyBody","Sanctity","JustLucky","Meditate","Halt","Judgement+1","DeceiveReality+1","ThirdEye+1","ReachHeaven","Worship+1","Fasting","Crescendo","Evaluate","FlowState","ThirdEye+1","FollowUp+1","Weave+1","SandsOfTime+1","Collect","Sanctity+1","Perseverance","Violence","Panache","Conclude+1","CarveReality","Halt+1","SignatureMove","FearNoEvil+1"],"special_seed":0,"relics":["PureWater","NeowsBlessing","Orichalcum","Odd Mushroom","Boot","Pen Nib","VioletLotus","Meat on the Bone","Lizard Tail","Potion Belt","FossilizedHelix","Matryoshka","Empty Cage","Orrery","Peace Pipe","Bag of Marbles","Ancient Tea Set","Bronze Scales","Shuriken"],"potions_floor_usage":[],"damage_taken":[{"damage":0.0,"enemies":"Small Slimes","floor":1.0,"turns":1.0},{"damage":0.0,"enemies":"Cultist","floor":2.0,"turns":1.0},{"damage":0.0,"enemies":"2 Louse","floor":4.0,"turns":1.0},{"damage":8.0,"enemies":"Large Slime","floor":5.0,"turns":8.0},{"damage":26.0,"enemies":"3 Sentries","floor":6.0,"turns":7.0},{"damage":8.0,"enemies":"The Mushroom Lair","floor":7.0,"turns":4.0},{"damage":16.0,"enemies":"Gremlin Nob","floor":10.0,"turns":5.0},{"damage":0.0,"enemies":"2 Fungi Beasts","floor":12.0,"turns":3.0},{"damage":2.0,"enemies":"3 Louse","floor":14.0,"turns":3.0},{"damage":0.0,"enemies":"Slime Boss","floor":16.0,"turns":6.0},{"damage":5.0,"enemies":"Shell Parasite","floor":18.0,"turns":5.0},{"damage":0.0,"enemies":"Chosen","floor":21.0,"turns":6.0},{"damage":18.0,"enemies":"Book of Stabbing","floor":23.0,"turns":9.0},{"damage":2.0,"enemies":"Snecko","floor":25.0,"turns":3.0},{"damage":26.0,"enemies":"Cultist and Chosen","floor":27.0,"turns":9.0},{"damage":18.0,"enemies":"Gremlin Leader","floor":30.0,"turns":6.0},{"damage":0.0,"enemies":"Centurion and Healer","floor":31.0,"turns":7.0},{"damage":22.0,"enemies":"Champ","floor":33.0,"turns":14.0},{"damage":0.0,"enemies":"3 Shapes","floor":35.0,"turns":8.0},{"damage":43.0,"enemies":"Orb Walker","floor":36.0,"turns":8.0},{"damage":0.0,"enemies":"Sphere and 2 Shapes","floor":39.0,"turns":4.0},{"damage":33.0,"enemies":"Reptomancer","floor":40.0,"turns":7.0},{"damage":107,"enemies":"Giant Head","floor":42,"turns":8},{"damage":17,"enemies":"Jaw Worm Horde","floor":46,"turns":5},{"damage":0,"enemies":"Spire Growth","floor":48,"turns":3},{"damage":68,"enemies":"Donu and Deca","floor":50,"turns":5}],"seed_played":"-6140285744565664570","potions_obtained":[{"floor":1.0,"key":"Poison Potion"},{"floor":3.0,"key":"EntropicBrew"},{"floor":3.0,"key":"SkillPotion"},{"floor":6.0,"key":"Fire Potion"},{"floor":12.0,"key":"SteroidPotion"},{"floor":14.0,"key":"Poison Potion"},{"floor":16.0,"key":"PowerPotion"},{"floor":25.0,"key":"GamblersBrew"},{"floor":27.0,"key":"AttackPotion"},{"floor":28.0,"key":"Explosive Potion"},{"floor":28.0,"key":"PowerPotion"},{"floor":28.0,"key":"StancePotion"},{"floor":30.0,"key":"Dexterity Potion"},{"floor":36.0,"key":"LiquidBronze"},{"floor":39.0,"key":"Block Potion"},{"floor":46,"key":"Explosive Potion"}],"is_trial":false,"path_per_floor":["M","M","?","M","M","E","?","?","T","E","R","M","R","M","R","B",null,"M","?","?","M","$","E","R","M","T","M","?","R","E","M","R","B",null,"M","M","$","?","M","E","R","E","T","$","T","M","R","M","R","B"],"character_chosen":"WATCHER","items_purchased":["Lizard Tail","Orrery"],"campfire_rested":4,"item_purchase_floors":[22,37],"current_hp_per_floor":[65,65,65,65,57,31,23,23,23,7,7,7,7,5,24,24,65,60,60,60,60,60,42,42,40,40,26,26,26,20,32,51,41,65,65,34,34,29,41,20,39,44,44,44,44,39,39,39,58,0],"gold":118,"neow_bonus":"THREE_ENEMY_KILL","is_prod":false,"is_daily":false,"chose_seed":false,"campfire_upgraded":4,"win_rate":0.0,"timestamp":1568083928,"path_taken":["M","M","?","?","M","E","?","?","T","E","R","M","R","M","R","BOSS","M","?","?","M","$","E","R","M","T","M","?","R","E","M","R","BOSS","M","?","?","?","M","E","R","E","T","?","?","?","R","M","R","BOSS"],"build_version":"2019-09-09","purchased_purges":2,"victory":false,"max_hp_per_floor":[65,65,65,65,65,65,65,65,65,65,65,65,65,65,65,65,65,65,65,65,65,65,65,65,65,65,65,65,65,65,65,65,65,65,65,65,65,65,65,65,65,65,65,65,65,65,65,65,65,65],"card_choices":[{"not_picked":["Collect","ThirdEye"],"picked":"Adaptation","floor":1.0},{"not_picked":["EmptyMind","WindmillStrike"],"picked":"Consecrate","floor":2.0},{"not_picked":["BowlingBash","FollowUp"],"picked":"Swivel","floor":4.0},{"not_picked":["ThirdEye","Crescendo"],"picked":"BattleHymn","floor":5.0},{"not_picked":["BowlingBash","SandsOfTime"],"picked":"EmptyBody","floor":6.0},{"not_picked":["ClearTheMind","Swivel"],"picked":"Sanctity","floor":7.0},{"not_picked":["CutThroughFate","Weave"],"picked":"JustLucky","floor":10.0},{"not_picked":["Omniscience","ClearTheMind"],"picked":"Meditate","floor":12.0},{"not_picked":["Perseverance","Crescendo"],"picked":"Halt","floor":14.0},{"not_picked":["SignatureMove","Ragnarok"],"picked":"Judgement","floor":16.0},{"not_picked":["JustLucky","Establishment"],"picked":"DeceiveReality","floor":18.0},{"not_picked":["Crescendo","FlurryOfBlows"],"picked":"ThirdEye+1","floor":21.0},{"not_picked":["BowlingBash","Scrawl+1"],"picked":"ReachHeaven","floor":23.0},{"not_picked":["Vengeance","Evaluate"],"picked":"Worship+1","floor":25.0},{"not_picked":["Crescendo","Halt"],"picked":"Fasting","floor":27.0},{"not_picked":["BowlingBash","FlyingSleeves"],"picked":"Crescendo","floor":30.0},{"not_picked":["BowlingBash","JustLucky+1"],"picked":"Evaluate","floor":31.0},{"not_picked":["LessonLearned","Wallop"],"picked":"FlowState","floor":33.0},{"not_picked":["ClearTheMind","FlyingSleeves"],"picked":"ThirdEye+1","floor":35.0},{"not_picked":["SpiritShield+1","JustLucky+1"],"picked":"FollowUp+1","floor":36.0},{"not_picked":["FlowState","Judgement"],"picked":"Weave+1","floor":37.0},{"not_picked":["Protect","Halt"],"picked":"SandsOfTime+1","floor":37.0},{"not_picked":["Tantrum","Vengeance+1"],"picked":"Collect","floor":37.0},{"not_picked":["PathToVictory","JustLucky"],"picked":"Sanctity+1","floor":37.0},{"not_picked":["JustLucky","CutThroughFate"],"picked":"Perseverance","floor":37.0},{"not_picked":["Panacea","Swift Strike"],"picked":"Violence","floor":38.0},{"not_picked":["Violence","Bandage Up"],"picked":"Panache","floor":38.0},{"not_picked":["Weave+1","EmptyMind+1"],"picked":"Conclude+1","floor":39.0},{"not_picked":["EmptyBody","Tantrum+1"],"picked":"CarveReality","floor":40.0},{"not_picked":["Perseverance","Crescendo+1"],"picked":"Halt+1","floor":42},{"not_picked":["JustLucky+1","Halt"],"picked":"SignatureMove","floor":46},{"not_picked":["InnerPeace","Vengeance"],"picked":"FearNoEvil+1","floor":48}],"player_experience":16540,"relics_obtained":[{"floor":6.0,"key":"Orichalcum"},{"floor":7.0,"key":"Odd Mushroom"},{"floor":9.0,"key":"Boot"},{"floor":10.0,"key":"Pen Nib"},{"floor":23.0,"key":"Potion Belt"},{"floor":26.0,"key":"FossilizedHelix"},{"floor":30.0,"key":"Matryoshka"},{"floor":40.0,"key":"Peace Pipe"},{"floor":42,"key":"Bag of Marbles"},{"floor":43,"key":"Ancient Tea Set"},{"floor":45,"key":"Bronze Scales"},{"floor":45,"key":"Shuriken"}],"event_choices":[{"damage_healed":0.0,"max_hp_gain":0.0,"max_hp_loss":0.0,"gold_gain":0.0,"event_name":"The Woman in Blue","player_choice":"Bought 2 Potions","floor":3.0,"gold_loss":0.0,"damage_taken":0.0},{"damage_healed":0.0,"max_hp_gain":0.0,"max_hp_loss":0.0,"gold_gain":0.0,"event_name":"Mushrooms","player_choice":"Fought Mushrooms","floor":7.0,"gold_loss":0.0,"damage_taken":0.0},{"damage_healed":0.0,"max_hp_gain":0.0,"max_hp_loss":0.0,"gold_gain":0.0,"event_name":"Dead Adventurer","player_choice":"Searched \u00270\u0027 times","floor":8.0,"gold_loss":0.0,"damage_taken":0.0},{"damage_healed":0.0,"max_hp_gain":0.0,"max_hp_loss":0.0,"gold_gain":0.0,"event_name":"The Mausoleum","player_choice":"Opened","floor":19.0,"gold_loss":0.0,"damage_taken":0.0,"relics_obtained":["Meat on the Bone"]},{"cards_removed":["Defend_P"],"damage_healed":0.0,"max_hp_gain":0.0,"max_hp_loss":0.0,"gold_gain":0.0,"event_name":"Beggar","player_choice":"Gave Gold","floor":20.0,"gold_loss":75.0,"damage_taken":0.0},{"damage_healed":0.0,"max_hp_gain":0.0,"max_hp_loss":0.0,"gold_gain":0.0,"event_name":"Lab","player_choice":"Got Potions","floor":28.0,"gold_loss":0.0,"damage_taken":0.0},{"damage_healed":0.0,"max_hp_gain":0.0,"max_hp_loss":0.0,"gold_gain":0.0,"event_name":"SensoryStone","player_choice":"Memory 2","floor":38.0,"gold_loss":0.0,"damage_taken":5.0}],"is_beta":true,"boss_relics":[{"not_picked":["Calling Bell","Philosopher\u0027s Stone"],"picked":"VioletLotus"},{"not_picked":["Fusion Hammer","Black Star"],"picked":"Empty Cage"}],"items_purged_floors":[37,44],"is_endless":false,"potions_floor_spawned":[1,6,12,14,16,25,27,30,36,39,46],"killed_by":"Donu and Deca","ascension_level":0}