{"gold_per_floor":[16,80,96,96,112,112,143,158,239,239,260,260,281,281,281,404,404,428,469,483,201,201,234,234,249,249,249,199,222,238,337,337,456,456,477,502,502,155,179,220,239,239,239,260,283,308,328,57,57,57],"floor_reached":51,"playtime":1991,"items_purged":["Strike_B"],"score":1151,"play_id":"2ee6d9a9-1891-49a1-ae69-4b0fc8ac2844","local_time":"20190101072254","is_ascension_mode":true,"campfire_choices":[{"data":"Streamline","floor":6.0,"key":"SMITH"},{"data":"Reboot","floor":10.0,"key":"SMITH"},{"floor":12.0,"key":"REST"},{"data":"Gash","floor":15.0,"key":"SMITH"},{"floor":24.0,"key":"REST"},{"data":"Hologram","floor":27.0,"key":"SMITH"},{"floor":32.0,"key":"REST"},{"data":"Seek","floor":42,"key":"SMITH"},{"floor":49,"key":"REST"}],"neow_cost":"NO_GOLD","seed_source_timestamp":997871643577674,"circlet_count":0,"master_deck":["AscendersBane","Strike_B","Strike_B","Defend_B","Defend_B","Defend_B","Zap","Dualcast","Reboot+1","Streamline+1","White Noise","Glacier","Hologram+1","Gash+1","Conserve Battery","Gash+1","All For One+1","Seek+1","Go for the Eyes+1","Gash+1","Beam Cell+1","Beam Cell+1","Buffer","Steam","Stack","Buffer","Gash+1","White Noise+1","Gash+1","Hologram+1","Gash+1","Leap+1","Skim+1"],"special_seed":0,"relics":["Cracked Core","Golden Idol","Ice Cream","Molten Egg 2","White Beast Statue","Red Mask","Bag of Marbles","Letter Opener","Nuclear Battery","FossilizedHelix","Toxic Egg 2","Singing Bowl","Bag of Preparation"],"potions_floor_usage":[44,50,50],"damage_taken":[{"damage":0.0,"enemies":"2 Louse","floor":1.0,"turns":2.0},{"damage":5.0,"enemies":"Small Slimes","floor":3.0,"turns":3.0},{"damage":1.0,"enemies":"Cultist","floor":5.0,"turns":3.0},{"damage":26.0,"enemies":"Lagavulin","floor":7.0,"turns":6.0},{"damage":7.0,"enemies":"2 Fungi Beasts","floor":8.0,"turns":4.0},{"damage":2.0,"enemies":"Red Slaver","floor":11.0,"turns":2.0},{"damage":6.0,"enemies":"Large Slime","floor":13.0,"turns":4.0},{"damage":20.0,"enemies":"Hexaghost","floor":16.0,"turns":9.0},{"damage":30.0,"enemies":"2 Thieves","floor":18.0,"turns":4.0},{"damage":0.0,"enemies":"Masked Bandits","floor":19.0,"turns":4.0},{"damage":4.0,"enemies":"Shell Parasite","floor":20.0,"turns":5.0},{"damage":19.0,"enemies":"Book of Stabbing","floor":23.0,"turns":4.0},{"damage":0.0,"enemies":"Centurion and Healer","floor":25.0,"turns":4.0},{"damage":0.0,"enemies":"Sentry and Sphere","floor":29.0,"turns":3.0},{"damage":6.0,"enemies":"Snake Plant","floor":30.0,"turns":4.0},{"damage":3.0,"enemies":"Champ","floor":33.0,"turns":7.0},{"damage":3.0,"enemies":"Orb Walker","floor":35.0,"turns":2.0},{"damage":0.0,"enemies":"3 Darklings","floor":36.0,"turns":6.0},{"damage":0.0,"enemies":"Sphere and 2 Shapes","floor":39.0,"turns":3.0},{"damage":0.0,"enemies":"Nemesis","floor":40.0,"turns":7.0},{"damage":0.0,"enemies":"Maw","floor":41.0,"turns":6.0},{"damage":7,"enemies":"Writhing Mass","floor":44,"turns":3},{"damage":0,"enemies":"3 Darklings","floor":45,"turns":4},{"damage":0,"enemies":"Spire Growth","floor":46,"turns":5},{"damage":11,"enemies":"Writhing Mass","floor":47,"turns":4},{"damage":60,"enemies":"Time Eater","floor":50,"turns":8}],"seed_played":"-4325700608549930105","potions_obtained":[{"floor":1.0,"key":"Strength Potion"},{"floor":7.0,"key":"Explosive Potion"},{"floor":18.0,"key":"SpeedPotion"},{"floor":19.0,"key":"FearPotion"},{"floor":20.0,"key":"Explosive Potion"},{"floor":23.0,"key":"Dexterity Potion"},{"floor":25.0,"key":"FocusPotion"},{"floor":30.0,"key":"Energy Potion"},{"floor":33.0,"key":"Regen Potion"},{"floor":35.0,"key":"AttackPotion"},{"floor":36.0,"key":"EssenceOfSteel"},{"floor":37.0,"key":"SteroidPotion"},{"floor":37.0,"key":"Explosive Potion"},{"floor":39.0,"key":"Weak Potion"},{"floor":40.0,"key":"Swift Potion"},{"floor":44,"key":"EntropicBrew"}],"is_trial":false,"path_per_floor":["M","?","M","?","M","R","E","M","T","R","M","R","M","?","R","B",null,"M","?","M","$","?","E","R","M","T","R","?","M","M","?","R","B",null,"M","M","?","$","M","E","M","M","R","T","M","M","M","M","$","R","B",null],"character_chosen":"DEFECT","items_purchased":["Beam Cell+1","Buffer","Gash+1","FossilizedHelix","Skim+1","Bag of Preparation","Swift Potion"],"campfire_rested":4,"item_purchase_floors":[21,21,38,38,48,48,48],"current_hp_per_floor":[68,68,63,63,62,62,36,29,29,29,27,47,41,41,41,21,57,27,27,23,23,23,4,24,24,24,24,24,24,18,18,38,35,61,58,58,58,58,58,58,58,58,58,51,51,53,42,42,63,3],"gold":57,"neow_bonus":"TRANSFORM_TWO_CARDS","is_prod":false,"is_daily":false,"chose_seed":false,"campfire_upgraded":5,"win_rate":0,"timestamp":1546323774,"path_taken":["M","?","M","?","M","R","E","M","T","R","M","R","M","?","R","BOSS","M","?","M","$","?","E","R","M","T","R","?","M","?","?","R","BOSS","M","M","?","$","M","E","M","R","T","M","M","M","?","$","R","BOSS"],"build_version":"2018-12-20","purchased_purges":1,"victory":true,"max_hp_per_floor":[75,75,75,69,69,69,69,69,69,69,69,69,69,69,69,69,69,69,69,69,69,69,69,69,69,69,69,69,69,69,69,69,69,69,69,69,69,69,69,69,69,69,69,69,69,71,71,71,71,71],"card_choices":[{"not_picked":["Rip and Tear","Blizzard"],"picked":"White Noise","floor":1.0},{"not_picked":["Chill","Chaos"],"picked":"Glacier","floor":3.0},{"not_picked":["Stack","Consume"],"picked":"Hologram","floor":5.0},{"not_picked":["Self Repair","Streamline"],"picked":"Gash","floor":7.0},{"not_picked":["Ball Lightning","Redo"],"picked":"Conserve Battery","floor":8.0},{"not_picked":["Loop","Reprogram"],"picked":"Gash+1","floor":11.0},{"not_picked":["Stack","Go for the Eyes+1"],"picked":"All For One+1","floor":13.0},{"not_picked":["Meteor Strike+1","Electrodynamics"],"picked":"Seek","floor":16.0},{"not_picked":["Static Discharge","Conserve Battery"],"picked":"Go for the Eyes+1","floor":18.0},{"not_picked":["Coolheaded","Ball Lightning+1"],"picked":"Gash+1","floor":19.0},{"not_picked":["Rebound+1","Redo"],"picked":"Beam Cell+1","floor":20.0},{"not_picked":["Cold Snap+1","Redo","Coolheaded"],"picked":"SKIP","floor":23.0},{"not_picked":["Turbo+1","Fusion+1"],"picked":"Steam","floor":25.0},{"not_picked":["Loop+1","Sunder+1"],"picked":"Stack","floor":29.0},{"not_picked":["Chaos","Force Field","Amplify"],"picked":"SKIP","floor":30.0},{"not_picked":["Electrodynamics","Core Surge+1"],"picked":"Buffer","floor":33.0},{"not_picked":["Rip and Tear+1","Compile Driver+1","Fusion"],"picked":"SKIP","floor":35.0},{"not_picked":["Double Energy","Chaos","Capacitor+1"],"picked":"SKIP","floor":36.0},{"not_picked":["Stack","Static Discharge+1"],"picked":"White Noise+1","floor":39.0},{"not_picked":["Steam Power+1","Capacitor"],"picked":"Gash+1","floor":40.0},{"not_picked":["Beam Cell+1","Auto Shields+1","Lockon+1"],"picked":"SKIP","floor":41},{"not_picked":["Steam+1","Capacitor"],"picked":"Hologram+1","floor":44},{"not_picked":["Rebound+1","Steam+1"],"picked":"Gash+1","floor":45},{"not_picked":["Turbo+1","Conserve Battery+1","Coolheaded+1"],"picked":"Singing Bowl","floor":46},{"not_picked":["Cold Snap+1","Double Energy+1"],"picked":"Leap+1","floor":47}],"player_experience":378932,"relics_obtained":[{"floor":7.0,"key":"Ice Cream"},{"floor":9.0,"key":"Molten Egg 2"},{"floor":19.0,"key":"Red Mask"},{"floor":23.0,"key":"Bag of Marbles"},{"floor":26.0,"key":"Letter Opener"},{"floor":40.0,"key":"Toxic Egg 2"},{"floor":43,"key":"Singing Bowl"}],"event_choices":[{"damage_healed":0.0,"max_hp_gain":0.0,"max_hp_loss":0.0,"gold_gain":64.0,"event_name":"Golden Wing","player_choice":"Gained Gold","floor":2.0,"gold_loss":0.0,"damage_taken":0.0},{"damage_healed":0.0,"max_hp_gain":0.0,"max_hp_loss":6.0,"gold_gain":0.0,"event_name":"Golden Idol","player_choice":"Lose Max HP","floor":4.0,"gold_loss":0.0,"damage_taken":0.0,"relics_obtained":["Golden Idol"]},{"damage_healed":0.0,"max_hp_gain":0.0,"max_hp_loss":0.0,"gold_gain":0.0,"event_name":"Dead Adventurer","player_choice":"Searched \u00270\u0027 times","floor":14.0,"gold_loss":0.0,"damage_taken":0.0},{"damage_healed":0.0,"max_hp_gain":0.0,"max_hp_loss":0.0,"gold_gain":0.0,"event_name":"Masked Bandits","player_choice":"Fought Bandits","floor":19.0,"gold_loss":0.0,"damage_taken":0.0},{"damage_healed":0.0,"max_hp_gain":0.0,"max_hp_loss":0.0,"gold_gain":0.0,"event_name":"Cursed Tome","player_choice":"Ignored","floor":22.0,"gold_loss":0.0,"damage_taken":0.0},{"damage_healed":0.0,"max_hp_gain":0.0,"max_hp_loss":0.0,"gold_gain":0.0,"event_name":"The Joust","player_choice":"Bet on Owner","floor":28.0,"gold_loss":50.0,"damage_taken":0.0},{"damage_healed":0.0,"max_hp_gain":0.0,"max_hp_loss":0.0,"gold_gain":99.0,"event_name":"Nest","player_choice":"Stole From Cult","floor":31.0,"gold_loss":0.0,"damage_taken":0.0},{"damage_healed":0.0,"max_hp_gain":0.0,"max_hp_loss":0.0,"gold_gain":0.0,"event_name":"Lab","player_choice":"Got Potions","floor":37.0,"gold_loss":0.0,"damage_taken":0.0}],"is_beta":false,"boss_relics":[{"not_picked":["Inserter","Sozu"],"picked":"White Beast Statue"},{"not_picked":["Fusion Hammer","Astrolabe"],"picked":"Nuclear Battery"}],"items_purged_floors":[21],"is_endless":false,"potions_floor_spawned":[1,7,8,18,19,20,23,25,29,30,33,35,36,39,40,41,44,45,46,47],"ascension_level":11}