{"gold_per_floor":[111,130,130,149,2,2,2,20,47,102,102,134,134,146,146,251,251,265,280,280,290,309,309,309,325,325,350,125,151,163,174,174,272,272,287,287,306,50,50,50,60,91,91,91,91,91,106,0,0,0],"floor_reached":51,"playtime":1236,"items_purged":["Strike_R","Strike_R"],"score":998,"play_id":"ebaf00c2-9b6d-4125-97a5-02ea03957f94","local_time":"20181008172431","is_ascension_mode":true,"campfire_choices":[{"data":"Twin Strike","floor":6,"key":"SMITH"},{"data":"Bash","floor":11,"key":"SMITH"},{"data":"Demon Form","floor":15,"key":"SMITH"},{"data":"Uppercut","floor":24,"key":"SMITH"},{"data":"Bludgeon","floor":32,"key":"SMITH"},{"floor":40,"key":"REST"},{"data":"Shrug It Off","floor":44,"key":"SMITH"},{"floor":46,"key":"REST"},{"floor":49,"key":"REST"}],"neow_cost":"NONE","seed_source_timestamp":93210138639150,"circlet_count":0,"master_deck":["Strike_R","Strike_R","Strike_R","Defend_R","Defend_R","Defend_R","Defend_R","Bash+1","Twin Strike+1","Uppercut+1","Cleave","Demon Form+1","Uppercut+1","Feed","Clothesline+1","Shrug It Off+1","Bludgeon+1","Mind Blast"],"relics":["Burning Blood","NeowsBlessing","Bag of Marbles","Pen Nib","Tiny Chest","Question Card","Snecko Eye","Du-Vu Doll","Bottled Flame","Regal Pillow","Orichalcum","Toxic Egg 2","Busted Crown","Dead Branch","Lantern","Pocketwatch","Matryoshka"],"potions_floor_usage":[10,16,29,29,50,50],"damage_taken":[{"damage":0,"enemies":"Cultist","floor":1,"turns":1},{"damage":0,"enemies":"Small Slimes","floor":2,"turns":1},{"damage":0,"enemies":"2 Louse","floor":4,"turns":1},{"damage":35,"enemies":"Gremlin Gang","floor":8,"turns":6},{"damage":15,"enemies":"Lagavulin","floor":10,"turns":3},{"damage":16,"enemies":"Gremlin Nob","floor":12,"turns":3},{"damage":1,"enemies":"Exordium Wildlife","floor":14,"turns":2},{"damage":56,"enemies":"The Guardian","floor":16,"turns":9},{"damage":0,"enemies":"Spheric Guardian","floor":18,"turns":3},{"damage":19,"enemies":"Shell Parasite","floor":19,"turns":3},{"damage":0,"enemies":"Chosen and Byrds","floor":21,"turns":3},{"damage":2,"enemies":"Snecko","floor":22,"turns":3},{"damage":0,"enemies":"Centurion and Healer","floor":25,"turns":3},{"damage":2,"enemies":"Gremlin Leader","floor":27,"turns":4},{"damage":17,"enemies":"Book of Stabbing","floor":29,"turns":5},{"damage":26,"enemies":"Snake Plant","floor":30,"turns":3},{"damage":7,"enemies":"Chosen and Byrds","floor":31,"turns":3},{"damage":36,"enemies":"Collector","floor":33,"turns":5},{"damage":42,"enemies":"3 Darklings","floor":35,"turns":3},{"damage":6,"enemies":"Mind Bloom Boss Battle","floor":36,"turns":4},{"damage":10,"enemies":"Orb Walker","floor":37,"turns":2},{"damage":0,"enemies":"3 Darklings","floor":41,"turns":2},{"damage":34,"enemies":"2 Orb Walkers","floor":42,"turns":4},{"damage":48,"enemies":"4 Shapes","floor":47,"turns":3},{"damage":55,"enemies":"Donu and Deca","floor":50,"turns":5}],"seed_played":"-3856259519805090122","potions_obtained":[{"floor":8,"key":"SteroidPotion"},{"floor":12,"key":"Fruit Juice"},{"floor":16,"key":"Block Potion"},{"floor":21,"key":"LiquidBronze"},{"floor":22,"key":"SteroidPotion"},{"floor":31,"key":"SpeedPotion"},{"floor":41,"key":"Strength Potion"}],"is_trial":false,"path_per_floor":["M","M","?","M","$","R","$","M","T","E","R","E","?","M","R","B",null,"M","M","?","M","M","T","R","M","T","E","$","E","M","M","R","B",null,"M","?","M","$","?","R","M","E","T","R","$","R","M","$","R","B"],"character_chosen":"IRONCLAD","items_purchased":["Bag of Marbles","Orichalcum","Lantern","Mind Blast"],"campfire_rested":3,"item_purchase_floors":[5,28,38,48],"current_hp_per_floor":[78,80,80,80,80,80,80,51,51,42,42,32,58,63,63,18,68,74,61,61,67,71,71,71,77,77,81,81,70,50,49,49,19,69,33,33,29,29,29,69,75,47,47,47,47,85,43,43,83,34],"gold":0,"neow_bonus":"THREE_ENEMY_KILL","is_prod":false,"is_daily":false,"chose_seed":false,"campfire_upgraded":6,"win_rate":0,"timestamp":1539033871,"path_taken":["M","M","?","?","?","R","$","M","T","E","R","E","?","M","R","BOSS","M","M","?","M","M","?","R","?","T","E","$","E","M","M","R","BOSS","M","?","M","$","?","R","M","E","T","R","$","R","?","$","R","BOSS"],"build_version":"2018-10-04","purchased_purges":2,"victory":true,"max_hp_per_floor":[80,80,80,80,80,80,80,80,80,80,80,80,80,80,80,85,85,85,85,85,85,85,85,85,85,85,85,85,85,85,85,85,85,85,85,85,85,85,85,85,85,85,85,85,85,85,85,85,85,85],"card_choices":[{"not_picked":["Perfected Strike","Clothesline"],"picked":"Twin Strike","floor":1},{"not_picked":["Clash","True Grit"],"picked":"Uppercut","floor":2},{"not_picked":["Pommel Strike","Entrench","Clash"],"picked":"SKIP","floor":4},{"not_picked":["Iron Wave","Intimidate"],"picked":"Cleave","floor":8},{"not_picked":["Havoc","Searing Blow","Evolve"],"picked":"SKIP","floor":10},{"not_picked":["Heavy Blade","Wild Strike"],"picked":"Demon Form","floor":12},{"not_picked":["Rage","Cleave","Hemokinesis"],"picked":"Uppercut","floor":14},{"not_picked":["Bludgeon","Offering","Double Tap"],"picked":"Feed","floor":16},{"not_picked":["Headbutt","Hemokinesis","Dual Wield"],"picked":"Clothesline+1","floor":18},{"not_picked":["Shrug It Off","Anger","Wild Strike","Havoc"],"picked":"SKIP","floor":19},{"not_picked":["Anger","Wild Strike","Havoc"],"picked":"Shrug It Off","floor":19},{"not_picked":["Metallicize","Sword Boomerang","Corruption","Iron Wave"],"picked":"SKIP","floor":21},{"not_picked":["True Grit","Shrug It Off","Intimidate","Wild Strike"],"picked":"SKIP","floor":22},{"not_picked":["Headbutt","Body Slam","Rupture+1","Ghostly Armor"],"picked":"SKIP","floor":25},{"not_picked":["Pummel","Iron Wave","Sentinel","Battle Trance+1"],"picked":"SKIP","floor":27},{"not_picked":["Clash","Dual Wield","Havoc","Seeing Red"],"picked":"SKIP","floor":29},{"not_picked":["Perfected Strike+1","Shockwave+1","Havoc+1"],"picked":"Bludgeon","floor":30},{"not_picked":["Combust","Clothesline","Wild Strike","Anger"],"picked":"SKIP","floor":31},{"not_picked":["Combust","Pummel+1"],"picked":"SKIP","floor":35},{"not_picked":["Pommel Strike","Warcry+1"],"picked":"SKIP","floor":37},{"not_picked":["Flex+1","Clash+1"],"picked":"SKIP","floor":41},{"not_picked":["Iron Wave+1","Armaments+1"],"picked":"SKIP","floor":42},{"not_picked":["Clash+1","Sword Boomerang+1"],"picked":"SKIP","floor":47}],"player_experience":918112,"relics_obtained":[{"floor":9,"key":"Pen Nib"},{"floor":10,"key":"Tiny Chest"},{"floor":12,"key":"Question Card"},{"floor":23,"key":"Du-Vu Doll"},{"floor":26,"key":"Bottled Flame"},{"floor":27,"key":"Regal Pillow"},{"floor":29,"key":"Toxic Egg 2"},{"floor":36,"key":"Dead Branch"},{"floor":42,"key":"Pocketwatch"},{"floor":43,"key":"Matryoshka"}],"event_choices":[{"event_name":"Upgrade Shrine","player_choice":"Upgraded","floor":3,"damage_taken":0},{"event_name":"Big Fish","player_choice":"Banana","floor":13,"damage_taken":0},{"event_name":"N\u0027loth","player_choice":"Ignored","floor":20,"damage_taken":0},{"event_name":"MindBloom","player_choice":"Fight","floor":36,"damage_taken":0},{"event_name":"The Moai Head","player_choice":"Ignored","floor":39,"damage_taken":0}],"is_beta":true,"boss_relics":[{"not_picked":["Calling Bell","Cursed Key"],"picked":"Snecko Eye"},{"not_picked":["Fusion Hammer","Black Blood"],"picked":"Busted Crown"}],"items_purged_floors":[28,38],"is_endless":false,"potions_floor_spawned":[8,12,16,21,22,25,31,41,42,47],"ascension_level":8}