{"path_per_floor":["M","M","M","M","$","E","M","E","T","?","R","M","E","M","R","B",null,"M","$","M","M","?","R","?"],"character_chosen":"IRONCLAD","items_purchased":["Armaments","Madness","Purity","Blood Vial"],"gold_per_floor":[112,128,147,158,12,46,59,85,85,85,85,103,137,147,147,248,248,262,22,37,53,53,53,53,53],"floor_reached":25,"campfire_rested":2,"playtime":3031,"current_hp_per_floor":[72,70,67,72,72,38,36,26,26,19,40,46,49,51,51,42,65,46,46,26,17,17,38,38,0],"items_purged":[],"gold":53,"score":293,"play_id":"79a3a14d-8b4a-43b7-9a53-77fd0f393053","local_time":"20180413225157","is_prod":false,"is_daily":false,"chose_seed":false,"is_ascension_mode":true,"campfire_upgraded":1,"timestamp":1523685117,"path_taken":["M","?","M","?","?","E","?","E","T","?","R","?","E","M","R","BOSS","M","$","M","M","?","R","?","E"],"build_version":"2018-04-12","seed_source_timestamp":882627480290070,"purchased_purges":0,"victory":false,"master_deck":["Strike_R","Strike_R","Strike_R","Strike_R","Defend_R","Defend_R","Defend_R","Bash","Corruption","Rage","Whirlwind","Flex","Armaments+1","Madness","Shrug It Off","Warcry","Intimidate","Clash","Havoc","Dual Wield","Barricade","Clash","Purity","Seeing Red+1","Second Wind"],"max_hp_per_floor":[72,72,72,72,72,72,72,72,72,72,72,72,72,72,72,72,72,72,72,72,72,72,72,72,72],"relics":["Burning Blood","Bronze Scales","Art of War","Orichalcum","Blue Candle","Anchor","Mark of Pain","Blood Vial"],"card_choices":[{"not_picked":["Flex","Bloodletting"],"picked":"Corruption","floor":1},{"not_picked":["Havoc","Heavy Blade"],"picked":"Rage","floor":2},{"not_picked":["Heavy Blade","True Grit"],"picked":"Whirlwind","floor":3},{"not_picked":["Infernal Blade","Hemokinesis"],"picked":"Flex","floor":4},{"not_picked":["Combust","Havoc"],"picked":"Shrug It Off","floor":6},{"not_picked":["Twin Strike","Fire Breathing"],"picked":"Warcry","floor":7},{"not_picked":["Twin Strike","Headbutt"],"picked":"Intimidate","floor":8},{"not_picked":["Anger","Perfected Strike"],"picked":"Clash","floor":12},{"not_picked":["Reckless Charge","Infernal Blade"],"picked":"Havoc","floor":13},{"not_picked":["Reckless Charge","Immolate"],"picked":"Dual Wield","floor":14},{"not_picked":["Exhume","Offering"],"picked":"Barricade","floor":16},{"not_picked":["Clothesline","Perfected Strike"],"picked":"Clash","floor":18},{"not_picked":["Headbutt","Body Slam"],"picked":"Seeing Red","floor":20},{"not_picked":["Headbutt","Flex"],"picked":"Second Wind","floor":21}],"player_experience":259701,"potions_floor_usage":[8,8,13,16,16],"damage_taken":[{"damage":6,"enemies":"Cultist","floor":1,"turns":4},{"damage":8,"enemies":"Jaw Worm","floor":2,"turns":4},{"damage":9,"enemies":"2 Louse","floor":3,"turns":2},{"damage":0,"enemies":"Lots of Slimes","floor":4,"turns":1},{"damage":40,"enemies":"3 Sentries","floor":6,"turns":8},{"damage":8,"enemies":"Gremlin Gang","floor":7,"turns":2},{"damage":16,"enemies":"Gremlin Nob","floor":8,"turns":4},{"damage":0,"enemies":"2 Fungi Beasts","floor":12,"turns":2},{"damage":3,"enemies":"3 Sentries","floor":13,"turns":4},{"damage":4,"enemies":"Large Slime","floor":14,"turns":6},{"damage":15,"enemies":"Slime Boss","floor":16,"turns":9},{"damage":25,"enemies":"Shell Parasite","floor":18,"turns":5},{"damage":28,"enemies":"Spheric Guardian","floor":20,"turns":7},{"damage":17,"enemies":"Centurion and Healer","floor":21,"turns":7},{"damage":40,"enemies":"Book of Stabbing","floor":25,"turns":4}],"event_choices":[{"event_name":"Scrap Ooze","player_choice":"success","floor":10,"damage_taken":7},{"event_name":"Cursed Tome","player_choice":"Ignored","floor":22,"damage_taken":0},{"event_name":"Beggar","player_choice":"Ignored","floor":24,"damage_taken":0}],"boss_relics":[{"not_picked":["Tiny House","Snecko Eye"],"picked":"Mark of Pain"}],"potions_floor_spawned":[1,3,6,8,14,20],"seed_played":"-6600182395594757440","killed_by":"Book of Stabbing","ascension_level":6,"is_trial":false}