{"gold_per_floor":[114,189,204,219,219,219,234,264,339,339,21,36,51,66,66,166,166,181,196,211,136,236,236,251,266,316,316,331,346,346,376,376,376],"floor_reached":33,"playtime":1200,"items_purged":["Strike_B"],"score":298,"play_id":"72d49083-d760-4679-8eb8-346dc99c55d0","local_time":"20181205205320","daily_mods":["Heirloom","Uncertain Future","Binary"],"is_ascension_mode":false,"campfire_choices":[{"data":"Zap","floor":6.0,"key":"SMITH"},{"floor":10.0,"key":"REST"},{"data":"Dualcast","floor":15.0,"key":"SMITH"},{"data":"Loop","floor":23,"key":"SMITH"},{"floor":30,"key":"REST"},{"floor":32,"key":"REST"}],"neow_cost":"","seed_source_timestamp":203412560237928,"circlet_count":0,"master_deck":["Strike_B","Defend_B","Defend_B","Defend_B","Defend_B","Zap+1","Dualcast+1","Conserve Battery","Loop+1","Ball Lightning","Sunder","Capacitor","Auto Shields","Conserve Battery","Thunder Strike","Reinforced Body+1","Leap+1","Coolheaded","Sweeping Beam","Recycle"],"special_seed":17870,"relics":["Cracked Core","Gambling Chip","Kunai","Dodecahedron","Symbiotic Virus","Bottled Tornado","Nuclear Battery","Happy Flower","Omamori"],"potions_floor_usage":[33],"damage_taken":[{"damage":1.0,"enemies":"2 Louse","floor":1.0,"turns":2.0},{"damage":8.0,"enemies":"Small Slimes","floor":3.0,"turns":3.0},{"damage":0.0,"enemies":"Jaw Worm","floor":4.0,"turns":4.0},{"damage":2.0,"enemies":"3 Louse","floor":7.0,"turns":4.0},{"damage":23.0,"enemies":"Gremlin Nob","floor":8.0,"turns":4.0},{"damage":0.0,"enemies":"Gremlin Gang","floor":12.0,"turns":3.0},{"damage":7.0,"enemies":"Blue Slaver","floor":13.0,"turns":3.0},{"damage":5.0,"enemies":"3 Louse","floor":14.0,"turns":3.0},{"damage":6,"enemies":"Hexaghost","floor":16,"turns":8},{"damage":3,"enemies":"Chosen","floor":18,"turns":4},{"damage":7,"enemies":"Spheric Guardian","floor":19,"turns":4},{"damage":9,"enemies":"Snecko","floor":20,"turns":5},{"damage":18,"enemies":"Sentry and Sphere","floor":24,"turns":7},{"damage":7,"enemies":"3 Cultists","floor":25,"turns":5},{"damage":10,"enemies":"Snake Plant","floor":28,"turns":5},{"damage":0,"enemies":"Snecko","floor":29,"turns":5},{"damage":54,"enemies":"Gremlin Leader","floor":31,"turns":8},{"damage":64,"enemies":"Collector","floor":33,"turns":7}],"seed_played":"6234403270390555822","potions_obtained":[{"floor":3.0,"key":"AttackPotion"},{"floor":8.0,"key":"Poison Potion"},{"floor":14.0,"key":"Ancient Potion"},{"floor":18,"key":"FairyPotion"},{"floor":19,"key":"FairyPotion"},{"floor":31,"key":"Strength Potion"}],"is_trial":false,"path_per_floor":["M","?","M","M","?","R","M","E","T","R","$","M","M","M","R","B",null,"M","M","M","$","?","R","M","M","T","?","M","M","R","E","R","B"],"character_chosen":"DEFECT","items_purchased":["Capacitor","Bottled Tornado"],"campfire_rested":3,"item_purchase_floors":[11,11],"current_hp_per_floor":[74,63,55,55,52,52,50,27,27,49,49,49,42,37,37,31,75,72,65,56,56,56,56,38,31,31,31,21,21,43,7,29,0],"gold":376,"neow_bonus":"","is_prod":false,"is_daily":true,"chose_seed":false,"campfire_upgraded":3,"win_rate":0,"timestamp":1544039600,"path_taken":["M","?","M","M","?","R","M","E","T","R","$","?","M","M","R","BOSS","M","M","M","$","?","R","?","M","T","?","M","M","R","E","R","BOSS"],"build_version":"2018-11-15","purchased_purges":1,"victory":false,"max_hp_per_floor":[75,75,75,75,75,75,75,75,75,75,75,75,75,75,75,75,75,75,75,75,75,75,75,75,75,75,75,75,75,75,75,75,75],"card_choices":[{"not_picked":["Go for the Eyes"],"picked":"Conserve Battery","floor":1.0},{"not_picked":["Streamline"],"picked":"Loop","floor":3.0},{"not_picked":["Sweeping Beam"],"picked":"Ball Lightning","floor":4.0},{"not_picked":["Streamline"],"picked":"Sunder","floor":7.0},{"not_picked":["Fusion","Turbo"],"picked":"SKIP","floor":8.0},{"not_picked":["Beam Cell","All For One"],"picked":"SKIP","floor":12.0},{"not_picked":["Glacier"],"picked":"Auto Shields","floor":13.0},{"not_picked":["Go for the Eyes"],"picked":"Conserve Battery","floor":14.0},{"not_picked":["Reboot"],"picked":"Thunder Strike","floor":16},{"not_picked":["Barrage","Turbo"],"picked":"SKIP","floor":18},{"not_picked":["Darkness"],"picked":"Reinforced Body+1","floor":19},{"not_picked":["Go for the Eyes","Reinforced Body"],"picked":"SKIP","floor":20},{"not_picked":["Chaos","Chill"],"picked":"SKIP","floor":24},{"not_picked":["Barrage+1"],"picked":"Leap+1","floor":25},{"not_picked":["Leap","Rainbow"],"picked":"SKIP","floor":28},{"not_picked":["Gash","Hologram"],"picked":"SKIP","floor":29},{"not_picked":["Go for the Eyes"],"picked":"Recycle","floor":31}],"player_experience":274506,"relics_obtained":[{"floor":8.0,"key":"Dodecahedron"},{"floor":9.0,"key":"Symbiotic Virus"},{"floor":26,"key":"Happy Flower"},{"floor":31,"key":"Omamori"}],"event_choices":[{"damage_healed":0.0,"max_hp_gain":0.0,"max_hp_loss":0.0,"gold_gain":75.0,"event_name":"World of Goop","player_choice":"Gather Gold","floor":2.0,"gold_loss":0.0,"damage_taken":11.0},{"damage_healed":0.0,"max_hp_gain":0.0,"max_hp_loss":0.0,"gold_gain":0.0,"event_name":"Scrap Ooze","player_choice":"Success","floor":5.0,"gold_loss":0.0,"damage_taken":3.0,"relics_obtained":["Kunai"]},{"damage_healed":0,"gold_gain":100,"player_choice":"Pray","damage_taken":0,"max_hp_gain":0,"max_hp_loss":0,"event_name":"Golden Shrine","floor":22,"gold_loss":0},{"damage_healed":0,"gold_gain":0,"cards_transformed":["Strike_B","Strike_B"],"player_choice":"Became Test Subject","damage_taken":0,"max_hp_gain":0,"max_hp_loss":0,"event_name":"Drug Dealer","floor":27,"gold_loss":0,"cards_obtained":["Coolheaded","Sweeping Beam"]}],"is_beta":false,"boss_relics":[{"not_picked":["Runic Dome","Coffee Dripper"],"picked":"Nuclear Battery"}],"items_purged_floors":[21],"is_endless":false,"potions_floor_spawned":[3,8,14,18,19,31],"killed_by":"Collector","ascension_level":0}