{"path_per_floor":["M","$","M","M","M","R","M","M","T","M","R","E","?","M","R","B",null,"M","?","M","?","$","R","M","M","T","M","R","?","?","M","R"],"character_chosen":"IRONCLAD","items_purchased":["Bronze Scales","Dodecahedron"],"gold_per_floor":[211,55,65,84,99,99,116,136,136,150,150,181,146,164,164,269,269,281,281,270,270,16,16,32,46,46,65,65,165,115,128,128],"floor_reached":33,"campfire_rested":4,"playtime":29372,"current_hp_per_floor":[77,77,77,80,65,65,56,54,54,47,71,46,66,63,80,49,80,56,56,42,80,80,80,33,12,12,12,36,36,36,7,31],"items_purged":[],"gold":128,"score":253,"play_id":"c462ad3a-c9fc-448e-ac65-3119a3792767","is_prod":false,"is_daily":false,"is_ascension_mode":false,"campfire_upgraded":2,"path_taken":["M","$","M","M","M","R","M","M","T","M","R","E","?","M","R","BOSS","M","?","M","?","$","R","M","M","T","M","R","?","?","?","R","BOSS"],"build_version":"2018-02-15-PROD1","purchased_purges":0,"victory":false,"master_deck":["Strike_R","Strike_R","Strike_R","Strike_R","Strike_R","Defend_R","Defend_R","Defend_R","Defend_R","Bash","Heavy Blade","Inflame+1","Blood for Blood","Pommel Strike","Twin Strike","Iron Wave","Disarm","Bloodletting","Searing Blow","Demon Form+1","Pommel Strike+1","Clash","Dual Wield+1","Rampage","Flex"],"max_hp_per_floor":[80,80,80,80,80,80,80,80,80,80,80,80,80,80,80,80,80,80,80,80,80,80,80,80,80,80,80,80,80,80,80,80],"relics":["Burning Blood","Bronze Scales","Ice Cream","Vajra","Lizard Tail","Frozen Eye","Dodecahedron","Frozen Egg 2"],"card_choices":[{"not_picked":["True Grit","Perfected Strike"],"picked":"Heavy Blade"},{"not_picked":["Anger","Intimidate"],"picked":"Inflame"},{"not_picked":["Fire Breathing","Anger"],"picked":"Blood for Blood"},{"not_picked":["Iron Wave","Shrug It Off"],"picked":"Pommel Strike"},{"not_picked":["Clash","Double Tap"],"picked":"Twin Strike"},{"not_picked":["True Grit","Warcry"],"picked":"Iron Wave"},{"not_picked":["Feel No Pain","Clash"],"picked":"Disarm"},{"not_picked":["Cleave","Headbutt"],"picked":"Bloodletting"},{"not_picked":["Thunderclap","Pommel Strike"],"picked":"Searing Blow"},{"not_picked":["Juggernaut","Brutality"],"picked":"Demon Form"},{"not_picked":["Fire Breathing","Body Slam"],"picked":"Pommel Strike"},{"not_picked":["Perfected Strike","Clothesline"],"picked":"Battle Trance"},{"not_picked":["Brutality","Battle Trance"],"picked":"Clash"},{"not_picked":["Pommel Strike","Combust"],"picked":"Dual Wield"},{"not_picked":["Body Slam","Thunderclap"],"picked":"Rampage"},{"not_picked":["Shrug It Off","Perfected Strike"],"picked":"Flex"}],"player_experience":26646,"potions_floor_usage":[27],"damage_taken":[{"damage":9,"enemies":"2 Louse","floor":1,"turns":2},{"damage":6,"enemies":"Jaw Worm","floor":3,"turns":3},{"damage":1,"enemies":"Cultist","floor":4,"turns":3},{"damage":21,"enemies":"Exordium Thugs","floor":5,"turns":4},{"damage":15,"enemies":"2 Fungi Beasts","floor":7,"turns":2},{"damage":8,"enemies":"Large Slime","floor":8,"turns":4},{"damage":13,"enemies":"Lots of Slimes","floor":10,"turns":3},{"damage":31,"enemies":"Lagavulin","floor":12,"turns":5},{"damage":9,"enemies":"3 Louse","floor":14,"turns":3},{"damage":37,"enemies":"Hexaghost","floor":16,"turns":7},{"damage":30,"enemies":"Shell Parasite","floor":18,"turns":5},{"damage":20,"enemies":"2 Thieves","floor":20,"turns":4},{"damage":97,"enemies":"Slaver and Parasite","floor":24,"turns":6},{"damage":27,"enemies":"Snake Plant","floor":25,"turns":4},{"damage":15,"enemies":"Snecko","floor":27,"turns":4},{"damage":35,"enemies":"Cultist and Chosen","floor":31,"turns":6},{"damage":50,"enemies":"Collector","floor":33,"turns":3}],"event_choices":[{"event_name":"The Cleric","player_choice":"Healed","floor":13,"damage_taken":0},{"event_name":"The Mausoleum","player_choice":"Yes","floor":19,"damage_taken":0},{"event_name":"Bonfire Elementals","player_choice":"UNCOMMON","floor":21,"damage_taken":0},{"event_name":"Golden Shrine","player_choice":"Pray","floor":29,"damage_taken":0},{"event_name":"The Joust","player_choice":"Bet on Murderer","floor":30,"damage_taken":0}],"boss_relics":[{"not_picked":["Runic Cube","Mark of Pain"],"picked":"Lizard Tail"}],"potions_floor_spawned":[4,5,7,14,16,24,25,31],"seed_played":"-5321871873313052509","killed_by":"Collector","ascension_level":0,"is_trial":false}