{"gold_per_floor":[112,112,131,141,160,190,190,130,160,174,18,34,66,66,66,170,170,185,185,205,205,221,221,221,221,221,16,47,47,80,97,97,199,199,213,228,228,228,36,63,63,63,63,63,83,34,34,51,51,51,51,51,51,51],"floor_reached":54,"playtime":7294,"items_purged":[],"score":813,"play_id":"c02c6754-788e-44c3-b531-c0e50e5e2eed","local_time":"20190708221016","is_ascension_mode":false,"campfire_choices":[{"floor":7,"key":"RECALL"},{"floor":15,"key":"REST"},{"floor":23,"key":"REST"},{"floor":32,"key":"REST"},{"floor":42,"key":"REST"},{"floor":47,"key":"REST"},{"floor":49,"key":"REST"},{"floor":52,"key":"REST"}],"neow_cost":"NONE","seed_source_timestamp":2245016234274183,"circlet_count":0,"master_deck":["Strike_R","Strike_R","Strike_R","Strike_R+1","Strike_R","Defend_R","Defend_R+1","Defend_R","Bash","Immolate+1","Armaments","Ghostly Armor+1","Pommel Strike","Perfected Strike","Perfected Strike","Infernal Blade","Perfected Strike","Infernal Blade","Demon Form","Twin Strike+1","RitualDagger","Metallicize+1","Dropkick+1","Cleave","Perfected Strike+1","Disarm+1","Reaper","Infernal Blade","Perfected Strike","Infernal Blade","Madness","Jack Of All Trades","Forethought","Infernal Blade","Reckless Charge+1","Infernal Blade+1"],"relics":["Burning Blood","Smiling Mask","Self Forming Clay","Tiny Chest","Whetstone","War Paint","Paper Frog","Fusion Hammer","Toy Ornithopter","Strawberry","Potion Belt","Eternal Feather","Pear","ClockworkSouvenir","Omamori","Bird Faced Urn"],"potions_floor_usage":[16,22,22,28,28,40,45,50,50,50,50],"damage_taken":[{"damage":5,"enemies":"Small Slimes","floor":1,"turns":3},{"damage":1,"enemies":"Cultist","floor":3,"turns":3},{"damage":0,"enemies":"Jaw Worm","floor":4,"turns":4},{"damage":7,"enemies":"Looter","floor":5,"turns":4},{"damage":15,"enemies":"3 Sentries","floor":6,"turns":5},{"damage":0,"enemies":"Blue Slaver","floor":10,"turns":3},{"damage":13,"enemies":"Red Slaver","floor":12,"turns":2},{"damage":31,"enemies":"Lagavulin","floor":13,"turns":6},{"damage":39,"enemies":"The Guardian","floor":16,"turns":11},{"damage":10,"enemies":"2 Thieves","floor":18,"turns":2},{"damage":10,"enemies":"Spheric Guardian","floor":20,"turns":3},{"damage":19,"enemies":"Chosen and Byrds","floor":22,"turns":7},{"damage":70,"enemies":"Slavers","floor":28,"turns":6},{"damage":34,"enemies":"Gremlin Leader","floor":30,"turns":6},{"damage":5,"enemies":"Cultist and Chosen","floor":31,"turns":3},{"damage":6,"enemies":"Champ","floor":33,"turns":8},{"damage":0,"enemies":"Orb Walker","floor":35,"turns":2},{"damage":24,"enemies":"3 Darklings","floor":36,"turns":6},{"damage":50,"enemies":"Reptomancer","floor":40,"turns":6},{"damage":31,"enemies":"Writhing Mass","floor":45,"turns":4},{"damage":11,"enemies":"Jaw Worm Horde","floor":48,"turns":3},{"damage":110,"enemies":"Awakened One","floor":50,"turns":13},{"damage":128,"enemies":"Shield and Spear","floor":54,"turns":6}],"seed_played":"6009168968014309573","potions_obtained":[{"floor":3,"key":"Weak Potion"},{"floor":6,"key":"BloodPotion"},{"floor":13,"key":"GamblersBrew"},{"floor":16,"key":"SkillPotion"},{"floor":22,"key":"SkillPotion"},{"floor":30,"key":"SpeedPotion"},{"floor":31,"key":"Fire Potion"},{"floor":36,"key":"GamblersBrew"},{"floor":40,"key":"SkillPotion"},{"floor":48,"key":"SpeedPotion"}],"is_trial":false,"path_per_floor":["M","$","M","M","M","E","R","?","T","M","$","M","E","T","R","B",null,"M","?","M","?","M","R","?","?","T","$","E","?","E","M","R","B",null,"M","M","?","T","$","E","?","R","T","?","M","$","R","M","R","B",null,"R","$","E"],"character_chosen":"IRONCLAD","items_purchased":["Whetstone","Toy Ornithopter","ClockworkSouvenir","Swift Potion"],"campfire_rested":7,"item_purchase_floors":[11,27,39,46],"current_hp_per_floor":[80,80,80,80,79,70,70,70,70,76,76,69,44,44,68,35,80,76,70,66,66,53,77,77,77,77,77,48,97,69,70,97,97,97,97,88,88,98,98,59,49,99,99,99,83,83,107,104,107,39,107,107,107,0],"gold":51,"neow_bonus":"ONE_RANDOM_RARE_CARD","is_prod":false,"is_daily":false,"chose_seed":false,"campfire_upgraded":0,"win_rate":0,"timestamp":1562638216,"path_taken":["M","$","M","M","M","E","R","?","T","?","$","M","E","?","R","BOSS","M","?","M","?","?","R","?","?","T","$","E","?","E","M","R","BOSS","M","?","?","?","$","E","?","R","T","?","?","$","R","M","R","BOSS","R","$","E"],"build_version":"2019-07-05","purchased_purges":0,"victory":false,"max_hp_per_floor":[80,80,80,80,80,80,80,80,80,80,80,80,80,80,80,80,80,80,80,80,80,80,80,80,80,80,80,87,97,97,97,97,97,97,97,97,97,107,107,107,107,107,107,107,107,107,107,107,107,107,107,107,107,107],"card_choices":[{"not_picked":["Iron Wave","Battle Trance"],"picked":"Armaments","floor":1},{"not_picked":["Heavy Blade","Body Slam"],"picked":"Ghostly Armor","floor":3},{"not_picked":["Sword Boomerang","Limit Break"],"picked":"Pommel Strike","floor":4},{"not_picked":["Sword Boomerang","Pommel Strike"],"picked":"Perfected Strike","floor":5},{"not_picked":["Cleave","Flex"],"picked":"Perfected Strike","floor":6},{"not_picked":["Headbutt","Body Slam"],"picked":"Infernal Blade","floor":10},{"not_picked":["Body Slam","Impervious"],"picked":"Perfected Strike","floor":12},{"not_picked":["Combust","Warcry"],"picked":"Infernal Blade","floor":13},{"not_picked":["Exhume","Dark Embrace"],"picked":"Demon Form","floor":16},{"not_picked":["Blood for Blood","Body Slam"],"picked":"Twin Strike+1","floor":18},{"not_picked":["True Grit","Impervious"],"picked":"Metallicize+1","floor":20},{"not_picked":["Sword Boomerang","Blood for Blood+1"],"picked":"Dropkick+1","floor":22},{"not_picked":["Dropkick","Shockwave"],"picked":"Cleave","floor":28},{"not_picked":["Intimidate","Flex"],"picked":"Perfected Strike+1","floor":30},{"not_picked":["Rupture","Burning Pact"],"picked":"Disarm+1","floor":31},{"not_picked":["Fiend Fire","Double Tap"],"picked":"Reaper","floor":33},{"not_picked":["Rage+1","Intimidate+1"],"picked":"Infernal Blade","floor":35},{"not_picked":["Warcry+1","Entrench+1"],"picked":"Perfected Strike","floor":36},{"not_picked":["Body Slam","Wild Strike+1"],"picked":"Infernal Blade","floor":40},{"not_picked":["Dramatic Entrance","Sadistic Nature"],"picked":"Madness","floor":41},{"not_picked":["Deep Breath","Thinking Ahead"],"picked":"Jack Of All Trades","floor":41},{"not_picked":["Purity","Thinking Ahead"],"picked":"Forethought","floor":41},{"not_picked":["Combust+1","Clothesline"],"picked":"Reckless Charge+1","floor":45},{"not_picked":["Dropkick","Anger"],"picked":"Infernal Blade+1","floor":48}],"player_experience":114281,"relics_obtained":[{"floor":6,"key":"Smiling Mask"},{"floor":9,"key":"Tiny Chest"},{"floor":13,"key":"War Paint"},{"floor":14,"key":"Paper Frog"},{"floor":28,"key":"Strawberry"},{"floor":30,"key":"Potion Belt"},{"floor":38,"key":"Pear"},{"floor":40,"key":"Omamori"},{"floor":43,"key":"Bird Faced Urn"}],"event_choices":[{"damage_healed":0,"gold_gain":0,"player_choice":"Paid Gold","damage_taken":0,"relics_obtained":["Self Forming Clay"],"max_hp_gain":0,"max_hp_loss":0,"event_name":"WeMeetAgain","floor":8,"gold_loss":60},{"damage_healed":0,"gold_gain":0,"player_choice":"Joined the Cult","damage_taken":6,"max_hp_gain":0,"max_hp_loss":0,"event_name":"Nest","floor":19,"gold_loss":0,"cards_obtained":["RitualDagger"]},{"damage_healed":0,"gold_gain":0,"player_choice":"1 cards matched","damage_taken":0,"max_hp_gain":0,"max_hp_loss":0,"event_name":"Match and Keep!","floor":21,"gold_loss":0,"cards_obtained":["Barricade"]},{"damage_healed":0,"gold_gain":0,"player_choice":"Ignored","damage_taken":0,"max_hp_gain":0,"max_hp_loss":0,"event_name":"Ghosts","floor":24,"gold_loss":0},{"damage_healed":0,"gold_gain":0,"player_choice":"Ignored","damage_taken":0,"max_hp_gain":0,"max_hp_loss":0,"event_name":"Vampires","floor":25,"gold_loss":0},{"cards_removed":["Barricade"],"damage_healed":39,"gold_gain":0,"player_choice":"Offered Rare","damage_taken":0,"max_hp_gain":10,"max_hp_loss":0,"event_name":"Bonfire Elementals","floor":29,"gold_loss":0},{"cards_removed":["Defend_R"],"damage_healed":0,"gold_gain":0,"player_choice":"Removed Skill","damage_taken":0,"max_hp_gain":0,"max_hp_loss":0,"event_name":"Falling","floor":37,"gold_loss":0},{"damage_healed":0,"gold_gain":0,"player_choice":"Memory 3","damage_taken":10,"max_hp_gain":0,"max_hp_loss":0,"event_name":"SensoryStone","floor":41,"gold_loss":0},{"damage_healed":0,"gold_gain":0,"player_choice":"Copied","damage_taken":0,"max_hp_gain":0,"max_hp_loss":0,"event_name":"Duplicator","floor":44,"gold_loss":0,"cards_obtained":["Infernal Blade"]}],"is_beta":false,"boss_relics":[{"not_picked":["Lizard Tail","Velvet Choker"],"picked":"Fusion Hammer"},{"not_picked":["Cursed Key","Coffee Dripper"],"picked":"Eternal Feather"}],"items_purged_floors":[],"is_endless":false,"potions_floor_spawned":[3,6,13,16,22,30,31,36,40,48],"killed_by":"Shield and Spear","ascension_level":0}