{"gold_per_floor":[212,225,245,245,255,255,268,300,300,300],"floor_reached":10,"playtime":783,"items_purged":[],"score":130,"play_id":"e84866c1-e75d-4969-a255-bb385367f752","local_time":"20190403170143","is_ascension_mode":true,"campfire_choices":[{"floor":6,"key":"REST"}],"neow_cost":"NONE","seed_source_timestamp":35563930333614,"circlet_count":0,"master_deck":["AscendersBane","Strike_R","Strike_R","Strike_R","Strike_R","Strike_R","Defend_R","Defend_R","Defend_R","Defend_R","Bash","Shrug It Off","Perfected Strike","Feel No Pain","Dark Embrace"],"relics":["Burning Blood","Boot","Bronze Scales","Molten Egg 2"],"potions_floor_usage":[1,10],"damage_taken":[{"damage":2,"enemies":"Cultist","floor":1,"turns":4},{"damage":12,"enemies":"Jaw Worm","floor":2,"turns":3},{"damage":8,"enemies":"2 Louse","floor":3,"turns":3},{"damage":36,"enemies":"Gremlin Gang","floor":5,"turns":6},{"damage":18,"enemies":"Blue Slaver","floor":7,"turns":5},{"damage":22,"enemies":"3 Sentries","floor":8,"turns":13},{"damage":52,"enemies":"Lagavulin","floor":10,"turns":6}],"seed_played":"-7717132505672684426","potions_obtained":[{"floor":1,"key":"Fruit Juice"},{"floor":8,"key":"GamblersBrew"}],"is_trial":false,"path_per_floor":["M","M","M","T","M","R","M","E","T","E"],"character_chosen":"IRONCLAD","items_purchased":[],"campfire_rested":1,"item_purchase_floors":[],"current_hp_per_floor":[77,71,69,69,39,63,51,35,35,0],"gold":300,"neow_bonus":"HUNDRED_GOLD","is_prod":false,"is_daily":false,"chose_seed":false,"campfire_upgraded":0,"win_rate":0,"timestamp":1554303703,"path_taken":["M","M","M","?","M","R","M","E","T","E"],"build_version":"2019-01-23","purchased_purges":0,"victory":false,"max_hp_per_floor":[80,80,80,80,80,80,80,80,80,80],"card_choices":[{"not_picked":["Dropkick","Thunderclap"],"picked":"Shrug It Off","floor":1},{"not_picked":["Flex","Shockwave"],"picked":"Perfected Strike","floor":2},{"not_picked":["Carnage","Pummel"],"picked":"Feel No Pain","floor":3},{"not_picked":["Twin Strike","Bloodletting","Sword Boomerang"],"picked":"SKIP","floor":5},{"not_picked":["Warcry","Fire Breathing"],"picked":"Dark Embrace","floor":7},{"not_picked":["Thunderclap","Clothesline","Heavy Blade"],"picked":"SKIP","floor":8}],"player_experience":524358,"relics_obtained":[{"floor":4,"key":"Boot"},{"floor":8,"key":"Bronze Scales"},{"floor":9,"key":"Molten Egg 2"}],"event_choices":[],"is_beta":false,"boss_relics":[],"items_purged_floors":[],"is_endless":false,"potions_floor_spawned":[1,8],"killed_by":"Lagavulin","ascension_level":17}