{"gold_per_floor":[114,129,144,144,144,194,194,209,209,224,239,239,254,284,284,284],"floor_reached":16,"playtime":711,"items_purged":[],"score":179,"play_id":"74559d25-0501-4803-96f1-6343b261e805","local_time":"20180704010542","daily_mods":["Specialized","Lethality","Hoarder"],"is_ascension_mode":false,"campfire_choices":[{"floor":15,"key":"REST"}],"neow_cost":"","seed_source_timestamp":761175546588549,"circlet_count":0,"master_deck":["Defend_G","Defend_G","Defend_G","Defend_G","Defend_G","Strike_G","Strike_G","Strike_G","Strike_G","Strike_G","Survivor","Neutralize+1","Phantasmal Killer","Phantasmal Killer","Phantasmal Killer","Phantasmal Killer","Phantasmal Killer","Phantasmal Killer","Phantasmal Killer","Phantasmal Killer","Phantasmal Killer","Phantasmal Killer","Phantasmal Killer","Phantasmal Killer","Phantasmal Killer","Phantasmal Killer","Phantasmal Killer","Endless Agony","Endless Agony+1","Endless Agony","Endless Agony","Endless Agony+1","Endless Agony","Sucker Punch","Sucker Punch","Sucker Punch","Deadly Poison","Deadly Poison","Deadly Poison","Concentrate","Concentrate","Concentrate","Noxious Fumes","Noxious Fumes","Noxious Fumes","Adrenaline","Adrenaline","Adrenaline"],"special_seed":17715,"relics":["Ring of the Snake","Whetstone","Paper Crane","Snake Skull"],"potions_floor_usage":[8,11,14,14,16],"damage_taken":[{"damage":8,"enemies":"Small Slimes","floor":1,"turns":4},{"damage":0,"enemies":"Cultist","floor":2,"turns":2},{"damage":10,"enemies":"Jaw Worm","floor":3,"turns":3},{"damage":1,"enemies":"Large Slime","floor":8,"turns":4},{"damage":5,"enemies":"2 Fungi Beasts","floor":10,"turns":2},{"damage":17,"enemies":"Exordium Wildlife","floor":11,"turns":2},{"damage":10,"enemies":"Blue Slaver","floor":13,"turns":2},{"damage":21,"enemies":"Lagavulin","floor":14,"turns":3},{"damage":30,"enemies":"The Guardian","floor":16,"turns":3}],"seed_played":"-5295216616361332357","potions_obtained":[{"floor":2,"key":"Regen Potion"},{"floor":3,"key":"Block Potion"},{"floor":8,"key":"Poison Potion"},{"floor":10,"key":"SkillPotion"},{"floor":11,"key":"FearPotion"},{"floor":14,"key":"Explosive Potion"}],"is_trial":false,"path_per_floor":["M","M","M","$","?","T","?","M","T","M","M","?","M","E","R"],"character_chosen":"THE_SILENT","items_purchased":[],"campfire_rested":1,"item_purchase_floors":[],"current_hp_per_floor":[62,62,52,52,52,52,52,51,51,46,34,34,24,3,24,0],"gold":284,"neow_bonus":"","is_prod":false,"is_daily":true,"chose_seed":false,"campfire_upgraded":0,"win_rate":0.0,"timestamp":1530659142,"path_taken":["M","M","M","$","?","?","?","?","T","M","M","?","M","E","R","BOSS"],"build_version":"2018-06-28","purchased_purges":0,"victory":false,"max_hp_per_floor":[70,70,70,70,70,70,70,70,70,70,70,70,70,70,70,70],"card_choices":[{"not_picked":["Slice","Backflip"],"picked":"Endless Agony","floor":1},{"not_picked":["Sucker Punch","Dagger Spray","Dash"],"picked":"SKIP","floor":2},{"not_picked":["Grand Finale","Terror"],"picked":"Endless Agony","floor":3},{"not_picked":["Outmaneuver","Infinite Blades"],"picked":"Sucker Punch","floor":8},{"not_picked":["Prepared","Dagger Spray"],"picked":"Deadly Poison","floor":10},{"not_picked":["Dodge and Roll","Well Laid Plans"],"picked":"Concentrate","floor":11},{"not_picked":["Predator","Footwork"],"picked":"Noxious Fumes","floor":13},{"not_picked":["Backflip","Leg Sweep"],"picked":"Adrenaline","floor":14}],"player_experience":22737,"relics_obtained":[{"floor":6,"key":"Whetstone"},{"floor":9,"key":"Paper Crane"},{"floor":14,"key":"Snake Skull"}],"event_choices":[{"event_name":"The Cleric","player_choice":"Leave","floor":5,"damage_taken":0},{"event_name":"Living Wall","player_choice":"Grow","floor":7,"damage_taken":0},{"event_name":"Liars Game","player_choice":"disagreed","floor":12,"damage_taken":0}],"boss_relics":[],"items_purged_floors":[],"is_endless":false,"potions_floor_spawned":[2,3,8,10,11,14],"killed_by":"The Guardian","ascension_level":0}