{"path_per_floor":["M","?","M","?","M","R","E","M","T","?","R","M","E","?","R","B",null,"M","$","?","?","M","R","M","R","T","R","M","M","$","M","R"],"character_chosen":"IRONCLAD","items_purchased":["Corruption","Armaments"],"gold_per_floor":[114,114,131,96,109,109,137,157,181,181,181,198,230,230,230,330,330,342,190,190,190,202,202,213,213,213,213,226,243,191,210,210,210],"floor_reached":33,"campfire_rested":0,"playtime":790,"current_hp_per_floor":[46,46,46,66,70,70,51,42,42,42,42,48,43,69,69,46,80,80,80,80,80,80,80,74,74,74,74,48,51,51,57,57,0],"items_purged":["Strike_R"],"gold":210,"score":257,"play_id":"c7090ac8-7c5b-46e2-9b3e-8de7c3e08a44","local_time":"20180418163228","is_prod":false,"is_daily":false,"chose_seed":false,"is_ascension_mode":false,"campfire_upgraded":7,"timestamp":1524083548,"path_taken":["M","?","M","?","M","R","E","M","T","?","R","M","E","?","R","BOSS","M","$","?","?","M","R","M","R","T","R","M","M","$","M","R","BOSS"],"build_version":"2018-04-12","seed_source_timestamp":1528926527730147,"purchased_purges":1,"victory":false,"master_deck":["Strike_R","Strike_R","Defend_R","Defend_R","Defend_R","Bash","Flame Barrier","Bloodletting","Searing Blow+8","Headbutt","Warcry","Clash","Armaments","Clash","Double Tap","Evolve+1","Corruption+1","Dual Wield","Armaments","Armaments"],"max_hp_per_floor":[80,80,80,80,80,80,80,80,80,80,80,80,80,80,80,80,80,80,80,80,80,80,80,80,80,80,80,80,80,80,80,80,80],"relics":["Burning Blood","Frozen Egg 2","Juzu Bracelet","Bag of Preparation","Cursed Key"],"card_choices":[{"not_picked":["Dropkick","Shrug It Off"],"picked":"Searing Blow","floor":1},{"not_picked":["Second Wind","Power Through"],"picked":"Headbutt","floor":3},{"not_picked":["Pommel Strike","Fire Breathing"],"picked":"Warcry","floor":5},{"not_picked":["Searing Blow","Perfected Strike"],"picked":"Clash","floor":7},{"not_picked":["Reckless Charge","Feel No Pain"],"picked":"Armaments","floor":8},{"not_picked":["Dual Wield","Headbutt"],"picked":"Clash","floor":12},{"not_picked":["Dark Embrace","Barricade"],"picked":"Double Tap","floor":16},{"not_picked":["Twin Strike","Sword Boomerang"],"picked":"Evolve","floor":18},{"not_picked":["Anger","Body Slam"],"picked":"Dual Wield","floor":24},{"not_picked":["Shrug It Off","Havoc"],"picked":"Armaments","floor":29}],"player_experience":374881,"potions_floor_usage":[28,33,33],"damage_taken":[{"damage":0,"enemies":"2 Louse","floor":1,"turns":3},{"damage":6,"enemies":"Jaw Worm","floor":3,"turns":3},{"damage":2,"enemies":"Small Slimes","floor":5,"turns":4},{"damage":25,"enemies":"3 Sentries","floor":7,"turns":9},{"damage":15,"enemies":"Blue Slaver","floor":8,"turns":2},{"damage":0,"enemies":"Large Slime","floor":12,"turns":6},{"damage":11,"enemies":"Gremlin Nob","floor":13,"turns":3},{"damage":29,"enemies":"Hexaghost","floor":16,"turns":6},{"damage":4,"enemies":"Shell Parasite","floor":18,"turns":3},{"damage":3,"enemies":"Chosen","floor":22,"turns":3},{"damage":12,"enemies":"Snake Plant","floor":24,"turns":2},{"damage":32,"enemies":"Cultist and Chosen","floor":28,"turns":4},{"damage":3,"enemies":"Snecko","floor":29,"turns":3},{"damage":0,"enemies":"Centurion and Healer","floor":31,"turns":2},{"damage":64,"enemies":"Collector","floor":33,"turns":5}],"event_choices":[{"event_name":"Living Wall","player_choice":"Grow","floor":2,"damage_taken":0},{"event_name":"The Cleric","player_choice":"Healed","floor":4,"damage_taken":0},{"event_name":"Scrap Ooze","player_choice":"unsuccessful","floor":10,"damage_taken":0},{"event_name":"Big Fish","player_choice":"Banana","floor":14,"damage_taken":0},{"event_name":"Back to Basics","player_choice":"Elegance","floor":20,"damage_taken":0},{"event_name":"Ghosts","player_choice":"Ignored","floor":21,"damage_taken":0}],"boss_relics":[{"not_picked":["Runic Cube","Pandora\u0027s Box"],"picked":"Cursed Key"}],"potions_floor_spawned":[1,5,13,16,18,28,31],"seed_played":"-7454214552160210773","killed_by":"Collector","ascension_level":0,"is_trial":false}