{"path_per_floor":["M","?","?","M","M","R","M","M","T","R","M","?","?","$","R","B",null,"M","?","M","$","M","R"],"character_chosen":"IRONCLAD","items_purchased":["Body Slam"],"gold_per_floor":[119,119,119,137,150,150,160,175,175,175,191,266,266,191,191,292,292,292,292,292,139,139,139],"floor_reached":24,"campfire_rested":1,"playtime":813,"current_hp_per_floor":[75,75,75,71,74,74,67,60,60,60,57,46,46,46,70,45,80,72,57,53,53,39,39],"items_purged":["Rupture","Strike_R"],"gold":139,"score":207,"play_id":"a448b162-6c35-4a71-8b3c-4b4a72cc979b","local_time":"20180316144412","is_prod":false,"is_daily":false,"is_ascension_mode":true,"campfire_upgraded":3,"timestamp":1521225852,"path_taken":["M","?","?","M","M","R","M","M","T","R","?","?","?","?","R","BOSS","M","?","M","$","M","R","E"],"build_version":"2018-03-15","purchased_purges":2,"victory":false,"master_deck":["Strike_R","Strike_R","Defend_R","Defend_R","Defend_R","Defend_R","Bash","Armaments+1","Battle Trance","Flex","Inflame+1","Flame Barrier","Barricade+1","Uppercut+1","Body Slam"],"max_hp_per_floor":[80,80,80,80,80,80,80,80,80,80,80,80,80,80,80,80,80,80,85,85,85,85,85],"relics":["Burning Blood","Red Skull","Ectoplasm"],"card_choices":[{"not_picked":["True Grit","Clash"],"picked":"Armaments"},{"not_picked":["Body Slam","Sword Boomerang"],"picked":"Battle Trance"},{"not_picked":["Immolate","Rage"],"picked":"Flex"},{"not_picked":["Warcry","Bloodletting"],"picked":"Inflame"},{"not_picked":["Clash","Anger"],"picked":"Flame Barrier"},{"not_picked":["Offering","Exhume"],"picked":"Barricade"},{"not_picked":["Sentinel","Combust"],"picked":"Uppercut"}],"player_experience":195651,"potions_floor_usage":[24,24],"damage_taken":[{"damage":11,"enemies":"2 Louse","floor":1,"turns":3},{"damage":10,"enemies":"Small Slimes","floor":4,"turns":4},{"damage":3,"enemies":"Cultist","floor":5,"turns":4},{"damage":13,"enemies":"Large Slime","floor":7,"turns":5},{"damage":13,"enemies":"Red Slaver","floor":8,"turns":4},{"damage":9,"enemies":"3 Louse","floor":11,"turns":4},{"damage":31,"enemies":"The Guardian","floor":16,"turns":11},{"damage":14,"enemies":"Shell Parasite","floor":18,"turns":7},{"damage":10,"enemies":"Spheric Guardian","floor":20,"turns":4},{"damage":20,"enemies":"Centurion and Healer","floor":22,"turns":7},{"damage":49,"enemies":"Slavers","floor":24,"turns":3}],"event_choices":[{"event_name":"Liars Game","player_choice":"disagreed","floor":2,"damage_taken":0},{"event_name":"Purifier","player_choice":"One Purge","floor":3,"damage_taken":0},{"event_name":"World of Goop","player_choice":"Gather Gold","floor":12,"damage_taken":0},{"event_name":"Living Wall","player_choice":"Change","floor":13,"damage_taken":0},{"event_name":"Forgotten Altar","player_choice":"Shed Blood","floor":19,"damage_taken":0}],"boss_relics":[{"not_picked":["Question Card","Eternal Feather"],"picked":"Ectoplasm"}],"potions_floor_spawned":[8,11,20,22],"seed_played":"-1769234882720399215","killed_by":"Slavers","ascension_level":2,"is_trial":false}