{"path_per_floor":["M","M","?","M","?","E","R","M","T","R","M","R","M","M","R","B",null,"M","M","$","M","?","R","?","R","T","R","$","M","M","M","R","B",null,"M","M","M","$","?","R","M","M","T","M","M","R","?","M","R"],"character_chosen":"IRONCLAD","items_purchased":["Red Skull","Inflame","Anchor"],"gold_per_floor":[114,132,112,129,129,161,161,177,177,177,191,191,207,218,218,317,317,331,350,53,69,69,69,69,69,118,118,49,62,73,88,88,192,192,207,219,231,81,81,81,95,108,108,126,145,145,145,165,165,165],"floor_reached":50,"campfire_rested":3,"playtime":1833,"item_purchase_floors":[20,28,38],"current_hp_per_floor":[75,80,80,80,85,47,47,51,51,51,54,54,57,60,60,30,85,58,55,55,34,34,34,34,34,34,34,34,40,18,24,64,68,85,85,58,14,14,14,54,81,85,85,78,85,85,85,46,85,0],"items_purged":[],"gold":165,"score":452,"play_id":"7b2e5756-c08d-4d0c-ba50-77d620e8e22a","local_time":"20180615204421","is_prod":false,"is_daily":false,"chose_seed":false,"is_ascension_mode":false,"campfire_upgraded":8,"win_rate":0,"timestamp":1529109861,"campfire_choices":[{"data":"Rage","floor":7,"key":"SMITH"},{"data":"Flex","floor":10,"key":"SMITH"},{"data":"Flame Barrier","floor":12,"key":"SMITH"},{"data":"Flex","floor":15,"key":"SMITH"},{"data":"Barricade","floor":23,"key":"SMITH"},{"data":"Shrug It Off","floor":25,"key":"SMITH"},{"data":"Shrug It Off","floor":27,"key":"SMITH"},{"floor":32,"key":"REST"},{"floor":40,"key":"REST"},{"data":"Flame Barrier","floor":46,"key":"SMITH"},{"floor":49,"key":"REST"}],"path_taken":["M","M","?","M","?","E","R","?","T","R","M","R","M","M","R","BOSS","M","M","$","M","?","R","?","R","T","R","?","?","M","M","R","BOSS","M","M","M","$","?","R","M","M","T","M","M","R","?","?","R","BOSS"],"build_version":"2018-06-14v2","seed_source_timestamp":1382264969347763,"purchased_purges":0,"victory":false,"master_deck":["Strike_R","Strike_R","Strike_R","Strike_R","Defend_R","Defend_R","Defend_R","Defend_R","Bash+1","Flame Barrier+1","Shrug It Off+1","Flex+1","Rage+1","Flex+1","Shrug It Off+1","Reckless Charge+1","Pommel Strike+1","Barricade+1","Anger+1","Sword Boomerang+1","Twin Strike+1","Inflame","Thunderclap+1","Reaper+1","Thunderclap+1","Juggernaut","Sword Boomerang+1","Warcry","Headbutt+1","Flame Barrier+1","Iron Wave+1","Panacea"],"max_hp_per_floor":[80,80,80,80,85,85,85,85,85,85,85,85,85,85,85,85,85,85,85,85,85,85,85,85,85,85,85,85,85,85,85,85,85,85,85,85,85,85,85,85,85,85,85,85,85,85,85,85,85,85],"relics":["Burning Blood","Regal Pillow","Molten Egg 2","White Beast Statue","Red Skull","Pen Nib","Runic Pyramid","Anchor","Magic Flower"],"card_choices":[{"not_picked":["Body Slam","Headbutt"],"picked":"Flame Barrier","floor":1},{"not_picked":["Heavy Blade","Body Slam"],"picked":"Shrug It Off","floor":2},{"not_picked":["Sword Boomerang","Dropkick"],"picked":"Flex","floor":4},{"not_picked":["Body Slam","Warcry"],"picked":"Rage","floor":6},{"not_picked":["Armaments","Pommel Strike"],"picked":"Flex","floor":8},{"not_picked":["True Grit","Dark Embrace"],"picked":"Shrug It Off","floor":11},{"not_picked":["Pommel Strike+1","Shockwave"],"picked":"Reckless Charge+1","floor":13},{"not_picked":["Perfected Strike+1","Havoc"],"picked":"Pommel Strike+1","floor":14},{"not_picked":["Immolate+1","Brutality"],"picked":"Barricade","floor":16},{"not_picked":["Sword Boomerang+1","Clothesline+1"],"picked":"Anger+1","floor":18},{"not_picked":["Shrug It Off","Twin Strike+1"],"picked":"Sword Boomerang+1","floor":19},{"not_picked":["Armaments","Infernal Blade"],"picked":"Twin Strike+1","floor":21},{"not_picked":["Blood for Blood+1","Iron Wave+1"],"picked":"Thunderclap+1","floor":29},{"not_picked":["Clothesline+1","Wild Strike+1"],"picked":"Reaper+1","floor":30},{"not_picked":["Wild Strike+1","Armaments"],"picked":"Thunderclap+1","floor":31},{"not_picked":["Double Tap","Exhume"],"picked":"Juggernaut","floor":33},{"not_picked":["Iron Wave+1","Flex"],"picked":"Sword Boomerang+1","floor":35},{"not_picked":["Perfected Strike+1","Combust+1"],"picked":"Warcry","floor":36},{"not_picked":["True Grit+1","Clothesline+1"],"picked":"Headbutt+1","floor":37},{"not_picked":["Armaments","Infernal Blade"],"picked":"Flame Barrier","floor":41},{"not_picked":["Dual Wield+1","Wild Strike+1"],"picked":"Iron Wave+1","floor":42},{"not_picked":["Pommel Strike+1","Thunderclap+1","Intimidate"],"picked":"SKIP","floor":44},{"not_picked":["Clothesline+1","Warcry","Perfected Strike+1"],"picked":"SKIP","floor":45},{"not_picked":["Good Instincts","Secret Weapon"],"picked":"Panacea","floor":47},{"not_picked":["Sword Boomerang+1","Perfected Strike+1","Heavy Blade+1"],"picked":"SKIP","floor":48}],"player_experience":556575,"potions_floor_usage":[18,18,21,33,33,35,45,48,50,50,50],"damage_taken":[{"damage":11,"enemies":"Jaw Worm","floor":1,"turns":4},{"damage":0,"enemies":"Cultist","floor":2,"turns":3},{"damage":6,"enemies":"2 Louse","floor":4,"turns":3},{"damage":44,"enemies":"Gremlin Nob","floor":6,"turns":6},{"damage":2,"enemies":"Looter","floor":8,"turns":3},{"damage":3,"enemies":"Exordium Wildlife","floor":11,"turns":6},{"damage":3,"enemies":"2 Fungi Beasts","floor":13,"turns":5},{"damage":3,"enemies":"Lots of Slimes","floor":14,"turns":5},{"damage":36,"enemies":"The Guardian","floor":16,"turns":13},{"damage":41,"enemies":"Chosen","floor":18,"turns":6},{"damage":9,"enemies":"Shell Parasite","floor":19,"turns":5},{"damage":27,"enemies":"3 Cultists","floor":21,"turns":6},{"damage":0,"enemies":"Centurion and Healer","floor":29,"turns":5},{"damage":28,"enemies":"Cultist and Chosen","floor":30,"turns":6},{"damage":0,"enemies":"Snecko","floor":31,"turns":4},{"damage":2,"enemies":"Champ","floor":33,"turns":12},{"damage":4,"enemies":"Flame Bruiser 1 Orb","floor":35,"turns":5},{"damage":33,"enemies":"Orb Walker","floor":36,"turns":4},{"damage":84,"enemies":"Transient","floor":37,"turns":5},{"damage":15,"enemies":"Flame Bruiser 2 Orb","floor":41,"turns":6},{"damage":0,"enemies":"4 Shapes","floor":42,"turns":4},{"damage":16,"enemies":"Spire Growth","floor":44,"turns":4},{"damage":19,"enemies":"Flame Bruiser 2 Orb","floor":45,"turns":5},{"damage":48,"enemies":"Transient","floor":48,"turns":5},{"damage":127,"enemies":"Donu and Deca","floor":50,"turns":7}],"relics_obtained":[{"floor":6,"key":"Regal Pillow"},{"floor":9,"key":"Molten Egg 2"},{"floor":26,"key":"Pen Nib"},{"floor":43,"key":"Magic Flower"}],"event_choices":[{"event_name":"The Woman in Blue","player_choice":"Bought 1 Potion","floor":3,"damage_taken":0},{"event_name":"Big Fish","player_choice":"Donut","floor":5,"damage_taken":0},{"event_name":"The Mausoleum","player_choice":"No","floor":22,"damage_taken":0},{"event_name":"Ghosts","player_choice":"Ignored","floor":24,"damage_taken":0},{"event_name":"Wheel of Change","player_choice":"Card Removal","floor":39,"damage_taken":0},{"event_name":"SensoryStone","player_choice":"Memory 1","floor":47,"damage_taken":0}],"boss_relics":[{"not_picked":["Runic Cube","Black Blood"],"picked":"White Beast Statue"},{"not_picked":["Tiny House","Lizard Tail"],"picked":"Runic Pyramid"}],"items_purged_floors":[],"is_endless":true,"potions_floor_spawned":[2,6,11,16,18,19,21,29,30,31,33,35,36,37,41,42,44,45,48],"seed_played":"8261199475867391896","killed_by":"Donu and Deca","ascension_level":0,"potions_obtained":[{"floor":2,"key":"EssenceOfSteel"},{"floor":3,"key":"Weak Potion"},{"floor":6,"key":"BloodPotion"},{"floor":18,"key":"FairyPotion"},{"floor":19,"key":"Swift Potion"},{"floor":21,"key":"EssenceOfSteel"},{"floor":33,"key":"Fire Potion"},{"floor":35,"key":"Strength Potion"},{"floor":36,"key":"BloodPotion"},{"floor":37,"key":"EssenceOfSteel"},{"floor":41,"key":"AttackPotion"},{"floor":42,"key":"EssenceOfSteel"},{"floor":45,"key":"AttackPotion"},{"floor":48,"key":"Energy Potion"}],"is_trial":false}