{"gold_per_floor":[114,60,75,75,125,155,170,185,185,200,200,215,215,215,215,215],"floor_reached":16,"playtime":905,"items_purged":[],"score":152,"play_id":"3041f9b3-3aae-407b-8941-48d49561f492","local_time":"20180704005314","daily_mods":["Specialized","Lethality","Hoarder"],"is_ascension_mode":false,"campfire_choices":[{"floor":13,"key":"REST"},{"data":"Endless Agony","floor":15,"key":"SMITH"}],"neow_cost":"","seed_source_timestamp":761175546588549,"circlet_count":0,"master_deck":["Defend_G","Defend_G","Defend_G","Defend_G","Defend_G","Strike_G","Strike_G","Strike_G","Strike_G","Strike_G","Survivor","Neutralize","Phantasmal Killer","Phantasmal Killer","Phantasmal Killer","Phantasmal Killer","Phantasmal Killer","Phantasmal Killer","Phantasmal Killer","Phantasmal Killer","Phantasmal Killer","Phantasmal Killer","Phantasmal Killer","Phantasmal Killer","Phantasmal Killer","Phantasmal Killer","Phantasmal Killer","Endless Agony+1","Endless Agony+1","Endless Agony+1","Slice","Slice+1","Slice","Escape Plan","Escape Plan","Escape Plan","Burst","Burst","Burst"],"special_seed":17715,"relics":["Ring of the Snake","Whetstone","Snake Skull","Paper Crane"],"potions_floor_usage":[12,16,16,16],"damage_taken":[{"damage":8,"enemies":"Small Slimes","floor":1,"turns":4},{"damage":0,"enemies":"Cultist","floor":3,"turns":2},{"damage":25,"enemies":"Lagavulin","floor":6,"turns":4},{"damage":4,"enemies":"Jaw Worm","floor":7,"turns":4},{"damage":3,"enemies":"Large Slime","floor":8,"turns":5},{"damage":2,"enemies":"2 Fungi Beasts","floor":10,"turns":3},{"damage":5,"enemies":"Exordium Wildlife","floor":12,"turns":3},{"damage":45,"enemies":"The Guardian","floor":16,"turns":7}],"seed_played":"-5295216616361332357","potions_obtained":[{"floor":3,"key":"Poison Potion"},{"floor":6,"key":"Swift Potion"},{"floor":10,"key":"Poison Potion"},{"floor":12,"key":"SkillPotion"}],"is_trial":false,"path_per_floor":["M","$","M","?","T","E","M","M","T","M","?","M","R","?","R"],"character_chosen":"THE_SILENT","items_purchased":["Slice"],"campfire_rested":1,"item_purchase_floors":[2],"current_hp_per_floor":[62,62,62,62,62,37,33,30,30,28,28,23,44,44,44,0],"gold":215,"neow_bonus":"","is_prod":false,"is_daily":true,"chose_seed":false,"campfire_upgraded":1,"win_rate":0.0,"timestamp":1530658394,"path_taken":["M","$","M","?","?","E","M","M","T","M","?","?","R","?","R","BOSS"],"build_version":"2018-06-28","purchased_purges":0,"victory":false,"max_hp_per_floor":[70,70,70,70,70,70,70,70,70,70,70,70,70,70,70,70],"card_choices":[{"not_picked":["Slice","Backflip"],"picked":"Endless Agony","floor":1},{"not_picked":["Catalyst","Prepared"],"picked":"Escape Plan","floor":3},{"not_picked":["PiercingWail","Flechettes"],"picked":"Burst","floor":6},{"not_picked":["Sucker Punch","Outmaneuver","Infinite Blades"],"picked":"SKIP","floor":7},{"not_picked":["Deadly Poison","Prepared","Dagger Spray"],"picked":"SKIP","floor":8},{"not_picked":["Concentrate","Dodge and Roll","Well Laid Plans"],"picked":"SKIP","floor":10},{"not_picked":["Predator","Footwork","Noxious Fumes"],"picked":"SKIP","floor":12}],"player_experience":21832,"relics_obtained":[{"floor":5,"key":"Whetstone"},{"floor":6,"key":"Snake Skull"},{"floor":9,"key":"Paper Crane"}],"event_choices":[{"event_name":"The Cleric","player_choice":"Leave","floor":4,"damage_taken":0},{"event_name":"Living Wall","player_choice":"Grow","floor":11,"damage_taken":0},{"event_name":"Liars Game","player_choice":"disagreed","floor":14,"damage_taken":0}],"boss_relics":[],"items_purged_floors":[],"is_endless":false,"potions_floor_spawned":[3,6,10,12],"killed_by":"The Guardian","ascension_level":0}