{"path_per_floor":["M","M","$","?","T","E","R","E","T","$","R","M","R","?","R","B",null,"M","?","M","?","M","R","M","?","T"],"character_chosen":"THE_SILENT","items_purchased":["Footwork","Die Die Die"],"gold_per_floor":[118,133,61,61,61,88,88,148,148,0,0,14,14,0,0,102,102,118,33,51,51,68,68,85,85,112,112],"floor_reached":27,"campfire_rested":0,"playtime":674,"item_purchase_floors":[3,10],"current_hp_per_floor":[70,70,70,63,70,42,42,27,27,27,27,27,27,27,27,1,77,72,72,72,72,62,62,27,27,27,0],"items_purged":["Strike_G"],"gold":112,"score":252,"play_id":"38cd108e-1e2b-421b-a847-17d6bb97df1d","local_time":"20180621220055","is_prod":false,"is_daily":false,"chose_seed":false,"is_ascension_mode":true,"campfire_upgraded":5,"win_rate":0,"timestamp":1529632855,"campfire_choices":[{"data":"Noxious Fumes","floor":7,"key":"SMITH"},{"data":"Die Die Die","floor":11,"key":"SMITH"},{"data":"Footwork","floor":13,"key":"SMITH"},{"data":"Sucker Punch","floor":15,"key":"SMITH"},{"data":"Malaise","floor":23,"key":"SMITH"}],"path_taken":["M","M","?","?","?","E","R","E","T","$","R","M","R","?","R","BOSS","M","?","M","?","M","R","M","?","T","E"],"build_version":"2018-06-21","seed_source_timestamp":1906413247505496,"purchased_purges":1,"circlet_count":0,"victory":false,"master_deck":["Defend_G+1","Defend_G","Defend_G","Defend_G","Defend_G","Strike_G","Strike_G","Strike_G","Survivor+1","Neutralize+1","Dagger Spray","Noxious Fumes+1","Footwork+1","Bane","Deflect","Die Die Die+1","Sucker Punch+1","Envenom","Malaise+1","Deadly Poison+1","Heel Hook","Dagger Spray","Writhe"],"max_hp_per_floor":[70,70,70,70,77,77,77,77,77,77,77,77,77,77,77,77,77,77,77,77,77,77,77,77,77,77,77],"relics":["Ring of the Snake","Strawberry","Lantern","Tiny Chest","Paper Crane","Sozu","Toolbox","War Paint","Potion Belt"],"card_choices":[{"not_picked":["Backflip","Deadly Poison"],"picked":"Dagger Spray","floor":1},{"not_picked":["Backflip","Dodge and Roll"],"picked":"Noxious Fumes","floor":2},{"not_picked":["Grand Finale","Slice"],"picked":"Bane","floor":6},{"not_picked":["Tactician","Dodge and Roll"],"picked":"Deflect","floor":8},{"not_picked":["Blade Dance","Slice"],"picked":"Sucker Punch","floor":12},{"not_picked":["Wraith Form v2","A Thousand Cuts"],"picked":"Envenom","floor":16},{"not_picked":["Distraction","Quick Slash+1"],"picked":"Malaise","floor":18},{"not_picked":["Slice","Flying Knee"],"picked":"Deadly Poison+1","floor":20},{"not_picked":["Blur","Concentrate","Masterful Stab"],"picked":"SKIP","floor":22},{"not_picked":["Flying Knee","Quick Slash"],"picked":"Dagger Spray","floor":24}],"player_experience":563171,"potions_floor_usage":[6,16,22],"damage_taken":[{"damage":0,"enemies":"Cultist","floor":1,"turns":4},{"damage":0,"enemies":"Small Slimes","floor":2,"turns":2},{"damage":28,"enemies":"Gremlin Nob","floor":6,"turns":5},{"damage":15,"enemies":"Lagavulin","floor":8,"turns":8},{"damage":0,"enemies":"2 Louse","floor":12,"turns":1},{"damage":26,"enemies":"Hexaghost","floor":16,"turns":11},{"damage":5,"enemies":"3 Byrds","floor":18,"turns":4},{"damage":0,"enemies":"Chosen","floor":20,"turns":6},{"damage":10,"enemies":"Snecko","floor":22,"turns":6},{"damage":35,"enemies":"Sentry and Sphere","floor":24,"turns":6},{"damage":28,"enemies":"Slavers","floor":27,"turns":3}],"relics_obtained":[{"floor":5,"key":"Strawberry"},{"floor":6,"key":"Lantern"},{"floor":8,"key":"Tiny Chest"},{"floor":9,"key":"Paper Crane"},{"floor":26,"key":"Potion Belt"}],"event_choices":[{"event_name":"Golden Wing","player_choice":"Card Removal","floor":4,"damage_taken":0},{"event_name":"World of Goop","player_choice":"Left","floor":14,"damage_taken":0},{"event_name":"Addict","player_choice":"Obtained Relic","floor":19,"damage_taken":0},{"event_name":"The Library","player_choice":"Read","floor":21,"damage_taken":0},{"event_name":"The Mausoleum","player_choice":"Yes","floor":25,"damage_taken":0}],"boss_relics":[{"not_picked":["Runic Dome","Ectoplasm"],"picked":"Sozu"}],"items_purged_floors":[10],"is_endless":false,"potions_floor_spawned":[2,6,16,24],"seed_played":"6552083676496604221","killed_by":"Slavers","ascension_level":3,"potions_obtained":[{"floor":2,"key":"Block Potion"},{"floor":6,"key":"FearPotion"},{"floor":16,"key":"AttackPotion"}],"is_trial":false}