{"path_per_floor":["M","?","?","M","?","E","R","E","T","?","E","R","$","M","R","B",null,"M","M","?","T"],"character_chosen":"IRONCLAD","items_purchased":["Shuriken"],"gold_per_floor":[144,144,144,164,164,189,189,221,247,247,275,275,24,44,44,141,141,156,167,167,167],"floor_reached":22,"campfire_rested":2,"playtime":883,"current_hp_per_floor":[80,80,80,71,71,48,72,39,39,65,36,60,60,62,62,15,86,63,26,26,26],"items_purged":[],"gold":167,"score":220,"play_id":"de8a046f-f3e4-4d5b-b1e6-e10cfefe03ef","local_time":"20180316025814","is_prod":false,"is_daily":false,"is_ascension_mode":true,"campfire_upgraded":1,"timestamp":1521183494,"path_taken":["M","?","?","?","?","E","R","E","T","?","E","R","$","M","R","BOSS","M","M","?","?","M"],"build_version":"2018-03-15","purchased_purges":0,"victory":false,"master_deck":["Strike_R+1","Strike_R+1","Strike_R+1","Strike_R+1","Strike_R+1","Defend_R+1","Defend_R+1","Defend_R+1","Defend_R+1","Bash+1","Flame Barrier+1","Offering","Cleave","Flex","Barricade+1","Rage","Entrench","Battle Trance","Body Slam","Whirlwind+1"],"max_hp_per_floor":[80,80,80,80,80,80,80,80,80,80,82,82,82,82,82,82,86,86,86,86,86],"relics":["Burning Blood","Tiny Chest","Frozen Egg 2","Pantograph","Singing Bowl","Bottled Lightning","Shuriken","Orrery","Molten Egg 2"],"card_choices":[{"not_picked":["Warcry","Perfected Strike"],"picked":"Flame Barrier"},{"not_picked":["Rupture","Armaments"],"picked":"Offering"},{"not_picked":["True Grit","Sword Boomerang"],"picked":"Cleave"},{"not_picked":["Cleave","Heavy Blade"],"picked":"Flex"},{"not_picked":["Impervious","Juggernaut"],"picked":"Barricade"},{"not_picked":["Thunderclap","Warcry"],"picked":"Rage"},{"not_picked":["Rage","Pommel Strike"],"picked":"Entrench"},{"not_picked":["Feel No Pain","Double Tap"],"picked":"Battle Trance"},{"not_picked":["Flex","Clash"],"picked":"Body Slam"},{"not_picked":["Pommel Strike","Shrug It Off"],"picked":"Whirlwind"}],"player_experience":188481,"potions_floor_usage":[19,19],"damage_taken":[{"damage":4,"enemies":"2 Louse","floor":1,"turns":3},{"damage":15,"enemies":"Small Slimes","floor":4,"turns":3},{"damage":29,"enemies":"3 Sentries","floor":6,"turns":13},{"damage":39,"enemies":"Gremlin Nob","floor":8,"turns":5},{"damage":37,"enemies":"Lagavulin","floor":11,"turns":6},{"damage":4,"enemies":"Jaw Worm","floor":14,"turns":3},{"damage":73,"enemies":"Slime Boss","floor":16,"turns":13},{"damage":29,"enemies":"Spheric Guardian","floor":18,"turns":6},{"damage":43,"enemies":"Chosen","floor":19,"turns":8},{"damage":26,"enemies":"Snake Plant","floor":22,"turns":4}],"event_choices":[{"event_name":"Living Wall","player_choice":"Grow","floor":2,"damage_taken":0},{"event_name":"Golden Idol","player_choice":"Ignored","floor":3,"damage_taken":0},{"event_name":"Liars Game","player_choice":"disagreed","floor":5,"damage_taken":0},{"event_name":"Big Fish","player_choice":"Banana","floor":10,"damage_taken":0},{"event_name":"Back to Basics","player_choice":"Simplicity","floor":20,"damage_taken":0}],"boss_relics":[{"not_picked":["White Beast Statue","Velvet Choker"],"picked":"Orrery"}],"potions_floor_spawned":[1,8,14,16,18],"seed_played":"-5305839797637924252","killed_by":"Snake Plant","ascension_level":2,"is_trial":false}