{"gold_per_floor":[118,137,9,9,84,84,115,115,142,172,172,187,201,220,220,291,291,301,315,330,26,26,26,56,56,56,84,103,121,121,7,7,84,84,97,97,97,112,112,147,37,37,88,114,126,153,179,208,220,232,244,256,268,70,99,99],"floor_reached":57,"playtime":11904,"items_purged":["Defend_P","Defend_P","Strike_P"],"score":2995,"play_id":"35864200-031a-4bb9-aa8d-0917142d0f4c","local_time":"20190915102908","is_ascension_mode":true,"campfire_choices":[{"data":"Eruption","floor":6.0,"key":"SMITH"},{"data":"CrushJoints","floor":8.0,"key":"SMITH"},{"data":"Consecrate","floor":15.0,"key":"SMITH"},{"data":"Ghostly","floor":23.0,"key":"SMITH"},{"data":"Judgement","floor":32.0,"key":"SMITH"},{"data":"Adaptation","floor":42.0,"key":"SMITH"},{"floor":45.0,"key":"RECALL"},{"floor":49.0,"key":"REST"},{"data":"Adaptation","floor":53.0,"key":"SMITH"}],"neow_cost":"NONE","seed_source_timestamp":0,"circlet_count":0,"master_deck":["AscendersBane","Strike_P","Strike_P+1","Defend_P","Eruption+1","Vigilance+1","EmptyBody+1","Adaptation+1","CrushJoints+1","ClearTheMind+1","Consecrate+1","Meditate","Meditate","Blasphemy+1","Judgement+1","Wireheading","Adaptation+1","Ghostly+1","Ghostly+1","Ghostly","EmptyBody","EmptyBody+1","DeceiveReality+1","ClearTheMind+1","Protect+1","Adaptation+1","LessonLearned+1","Evaluate","Sanctity","Secret Technique","EmptyMind+1","Meditate+1","Prostrate+1","MentalFortress"],"special_seed":0,"relics":["PureWater","NeowsBlessing","Kunai","Pen Nib","Ancient Tea Set","Sozu","Vajra","Regal Pillow","Question Card","Oddly Smooth Stone","MealTicket","Busted Crown","Akabeko","MawBank","Boot"],"potions_floor_usage":[],"damage_taken":[{"damage":0.0,"enemies":"Small Slimes","floor":1.0,"turns":1.0},{"damage":0.0,"enemies":"2 Louse","floor":2.0,"turns":1.0},{"damage":0.0,"enemies":"Gremlin Nob","floor":7.0,"turns":1.0},{"damage":0.0,"enemies":"Lagavulin","floor":10.0,"turns":4.0},{"damage":0.0,"enemies":"Jaw Worm","floor":12.0,"turns":2.0},{"damage":12.0,"enemies":"Gremlin Gang","floor":13.0,"turns":6.0},{"damage":4.0,"enemies":"2 Fungi Beasts","floor":14.0,"turns":3.0},{"damage":0.0,"enemies":"Slime Boss","floor":16.0,"turns":5.0},{"damage":6.0,"enemies":"Shell Parasite","floor":18.0,"turns":3.0},{"damage":6.0,"enemies":"Chosen","floor":19.0,"turns":3.0},{"damage":0.0,"enemies":"3 Cultists","floor":20.0,"turns":4.0},{"damage":2.0,"enemies":"Book of Stabbing","floor":24.0,"turns":4.0},{"damage":2.0,"enemies":"Slavers","floor":27.0,"turns":4.0},{"damage":18.0,"enemies":"Chosen and Byrds","floor":28.0,"turns":6.0},{"damage":0.0,"enemies":"Centurion and Healer","floor":29.0,"turns":5.0},{"damage":5.0,"enemies":"Collector","floor":33.0,"turns":6.0},{"damage":4.0,"enemies":"Orb Walker","floor":35.0,"turns":5.0},{"damage":0.0,"enemies":"3 Darklings","floor":38.0,"turns":6.0},{"damage":9.0,"enemies":"Nemesis","floor":40.0,"turns":11.0},{"damage":0.0,"enemies":"Giant Head","floor":44.0,"turns":4.0},{"damage":0.0,"enemies":"Jaw Worm Horde","floor":46.0,"turns":3.0},{"damage":0.0,"enemies":"Sphere and 2 Shapes","floor":47.0,"turns":3.0},{"damage":0.0,"enemies":"4 Shapes","floor":48.0,"turns":5.0},{"damage":3.0,"enemies":"Awakened One","floor":50.0,"turns":4.0},{"damage":1.0,"enemies":"Time Eater","floor":51.0,"turns":9.0},{"damage":22,"enemies":"Shield and Spear","floor":55,"turns":3},{"damage":9,"enemies":"The Heart","floor":56,"turns":7}],"seed_played":"-7325444132110011717","potions_obtained":[{"floor":7.0,"key":"Energy Potion"},{"floor":10.0,"key":"Regen Potion"},{"floor":13.0,"key":"Strength Potion"}],"is_trial":false,"path_per_floor":["M","M","$","?","?","R","E","R","T","E","?","M","M","M","R","B",null,"M","M","M","$","?","R","E","?","T","E","M","M","?","$","R","B",null,"M","?","?","M","?","E","?","R","T","E","R","M","M","M","R","B","B",null,"R","$","E","B",null],"character_chosen":"WATCHER","items_purchased":["Block Potion","Adaptation","Vajra","Protect","Adaptation","MentalFortress"],"campfire_rested":1,"item_purchase_floors":[3,21,21,31,31,54],"current_hp_per_floor":[55,55,55,48,37,37,37,37,37,37,19,19,22,18,18,18,50,44,38,38,38,30,30,28,22,22,20,2,2,2,17,17,12,29,25,25,25,25,25,16,16,16,16,16,16,16,16,16,35,32,31,34,34,35,13,4],"gold":99,"neow_bonus":"THREE_ENEMY_KILL","is_prod":false,"is_daily":false,"chose_seed":false,"campfire_upgraded":7,"win_rate":0,"timestamp":1568568548,"path_taken":["M","M","$","?","?","R","E","R","T","E","?","M","M","?","R","BOSS","M","?","M","$","?","R","E","?","T","E","M","M","?","?","R","BOSS","M","?","?","?","?","E","?","R","T","E","R","M","M","?","R","BOSS","BOSS","R","$","E","BOSS"],"build_version":"2019-09-12","purchased_purges":3,"victory":true,"max_hp_per_floor":[61,61,61,61,61,61,61,61,61,61,61,61,61,61,61,61,61,61,61,61,61,30,30,30,35,35,35,35,35,35,35,35,35,35,35,35,35,35,35,35,35,35,35,35,35,35,35,35,35,35,35,35,35,35,35,35],"card_choices":[{"not_picked":["Consecrate","Sanctity"],"picked":"EmptyBody","floor":1.0},{"not_picked":["WaveOfTheHand","TalkToTheHand"],"picked":"Adaptation","floor":2.0},{"not_picked":["Sanctity","FollowUp"],"picked":"CrushJoints","floor":7.0},{"not_picked":["ForeignInfluence","Halt"],"picked":"ClearTheMind","floor":10.0},{"not_picked":["Wallop","CrushJoints"],"picked":"Consecrate","floor":12.0},{"not_picked":["Wireheading","EmptyBody"],"picked":"Meditate","floor":13.0},{"not_picked":["Sanctity","Crescendo"],"picked":"Meditate","floor":14.0},{"not_picked":["SignatureMove","Wish"],"picked":"Blasphemy","floor":16.0},{"not_picked":["Consecrate","Sanctity"],"picked":"JustLucky","floor":18.0},{"not_picked":["Perseverance","FlyingSleeves"],"picked":"Judgement","floor":19.0},{"not_picked":["Devotion","Halt"],"picked":"Wireheading","floor":20.0},{"not_picked":["ThirdEye","Meditate"],"picked":"EmptyBody","floor":24.0},{"not_picked":["StepAndStrike","ThirdEye","EmptyMind"],"picked":"EmptyBody","floor":27.0},{"not_picked":["Fasting","Tantrum","Halt"],"picked":"DeceiveReality","floor":28.0},{"not_picked":["EmptyFist","Halt","Wireheading"],"picked":"ClearTheMind","floor":29.0},{"not_picked":["Blasphemy","Unraveling","Wallop"],"picked":"LessonLearned","floor":33.0},{"not_picked":["Weave","WreathOfFlame"],"picked":"SKIP","floor":35.0},{"not_picked":["JustLucky"],"picked":"Sanctity","floor":38.0},{"not_picked":["Forethought"],"picked":"Secret Technique","floor":39.0},{"not_picked":["Halt+1"],"picked":"EmptyMind+1","floor":40.0},{"not_picked":["Fasting"],"picked":"Meditate","floor":44.0},{"not_picked":["DeceiveReality","PathToVictory"],"picked":"SKIP","floor":46.0},{"not_picked":["WreathOfFlame+1"],"picked":"Prostrate+1","floor":47.0},{"not_picked":["JustLucky","ClearTheMind"],"picked":"SKIP","floor":48.0},{"not_picked":["JustLucky","Crescendo"],"picked":"SKIP","floor":55}],"player_experience":1077083,"relics_obtained":[{"floor":7.0,"key":"Kunai"},{"floor":9.0,"key":"Pen Nib"},{"floor":10.0,"key":"Ancient Tea Set"},{"floor":24.0,"key":"Regal Pillow"},{"floor":26.0,"key":"Question Card"},{"floor":27.0,"key":"Oddly Smooth Stone"},{"floor":40.0,"key":"Akabeko"},{"floor":44.0,"key":"MawBank"},{"floor":55,"key":"Boot"}],"event_choices":[{"cards_removed":["Defend_P"],"damage_healed":0.0,"max_hp_gain":0.0,"max_hp_loss":0.0,"gold_gain":0.0,"event_name":"Golden Wing","player_choice":"Card Removal","floor":4.0,"gold_loss":0.0,"damage_taken":7.0},{"damage_healed":0.0,"max_hp_gain":0.0,"max_hp_loss":0.0,"gold_gain":75.0,"event_name":"World of Goop","player_choice":"Gather Gold","floor":5.0,"gold_loss":0.0,"damage_taken":11.0},{"damage_healed":0.0,"max_hp_gain":0.0,"max_hp_loss":0.0,"gold_gain":0.0,"event_name":"Shining Light","player_choice":"Entered Light","floor":11.0,"gold_loss":0.0,"damage_taken":18.0,"cards_upgraded":["Vigilance","Strike_P"]},{"damage_healed":0.0,"max_hp_gain":0.0,"max_hp_loss":31.0,"gold_gain":0.0,"event_name":"Ghosts","player_choice":"Became a Ghost","floor":22.0,"gold_loss":0.0,"damage_taken":0.0,"cards_obtained":["Ghostly","Ghostly","Ghostly"]},{"damage_healed":0.0,"max_hp_gain":5.0,"max_hp_loss":0.0,"gold_gain":0.0,"event_name":"Forgotten Altar","player_choice":"Shed Blood","floor":25.0,"gold_loss":0.0,"damage_taken":11.0},{"damage_healed":0.0,"max_hp_gain":0.0,"max_hp_loss":0.0,"gold_gain":0.0,"event_name":"The Mausoleum","player_choice":"Opened","floor":30.0,"gold_loss":0.0,"damage_taken":0.0,"relics_obtained":["MealTicket"],"cards_obtained":["Writhe"]},{"cards_removed":["JustLucky"],"damage_healed":0.0,"max_hp_gain":0.0,"max_hp_loss":0.0,"gold_gain":0.0,"event_name":"Falling","player_choice":"Removed Attack","floor":36.0,"gold_loss":0.0,"damage_taken":0.0},{"damage_healed":0.0,"max_hp_gain":0.0,"max_hp_loss":0.0,"gold_gain":0.0,"cards_transformed":["Strike_P"],"event_name":"Transmorgrifier","player_choice":"Transformed","floor":37.0,"gold_loss":0.0,"damage_taken":0.0,"cards_obtained":["Evaluate"]},{"damage_healed":0.0,"max_hp_gain":0.0,"max_hp_loss":0.0,"gold_gain":0.0,"event_name":"SensoryStone","player_choice":"Memory 1","floor":39.0,"gold_loss":0.0,"damage_taken":0.0},{"cards_removed":["Writhe"],"damage_healed":0.0,"max_hp_gain":0.0,"max_hp_loss":0.0,"gold_gain":0.0,"event_name":"Designer","player_choice":"Upgrade and Remove","floor":41.0,"gold_loss":110.0,"damage_taken":0.0,"cards_upgraded":["DeceiveReality"]}],"is_beta":true,"boss_relics":[{"not_picked":["Cursed Key","Tiny House"],"picked":"Sozu"},{"not_picked":["Philosopher\u0027s Stone","Runic Dome"],"picked":"Busted Crown"}],"items_purged_floors":[3,21,54],"is_endless":false,"potions_floor_spawned":[7,10,13,16,20,27,28,29,40,44,55],"ascension_level":20}