{"gold_per_floor":[110,56,69,69,86,86,117,117,117,134,149,108,108,108,108,108],"floor_reached":16,"playtime":739,"items_purged":[],"score":209,"play_id":"6795225b-3a71-4d74-90ff-882fb500bce3","local_time":"20190406081855","is_ascension_mode":true,"campfire_choices":[{"floor":6,"key":"REST"},{"floor":8,"key":"REST"},{"floor":15,"key":"REST"}],"neow_cost":"NONE","seed_source_timestamp":1193958118667,"circlet_count":0,"master_deck":["AscendersBane","Strike_R","Strike_R","Strike_R","Strike_R","Defend_R","Defend_R","Defend_R+1","Defend_R","Bash","Ghostly Armor+1","Pommel Strike","True Grit","Iron Wave","Fire Breathing","Metallicize","Parasite"],"relics":["Burning Blood","Peace Pipe","Ancient Tea Set","Bottled Flame"],"potions_floor_usage":[7,14],"damage_taken":[{"damage":7,"enemies":"Jaw Worm","floor":1,"turns":4},{"damage":6,"enemies":"Cultist","floor":3,"turns":3},{"damage":1,"enemies":"2 Louse","floor":5,"turns":2},{"damage":56,"enemies":"Lagavulin","floor":7,"turns":11},{"damage":16,"enemies":"Large Slime","floor":10,"turns":11},{"damage":11,"enemies":"Blue Slaver","floor":11,"turns":6},{"damage":0,"enemies":"Gremlin Nob","floor":14,"turns":1},{"damage":45,"enemies":"The Guardian","floor":16,"turns":7}],"seed_played":"-4449554987973447878","potions_obtained":[{"floor":3,"key":"Explosive Potion"},{"floor":5,"key":"SmokeBomb"}],"is_trial":false,"path_per_floor":["M","?","M","?","M","R","E","R","T","M","M","$","?","E","R","B"],"character_chosen":"IRONCLAD","items_purchased":["Metallicize"],"campfire_rested":3,"item_purchase_floors":[12],"current_hp_per_floor":[67,67,67,44,49,71,21,43,43,33,28,28,46,52,74,29],"gold":108,"neow_bonus":"TRANSFORM_CARD","is_prod":false,"is_daily":false,"chose_seed":false,"campfire_upgraded":0,"win_rate":0,"timestamp":1554531535,"path_taken":["M","?","?","?","M","R","E","R","T","M","M","$","?","E","R","BOSS"],"build_version":"2019-01-23","purchased_purges":0,"victory":false,"max_hp_per_floor":[75,75,75,75,75,75,75,75,75,75,75,75,75,75,75,75],"card_choices":[{"not_picked":["True Grit","Rage"],"picked":"Pommel Strike","floor":1},{"not_picked":["Spot Weakness","Sword Boomerang"],"picked":"True Grit","floor":3},{"not_picked":["Clothesline","Flex","Heavy Blade"],"picked":"SKIP","floor":5},{"not_picked":["Clothesline","Body Slam","Dropkick"],"picked":"SKIP","floor":7},{"not_picked":["Pummel","Body Slam"],"picked":"Iron Wave","floor":10},{"not_picked":["True Grit","Twin Strike"],"picked":"Fire Breathing","floor":11}],"player_experience":558242,"relics_obtained":[{"floor":7,"key":"Ancient Tea Set"},{"floor":9,"key":"Bottled Flame"}],"event_choices":[{"damage_healed":0,"gold_gain":0,"player_choice":"Paid Gold","damage_taken":0,"relics_obtained":["Peace Pipe"],"max_hp_gain":0,"max_hp_loss":0,"event_name":"WeMeetAgain","floor":2,"gold_loss":54},{"damage_healed":0,"gold_gain":0,"player_choice":"Entered Light","damage_taken":23,"max_hp_gain":0,"max_hp_loss":0,"event_name":"Shining Light","floor":4,"gold_loss":0,"cards_upgraded":["Ghostly Armor","Defend_R"]},{"damage_healed":18,"gold_gain":0,"player_choice":"Healed and dodged fight","damage_taken":0,"max_hp_gain":0,"max_hp_loss":0,"event_name":"Mushrooms","floor":13,"gold_loss":0,"cards_obtained":["Parasite"]}],"is_beta":false,"boss_relics":[],"items_purged_floors":[],"is_endless":false,"potions_floor_spawned":[3,5],"killed_by":"The Guardian","ascension_level":18}