{"gold_per_floor":[118,128,32,50,67,67,95,95,120,120,131,62,62,74,74,169,169,184,31,31,50,50,50,83,97,97,107,107,107,107],"floor_reached":30,"playtime":927,"items_purged":["Strike_B"],"score":338,"play_id":"cbd77e6d-d138-47a4-93ea-da4d0ca4e393","local_time":"20181227000225","is_ascension_mode":true,"campfire_choices":[{"data":"Zap","floor":6,"key":"SMITH"},{"data":"White Noise","floor":8,"key":"SMITH"},{"data":"Capacitor","floor":13,"key":"SMITH"},{"data":"Loop","floor":15,"key":"SMITH"},{"data":"Amplify","floor":23,"key":"SMITH"},{"data":"Storm","floor":29,"key":"SMITH"}],"neow_cost":"NONE","seed_source_timestamp":540501849852057,"circlet_count":0,"master_deck":["Strike_B","Strike_B","Strike_B","Defend_B","Defend_B","Defend_B","Defend_B","Zap+1","Dualcast+1","Storm+1","BootSequence","Panacea","Static Discharge","White Noise+1","Zap","Loop+1","Loop","Capacitor+1","Amplify+1","Capacitor","Auto Shields","Ghostly","Ghostly","Ghostly","Ghostly","Ghostly","Skim+1","Consume+1","Ball Lightning","Steam Power"],"relics":["Cracked Core","Vajra","Centennial Puzzle","Nuclear Battery","Omamori","The Courier"],"potions_floor_usage":[7,7,7,24,27],"damage_taken":[{"damage":0,"enemies":"Cultist","floor":1,"turns":3},{"damage":5,"enemies":"2 Louse","floor":2,"turns":3},{"damage":4,"enemies":"Small Slimes","floor":4,"turns":4},{"damage":2,"enemies":"2 Fungi Beasts","floor":5,"turns":3},{"damage":10,"enemies":"Gremlin Nob","floor":7,"turns":3},{"damage":2,"enemies":"3 Louse","floor":11,"turns":3},{"damage":0,"enemies":"Blue Slaver","floor":14,"turns":3},{"damage":38,"enemies":"Hexaghost","floor":16,"turns":5},{"damage":13,"enemies":"3 Byrds","floor":18,"turns":4},{"damage":37,"enemies":"2 Thieves","floor":21,"turns":4},{"damage":1,"enemies":"Slavers","floor":24,"turns":7},{"damage":3,"enemies":"Snake Plant","floor":25,"turns":4},{"damage":0,"enemies":"3 Cultists","floor":27,"turns":6},{"damage":31,"enemies":"Shelled Parasite and Fungi","floor":30,"turns":2}],"seed_played":"-4712391303261860481","potions_obtained":[{"floor":2,"key":"AttackPotion"},{"floor":4,"key":"PowerPotion"},{"floor":5,"key":"Poison Potion"},{"floor":14,"key":"EssenceOfSteel"},{"floor":24,"key":"EssenceOfSteel"}],"is_trial":false,"path_per_floor":["M","M","$","M","M","R","E","R","T","?","M","$","R","M","R","B",null,"M","$","?","M","?","R","E","M","T","M","?","R","M"],"character_chosen":"DEFECT","items_purchased":["Panacea","Capacitor","Capacitor"],"campfire_rested":0,"item_purchase_floors":[3,12,19],"current_hp_per_floor":[75,70,70,66,64,64,54,54,54,54,52,52,52,52,52,14,60,47,47,47,10,10,10,9,6,6,6,6,6,0],"gold":107,"neow_bonus":"UPGRADE_CARD","is_prod":false,"is_daily":false,"chose_seed":false,"campfire_upgraded":6,"win_rate":0,"timestamp":1545865345,"path_taken":["M","M","$","?","M","R","E","R","T","?","M","?","R","M","R","BOSS","M","$","?","M","?","R","E","M","T","M","?","R","M"],"build_version":"2018-12-20","purchased_purges":1,"victory":false,"max_hp_per_floor":[75,75,75,75,75,75,75,75,75,75,75,75,75,75,75,75,75,75,75,75,75,37,37,37,37,37,37,37,37,37],"card_choices":[{"not_picked":["Hologram","Go for the Eyes"],"picked":"Storm","floor":1},{"not_picked":["Stack","Doom and Gloom"],"picked":"BootSequence","floor":2},{"not_picked":["Go for the Eyes","Rip and Tear","Gash"],"picked":"SKIP","floor":4},{"not_picked":["Heatsinks","Recycle"],"picked":"Static Discharge","floor":5},{"not_picked":["Genetic Algorithm","Steam"],"picked":"White Noise","floor":7},{"not_picked":["Ball Lightning","Reprogram"],"picked":"Loop","floor":11},{"not_picked":["Compile Driver","Tempest","Chill"],"picked":"SKIP","floor":14},{"not_picked":["Hyperbeam","Reboot"],"picked":"Amplify","floor":16},{"not_picked":["Leap","Coolheaded","Turbo+1"],"picked":"SKIP","floor":18},{"not_picked":["Hologram","Chill"],"picked":"Auto Shields","floor":21},{"not_picked":["Gash","Rainbow"],"picked":"Skim+1","floor":24},{"not_picked":["Sweeping Beam","FTL"],"picked":"Consume+1","floor":25},{"not_picked":["Beam Cell","Coolheaded"],"picked":"Ball Lightning","floor":27}],"player_experience":346018,"relics_obtained":[{"floor":7,"key":"Vajra"},{"floor":9,"key":"Centennial Puzzle"},{"floor":24,"key":"Omamori"},{"floor":26,"key":"The Courier"}],"event_choices":[{"damage_healed":0,"gold_gain":0,"player_choice":"2 cards matched","damage_taken":0,"max_hp_gain":0,"max_hp_loss":0,"event_name":"Match and Keep!","floor":10,"gold_loss":0,"cards_obtained":["Zap","Loop"]},{"damage_healed":0,"gold_gain":0,"player_choice":"Ignored","damage_taken":0,"max_hp_gain":0,"max_hp_loss":0,"event_name":"Vampires","floor":20,"gold_loss":0},{"damage_healed":0,"gold_gain":0,"player_choice":"Became a Ghost","damage_taken":0,"max_hp_gain":0,"max_hp_loss":38,"event_name":"Ghosts","floor":22,"gold_loss":0,"cards_obtained":["Ghostly","Ghostly","Ghostly","Ghostly","Ghostly"]},{"damage_healed":0,"gold_gain":0,"player_choice":"Read","damage_taken":0,"max_hp_gain":0,"max_hp_loss":0,"event_name":"The Library","floor":28,"gold_loss":0,"cards_obtained":["Steam Power"]}],"is_beta":false,"boss_relics":[{"not_picked":["Astrolabe","Lizard Tail"],"picked":"Nuclear Battery"}],"items_purged_floors":[19],"is_endless":false,"potions_floor_spawned":[2,4,5,14,24],"killed_by":"Shelled Parasite and Fungi","ascension_level":5}