{"gold_per_floor":[113,132,132,132,151,151,151,72,72,72,72,72,90,109,109,229,229,229,229,229,229,229,229,229,229,229,229,229],"floor_reached":28,"playtime":596,"items_purged":[],"score":239,"play_id":"0ee4891b-f796-41d0-98e2-43450f72988a","local_time":"20181223204716","is_ascension_mode":true,"campfire_choices":[{"data":"Zap","floor":6,"key":"SMITH"},{"data":"Dualcast","floor":10,"key":"SMITH"},{"data":"Tempest","floor":15,"key":"SMITH"},{"data":"Loop","floor":23,"key":"SMITH"},{"floor":25,"key":"REST"}],"neow_cost":"NONE","seed_source_timestamp":269916559974680,"circlet_count":0,"master_deck":["Defend_B","Defend_B","Defend_B","Defend_B","Zap+1","Dualcast+1","Ball Lightning","Loop+1","Tempest+1","Core Surge"],"relics":["Cracked Core","Golden Idol","Shuriken","Ectoplasm","Bronze Scales"],"potions_floor_usage":[16],"damage_taken":[{"damage":0,"enemies":"Small Slimes","floor":1,"turns":2},{"damage":1,"enemies":"Cultist","floor":2,"turns":3},{"damage":9,"enemies":"Jaw Worm","floor":5,"turns":3},{"damage":2,"enemies":"Looter","floor":13,"turns":3},{"damage":3,"enemies":"Blue Slaver","floor":14,"turns":2},{"damage":33,"enemies":"Hexaghost","floor":16,"turns":8},{"damage":6,"enemies":"Spheric Guardian","floor":18,"turns":3},{"damage":18,"enemies":"3 Byrds","floor":21,"turns":3},{"damage":28,"enemies":"Snake Plant","floor":24,"turns":3},{"damage":15,"enemies":"Shelled Parasite and Fungi","floor":27,"turns":4},{"damage":38,"enemies":"Cultist and Chosen","floor":28,"turns":4}],"seed_played":"-8903611264746654511","potions_obtained":[{"floor":1,"key":"FocusPotion"},{"floor":2,"key":"FearPotion"},{"floor":16,"key":"EssenceOfSteel"},{"floor":21,"key":"FocusPotion"}],"is_trial":false,"path_per_floor":["M","M","?","$","M","R","?","$","T","R","?","$","M","M","R","B",null,"M","?","?","M","?","R","M","R","T","M","M"],"character_chosen":"DEFECT","items_purchased":["Loop"],"campfire_rested":1,"item_purchase_floors":[8],"current_hp_per_floor":[75,74,74,74,65,65,65,65,65,65,58,58,56,53,53,20,69,63,63,57,39,39,39,11,31,31,16,0],"gold":229,"neow_bonus":"REMOVE_CARD","is_prod":false,"is_daily":false,"chose_seed":false,"campfire_upgraded":4,"win_rate":0,"timestamp":1545594436,"path_taken":["M","M","?","$","?","R","?","$","T","R","?","?","?","M","R","BOSS","M","?","?","?","?","R","M","R","T","M","?"],"build_version":"2018-12-20","purchased_purges":0,"victory":false,"max_hp_per_floor":[75,75,75,75,75,75,69,69,69,69,69,69,69,69,69,69,69,69,69,69,69,69,69,69,69,69,69,69],"card_choices":[{"not_picked":["Go for the Eyes","Streamline","Steam"],"picked":"SKIP","floor":1},{"not_picked":["Aggregate","Chaos","Streamline"],"picked":"SKIP","floor":2},{"not_picked":["Compile Driver","Steam"],"picked":"Ball Lightning","floor":5},{"not_picked":["Beam Cell","Rip and Tear"],"picked":"Tempest","floor":13},{"not_picked":["Tempest","Reinforced Body","Recycle"],"picked":"SKIP","floor":14},{"not_picked":["Machine Learning","Rainbow"],"picked":"Core Surge","floor":16},{"not_picked":["Ball Lightning","Reinforced Body","Fusion+1"],"picked":"SKIP","floor":18},{"not_picked":["Redo","Steam","Go for the Eyes"],"picked":"SKIP","floor":21},{"not_picked":["Beam Cell","Hologram","Amplify"],"picked":"SKIP","floor":24},{"not_picked":["Gash+1","Go for the Eyes","Double Energy"],"picked":"SKIP","floor":27}],"player_experience":329231,"relics_obtained":[{"floor":9,"key":"Shuriken"},{"floor":26,"key":"Bronze Scales"}],"event_choices":[{"cards_removed":["Strike_B"],"damage_healed":0,"gold_gain":0,"player_choice":"Offered Basic","damage_taken":0,"max_hp_gain":0,"max_hp_loss":0,"event_name":"Bonfire Elementals","floor":3,"gold_loss":0},{"damage_healed":0,"gold_gain":0,"player_choice":"Lose Max HP","damage_taken":0,"relics_obtained":["Golden Idol"],"max_hp_gain":0,"max_hp_loss":6,"event_name":"Golden Idol","floor":7,"gold_loss":0},{"cards_removed":["Strike_B"],"damage_healed":0,"gold_gain":0,"player_choice":"Card Removal","damage_taken":7,"max_hp_gain":0,"max_hp_loss":0,"event_name":"Golden Wing","floor":11,"gold_loss":0},{"damage_healed":0,"gold_gain":99,"player_choice":"Stole From Cult","damage_taken":0,"max_hp_gain":0,"max_hp_loss":0,"event_name":"Nest","floor":19,"gold_loss":0},{"damage_healed":0,"gold_gain":0,"player_choice":"","damage_taken":6,"max_hp_gain":0,"max_hp_loss":0,"event_name":"Knowing Skull","floor":20,"potions_obtained":[],"gold_loss":0,"cards_obtained":[]},{"cards_removed":["Strike_B"],"damage_healed":0,"gold_gain":0,"player_choice":"Purged","damage_taken":0,"max_hp_gain":0,"max_hp_loss":0,"event_name":"Purifier","floor":22,"gold_loss":0}],"is_beta":false,"boss_relics":[{"not_picked":["Pandora\u0027s Box","Lizard Tail"],"picked":"Ectoplasm"}],"items_purged_floors":[],"is_endless":false,"potions_floor_spawned":[1,2,16,21,27],"killed_by":"Cultist and Chosen","ascension_level":3}