{"path_per_floor":["M","?","?","M","?","R","E","R","T","R","E","M","M","$","R","B",null,"M"],"character_chosen":"DEFECT","items_purchased":["Nova","Impulse"],"gold_per_floor":[118,68,143,155,155,155,187,187,187,187,218,234,254,12,12,108,108,124,79],"floor_reached":19,"campfire_rested":1,"playtime":1448,"current_hp_per_floor":[63,63,52,48,48,48,11,11,11,31,21,23,23,23,23,5,68,18,0],"items_purged":["Strike_B"],"gold":79,"score":201,"play_id":"275afb9b-cb0d-4a50-8406-fee933670ea3","local_time":"20180428122950","is_prod":false,"is_daily":false,"chose_seed":false,"is_ascension_mode":true,"campfire_upgraded":3,"timestamp":1524943790,"path_taken":["M","?","?","M","?","R","E","R","T","R","E","?","M","$","R","BOSS","M","M"],"build_version":"2018-04-26v2","seed_source_timestamp":228344700930451,"purchased_purges":1,"victory":false,"master_deck":["Strike_B","Defend_B","Defend_B","Defend_B","Zap+1","Dualcast","Loop+1","Chaos+1","Echo Form+1","Force Field","Storm","Nova","Impulse","Fission","Streamline"],"max_hp_per_floor":[68,68,68,68,68,68,68,68,68,68,68,68,68,68,68,68,68,68,68],"relics":["Cracked Core","Blood Vial","Kunai","Mercury Hourglass","Eternal Feather"],"card_choices":[{"not_picked":["Rebound","Barrage"],"picked":"Loop","floor":1},{"not_picked":["Undo","Axe Kick"],"picked":"Chaos","floor":4},{"not_picked":["Meteor Strike","Force Field"],"picked":"Echo Form","floor":7},{"not_picked":["Melter","Barrage"],"picked":"Force Field","floor":11},{"not_picked":["Skim","Darkness"],"picked":"Storm","floor":12},{"not_picked":["Multi-Cast","Fusion"],"picked":"Fission","floor":16},{"not_picked":["Turbo","Hologram"],"picked":"Streamline","floor":18}],"player_experience":451320,"potions_floor_usage":[13,16,16],"damage_taken":[{"damage":5,"enemies":"2 Louse","floor":1,"turns":2},{"damage":4,"enemies":"Jaw Worm","floor":4,"turns":4},{"damage":37,"enemies":"Gremlin Nob","floor":7,"turns":4},{"damage":12,"enemies":"Lagavulin","floor":11,"turns":5},{"damage":0,"enemies":"Cultist","floor":12,"turns":3},{"damage":2,"enemies":"3 Louse","floor":13,"turns":2},{"damage":20,"enemies":"The Guardian","floor":16,"turns":8},{"damage":50,"enemies":"Shell Parasite","floor":18,"turns":6},{"damage":28,"enemies":"2 Thieves","floor":19,"turns":2}],"event_choices":[{"event_name":"The Cleric","player_choice":"Card Removal","floor":2,"damage_taken":0},{"event_name":"World of Goop","player_choice":"Gather Gold","floor":3,"damage_taken":0},{"event_name":"Upgrade Shrine","player_choice":"Upgraded","floor":5,"damage_taken":0}],"boss_relics":[{"not_picked":["Snecko Eye","Black Star"],"picked":"Eternal Feather"}],"potions_floor_spawned":[1,7,13],"seed_played":"-466234794198908835","killed_by":"2 Thieves","ascension_level":3,"is_trial":false}