{"gold_per_floor":[114,124,25,42,61,61,87,87,111,125,125,143,16,41,41,116,116,132,132,132,57,71,96,96,127,127,168,195,207,219,243,255,344,356,386,398,410,434,156,188,188,201,252,44,44,71,83,116,116,116],"floor_reached":51,"playtime":4485,"items_purged":["Writhe"],"score":1416,"play_id":"58d9937a-4c22-45f6-aa4c-9a59e2f77672","local_time":"20190902114816","is_ascension_mode":true,"campfire_choices":[{"data":"Clothesline","floor":6,"key":"SMITH"},{"data":"Metallicize","floor":11,"key":"SMITH"},{"data":"Armaments","floor":15,"key":"SMITH"},{"data":"Feed","floor":24,"key":"SMITH"},{"data":"Spot Weakness","floor":30,"key":"SMITH"},{"data":"Ghostly","floor":32,"key":"SMITH"},{"data":"Juggernaut","floor":41,"key":"SMITH"},{"data":"Heavy Blade","floor":45,"key":"SMITH"},{"data":"Battle Trance","floor":49,"key":"SMITH"}],"neow_cost":"CURSE","seed_source_timestamp":1124968294583252,"circlet_count":0,"master_deck":["AscendersBane","Strike_R+1","Strike_R+1","Strike_R+1","Strike_R+1","Defend_R+1","Defend_R+1","Defend_R+1","Defend_R+1","Bash","Iron Wave","Reckless Charge","Clothesline+1","Headbutt+1","Seeing Red","Battle Trance+1","Metallicize+1","Anger","Armaments+1","Spot Weakness+1","Headbutt+1","Feed+1","Ghostly Armor","Ghostly+1","Ghostly","Ghostly","Ghostly","Ghostly","Power Through","Armaments+1","Disarm","Pommel Strike","Disarm+1","Second Wind","Juggernaut+1","Madness","Madness","Shockwave","Flash of Steel","Body Slam","Heavy Blade+1","Sword Boomerang","Headbutt+1","Reaper"],"relics":["Burning Blood","Turnip","PreservedInsect","Dream Catcher","Bronze Scales","Coffee Dripper","Anchor","Magic Flower","MawBank","Boot","Philosopher\u0027s Stone","Whetstone","Oddly Smooth Stone","Orichalcum","OrangePellets","Smiling Mask","Kunai"],"potions_floor_usage":[12,16,18,23,33,33,38,46,50,50],"damage_taken":[{"damage":4,"enemies":"Jaw Worm","floor":1,"turns":4},{"damage":1,"enemies":"2 Louse","floor":2,"turns":3},{"damage":0,"enemies":"Small Slimes","floor":4,"turns":3},{"damage":1,"enemies":"Blue Slaver","floor":5,"turns":3},{"damage":31,"enemies":"Lagavulin","floor":7,"turns":7},{"damage":6,"enemies":"Exordium Thugs","floor":10,"turns":4},{"damage":6,"enemies":"Red Slaver","floor":12,"turns":3},{"damage":9,"enemies":"3 Sentries","floor":14,"turns":5},{"damage":38,"enemies":"Slime Boss","floor":16,"turns":12},{"damage":25,"enemies":"2 Thieves","floor":18,"turns":3},{"damage":0,"enemies":"Chosen","floor":22,"turns":5},{"damage":2,"enemies":"Book of Stabbing","floor":23,"turns":4},{"damage":12,"enemies":"Slavers","floor":25,"turns":5},{"damage":0,"enemies":"Book of Stabbing","floor":27,"turns":5},{"damage":5,"enemies":"3 Cultists","floor":28,"turns":6},{"damage":0,"enemies":"Cultist and Chosen","floor":31,"turns":8},{"damage":22,"enemies":"Automaton","floor":33,"turns":14},{"damage":0,"enemies":"3 Shapes","floor":35,"turns":6},{"damage":6,"enemies":"3 Darklings","floor":38,"turns":6},{"damage":0,"enemies":"Nemesis","floor":40,"turns":6},{"damage":17,"enemies":"Sphere and 2 Shapes","floor":42,"turns":6},{"damage":32,"enemies":"Reptomancer","floor":46,"turns":8},{"damage":43,"enemies":"Transient","floor":47,"turns":5},{"damage":0,"enemies":"Nemesis","floor":48,"turns":7},{"damage":30,"enemies":"Donu and Deca","floor":50,"turns":11}],"seed_played":"-6705284981146457129","potions_obtained":[{"floor":4,"key":"Weak Potion"},{"floor":5,"key":"SteroidPotion"},{"floor":7,"key":"Dexterity Potion"},{"floor":14,"key":"GamblersBrew"},{"floor":16,"key":"FearPotion"},{"floor":18,"key":"Fruit Juice"},{"floor":23,"key":"SpeedPotion"},{"floor":25,"key":"Ancient Potion"},{"floor":27,"key":"EntropicBrew"},{"floor":38,"key":"Regen Potion"},{"floor":40,"key":"Strength Potion"},{"floor":48,"key":"Explosive Potion"}],"is_trial":false,"path_per_floor":["M","M","$","M","M","R","E","?","T","M","R","M","$","E","R","B",null,"M","?","?","?","M","E","R","E","T","E","M","?","R","M","R","B",null,"M","?","?","M","$","E","R","M","T","$","R","E","M","E","R","B",null],"character_chosen":"IRONCLAD","items_purchased":["Clothesline","Armaments","Spot Weakness","Whetstone","Flash of Steel","Body Slam","OrangePellets"],"campfire_rested":0,"item_purchase_floors":[3,13,13,39,39,39,44],"current_hp_per_floor":[74,79,79,80,80,80,55,55,55,55,55,55,55,52,52,20,65,54,44,44,44,47,47,47,45,45,51,55,46,46,61,61,48,60,68,68,59,68,68,76,76,68,68,68,68,69,35,44,44,44],"gold":116,"neow_bonus":"ONE_RARE_RELIC","is_prod":false,"is_daily":false,"chose_seed":false,"campfire_upgraded":9,"win_rate":0,"timestamp":1567439296,"path_taken":["M","M","$","M","M","R","E","?","T","M","R","M","$","E","R","BOSS","M","?","?","?","M","E","R","E","T","E","M","?","R","M","R","BOSS","M","?","?","?","$","E","R","M","T","$","R","E","M","E","R","BOSS"],"build_version":"2019-07-17","purchased_purges":1,"victory":true,"max_hp_per_floor":[80,80,80,80,80,80,80,80,80,80,80,80,80,80,80,80,80,88,44,44,44,47,47,47,51,51,51,55,60,60,64,64,64,64,68,68,68,72,72,76,76,76,76,76,76,76,76,76,76,76],"card_choices":[{"not_picked":["Pommel Strike","Searing Blow"],"picked":"Iron Wave","floor":1},{"not_picked":["Warcry","True Grit"],"picked":"Reckless Charge","floor":2},{"not_picked":["Havoc","Twin Strike"],"picked":"Headbutt","floor":4},{"not_picked":["Havoc","Feel No Pain"],"picked":"Seeing Red","floor":5},{"not_picked":["Headbutt","Sever Soul"],"picked":"Battle Trance","floor":7},{"not_picked":["Headbutt","Infernal Blade"],"picked":"Metallicize","floor":10},{"not_picked":["Warcry","Flex"],"picked":"Anger","floor":12},{"not_picked":["Twin Strike","Feel No Pain"],"picked":"Headbutt","floor":14},{"not_picked":["Barricade","Double Tap"],"picked":"Feed","floor":16},{"not_picked":["Clothesline","Infernal Blade"],"picked":"Ghostly Armor","floor":18},{"not_picked":["Havoc","Armaments"],"picked":"Power Through","floor":22},{"not_picked":["Clothesline","Clash"],"picked":"Armaments+1","floor":23},{"not_picked":["Dropkick","Perfected Strike+1"],"picked":"Disarm","floor":25},{"not_picked":["Carnage+1","Inflame"],"picked":"Pommel Strike","floor":27},{"not_picked":["Heavy Blade","Headbutt"],"picked":"Disarm+1","floor":28},{"not_picked":["Reckless Charge","Twin Strike"],"picked":"Second Wind","floor":31},{"not_picked":["Fiend Fire","Bludgeon"],"picked":"Juggernaut","floor":33},{"not_picked":["Heavy Blade","Shrug It Off","Disarm+1"],"picked":"SKIP","floor":35},{"not_picked":["Fire Breathing+1","Intimidate"],"picked":"Shockwave","floor":38},{"not_picked":["Iron Wave","True Grit"],"picked":"Heavy Blade","floor":40},{"not_picked":["Wild Strike+1","Sentinel"],"picked":"Sword Boomerang","floor":42},{"not_picked":["Evolve","Hemokinesis","Shrug It Off"],"picked":"SKIP","floor":46},{"not_picked":["Whirlwind+1","Perfected Strike"],"picked":"Headbutt+1","floor":47},{"not_picked":["Clothesline","Seeing Red+1"],"picked":"Reaper","floor":48}],"player_experience":541952,"relics_obtained":[{"floor":7,"key":"PreservedInsect"},{"floor":9,"key":"Dream Catcher"},{"floor":14,"key":"Bronze Scales"},{"floor":23,"key":"Anchor"},{"floor":25,"key":"Magic Flower"},{"floor":26,"key":"MawBank"},{"floor":27,"key":"Boot"},{"floor":40,"key":"Oddly Smooth Stone"},{"floor":43,"key":"Orichalcum"},{"floor":46,"key":"Smiling Mask"},{"floor":48,"key":"Kunai"}],"event_choices":[{"damage_healed":0,"gold_gain":0,"cards_transformed":["Strike_R"],"player_choice":"Change","damage_taken":0,"max_hp_gain":0,"max_hp_loss":0,"event_name":"Living Wall","floor":8,"gold_loss":0,"cards_obtained":["Fire Breathing"]},{"damage_healed":0,"gold_gain":0,"player_choice":"Became a Ghost","damage_taken":0,"max_hp_gain":0,"max_hp_loss":44,"event_name":"Ghosts","floor":19,"gold_loss":0,"cards_obtained":["Ghostly","Ghostly","Ghostly","Ghostly","Ghostly"]},{"damage_healed":0,"gold_gain":0,"player_choice":"Simplicity","damage_taken":0,"max_hp_gain":0,"max_hp_loss":0,"event_name":"Back to Basics","floor":20,"gold_loss":0,"cards_upgraded":["Strike_R","Strike_R","Strike_R","Strike_R","Defend_R","Defend_R","Defend_R","Defend_R"]},{"cards_removed":["Fire Breathing"],"damage_healed":0,"gold_gain":0,"player_choice":"Gave Gold","damage_taken":0,"max_hp_gain":0,"max_hp_loss":0,"event_name":"Beggar","floor":21,"gold_loss":75},{"damage_healed":0,"gold_gain":0,"player_choice":"Shed Blood","damage_taken":14,"max_hp_gain":5,"max_hp_loss":0,"event_name":"Forgotten Altar","floor":29,"gold_loss":0},{"damage_healed":0,"gold_gain":0,"player_choice":"Ignored","damage_taken":0,"max_hp_gain":0,"max_hp_loss":0,"event_name":"Tomb of Lord Red Mask","floor":36,"gold_loss":0},{"damage_healed":0,"gold_gain":0,"player_choice":"Embrace Madness","damage_taken":9,"max_hp_gain":0,"max_hp_loss":0,"event_name":"Winding Halls","floor":37,"gold_loss":0,"cards_obtained":["Madness","Madness"]}],"is_beta":false,"boss_relics":[{"not_picked":["Black Blood","Calling Bell"],"picked":"Coffee Dripper"},{"not_picked":["Snecko Eye","Runic Dome"],"picked":"Philosopher\u0027s Stone"}],"items_purged_floors":[3],"is_endless":false,"potions_floor_spawned":[4,5,7,14,16,18,23,25,27,38,40,42,48],"ascension_level":13}