{"path_per_floor":["M","?","M","?","M","R","E","R","T","M","M","R","?","M","R","B",null,"M","$","?","?","$","R","?","M","T","M","R","M","$","M","R","B",null,"M","M","$","M","?","M","?","M","T","M","R","M","M","M","R"],"character_chosen":"IRONCLAD","items_purchased":["Bottled Flame"],"gold_per_floor":[114,114,128,128,143,143,171,171,198,218,237,237,237,252,252,348,348,358,24,24,24,24,24,24,37,63,79,79,89,89,99,99,201,201,221,236,136,150,150,164,164,180,180,199,199,219,237,256,256,256],"floor_reached":50,"campfire_rested":0,"playtime":1026,"current_hp_per_floor":[80,80,80,80,80,80,59,59,59,65,62,62,80,76,76,28,80,80,77,77,77,77,77,63,64,64,62,62,76,76,82,82,35,82,82,82,82,79,79,73,73,60,60,60,60,38,33,43,43,0],"items_purged":["Parasite","Strike_R"],"gold":256,"score":500,"play_id":"8b8224b7-b41b-4020-98c6-6b09d2f4d10a","local_time":"20180417204428","is_prod":false,"is_daily":false,"chose_seed":false,"is_ascension_mode":false,"campfire_upgraded":9,"timestamp":1524012268,"path_taken":["M","?","?","?","?","R","E","R","T","?","M","R","?","M","R","BOSS","M","$","?","?","$","R","?","M","T","M","R","M","$","M","R","BOSS","M","M","$","M","?","M","?","M","T","M","R","M","M","M","R","BOSS"],"build_version":"2018-04-12","seed_source_timestamp":1457408514365651,"purchased_purges":2,"victory":false,"master_deck":["Strike_R","Strike_R","Strike_R","Strike_R","Defend_R","Defend_R","Defend_R","Bash","Searing Blow+11","Reaper","Thunderclap+1","Body Slam+1","Feel No Pain","Headbutt+1","Double Tap","Uppercut+1","Headbutt+1","Battle Trance+1","Havoc+1","Warcry","Battle Trance+1","Dual Wield+1","Secret Weapon","Headbutt+1","Disarm+1","Headbutt+1","Headbutt+1"],"max_hp_per_floor":[80,80,80,80,80,80,80,80,80,80,80,80,80,80,80,80,80,80,77,77,77,77,77,82,82,82,82,82,82,82,82,82,82,82,82,82,82,82,82,82,82,82,82,82,82,82,82,82,82,82],"relics":["Burning Blood","NeowsBlessing","Molten Egg 2","Happy Flower","Mark of Pain","Bottled Flame","Whetstone","Sozu","Shuriken"],"card_choices":[{"not_picked":["Inflame","Havoc"],"picked":"Searing Blow","floor":1},{"not_picked":["Blood for Blood","Searing Blow"],"picked":"Thunderclap","floor":5},{"not_picked":["Twin Strike","Armaments"],"picked":"Body Slam","floor":7},{"not_picked":["Intimidate","Cleave"],"picked":"Feel No Pain","floor":11},{"not_picked":["Searing Blow","Hemokinesis"],"picked":"Headbutt","floor":14},{"not_picked":["Dark Embrace","Exhume"],"picked":"Double Tap","floor":16},{"not_picked":["Sever Soul","Heavy Blade"],"picked":"Uppercut","floor":18},{"not_picked":["Reckless Charge","Flex"],"picked":"Battle Trance","floor":25},{"not_picked":["Rage","Clothesline"],"picked":"Havoc","floor":27},{"not_picked":["Sword Boomerang","Barricade"],"picked":"Warcry","floor":29},{"not_picked":["Clash","Carnage"],"picked":"Battle Trance","floor":36},{"not_picked":["Cleave","Sword Boomerang"],"picked":"Dual Wield","floor":38},{"not_picked":["Mind Blast","Apotheosis"],"picked":"Secret Weapon","floor":39},{"not_picked":["Clash","Twin Strike"],"picked":"Headbutt","floor":42},{"not_picked":["Bloodletting","Flame Barrier"],"picked":"Disarm","floor":44},{"not_picked":["Second Wind","Iron Wave"],"picked":"Headbutt","floor":46},{"not_picked":["Heavy Blade","Rampage"],"picked":"Headbutt","floor":47}],"player_experience":367870,"potions_floor_usage":[10,50,50,50],"damage_taken":[{"damage":0,"enemies":"Small Slimes","floor":1,"turns":1},{"damage":0,"enemies":"Cultist","floor":3,"turns":1},{"damage":0,"enemies":"Jaw Worm","floor":5,"turns":1},{"damage":27,"enemies":"3 Sentries","floor":7,"turns":7},{"damage":0,"enemies":"Lots of Slimes","floor":10,"turns":1},{"damage":12,"enemies":"3 Louse","floor":11,"turns":3},{"damage":10,"enemies":"Large Slime","floor":14,"turns":4},{"damage":54,"enemies":"Hexaghost","floor":16,"turns":7},{"damage":5,"enemies":"Spheric Guardian","floor":18,"turns":3},{"damage":5,"enemies":"2 Thieves","floor":25,"turns":2},{"damage":8,"enemies":"Cultist and Chosen","floor":27,"turns":3},{"damage":0,"enemies":"Centurion and Healer","floor":29,"turns":3},{"damage":0,"enemies":"Snecko","floor":31,"turns":1},{"damage":53,"enemies":"Automaton","floor":33,"turns":5},{"damage":0,"enemies":"Orb Walker","floor":35,"turns":1},{"damage":3,"enemies":"3 Shapes","floor":36,"turns":2},{"damage":9,"enemies":"Sphere and 2 Shapes","floor":38,"turns":2},{"damage":15,"enemies":"Maw","floor":40,"turns":5},{"damage":31,"enemies":"4 Shapes","floor":42,"turns":3},{"damage":6,"enemies":"3 Darklings","floor":44,"turns":2},{"damage":36,"enemies":"Maw","floor":46,"turns":5},{"damage":23,"enemies":"4 Shapes","floor":47,"turns":3},{"damage":8,"enemies":"Sphere and 2 Shapes","floor":48,"turns":3},{"damage":43,"enemies":"Awakened One","floor":50,"turns":3}],"event_choices":[{"event_name":"Transmorgrifier","player_choice":"Transform","floor":2,"damage_taken":0},{"event_name":"Living Wall","player_choice":"Grow","floor":4,"damage_taken":0},{"event_name":"Mushrooms","player_choice":"Healed and dodged fight","floor":13,"damage_taken":0},{"event_name":"Vampires","player_choice":"Ignored","floor":20,"damage_taken":0},{"event_name":"Duplicator","player_choice":"One dupe","floor":21,"damage_taken":0},{"event_name":"Forgotten Altar","player_choice":"Shed Blood","floor":24,"damage_taken":0},{"event_name":"SensoryStone","player_choice":"Memory 1","floor":39,"damage_taken":0},{"event_name":"Mysterious Sphere","player_choice":"Ignore","floor":41,"damage_taken":0}],"boss_relics":[{"not_picked":["Ectoplasm","Lizard Tail"],"picked":"Mark of Pain"},{"not_picked":["Calling Bell","Pandora\u0027s Box"],"picked":"Sozu"}],"potions_floor_spawned":[1,3,14,16,18,29,40,44,47,48],"seed_played":"5005077441970738731","killed_by":"Awakened One","ascension_level":0,"is_trial":false}