{"path_per_floor":["M","?","$","?","M","R","E","R","T","?","$","E","M","M","R","B",null,"M","?","$","?","T","E","M","$","T","?","R","?","M","M","R","B",null,"M","M","$","?","?","R","M","R","T","?","?","R","$","M","R"],"character_chosen":"IRONCLAD","items_purchased":["Disarm","Bottled Tornado","Bandage Up"],"gold_per_floor":[119,119,119,119,140,140,184,184,184,184,30,70,91,106,106,226,226,240,240,240,240,311,346,360,3,27,27,27,27,40,53,53,151,151,168,178,78,0,100,100,112,112,112,112,112,112,112,132,132,132],"floor_reached":50,"campfire_rested":4,"playtime":1221,"current_hp_per_floor":[78,58,58,58,64,64,70,70,70,70,70,26,27,33,57,33,68,68,68,68,68,73,32,43,43,48,48,48,48,34,51,75,17,64,62,56,56,56,61,61,32,32,32,32,32,56,56,40,64,0],"items_purged":["Defend_R","Spot Weakness"],"gold":132,"score":660,"play_id":"3c72a339-b165-48e8-bf9a-4949c03a4a39","local_time":"20180412162226","is_prod":false,"is_daily":false,"is_ascension_mode":true,"campfire_upgraded":5,"timestamp":1523564546,"path_taken":["M","?","$","?","M","R","E","R","T","?","$","E","M","M","R","BOSS","M","?","$","?","?","E","M","?","T","?","R","?","M","M","R","BOSS","M","M","$","?","?","R","M","R","T","?","?","R","?","M","R","BOSS"],"build_version":"2018-04-05v2","purchased_purges":3,"victory":false,"master_deck":["Strike_R+1","Strike_R+1","Strike_R+1","Strike_R+1","Strike_R+1","Defend_R+1","Defend_R+1","Bash","True Grit+1","Perfected Strike+1","Disarm","Exhume+1","Demon Form+1","Heavy Blade","Twin Strike","Perfected Strike+1","Bandage Up+1","Clash+1","Uppercut+1","Sword Boomerang+1","Perfected Strike","Reaper","Shrug It Off+1"],"max_hp_per_floor":[80,80,80,80,80,80,80,80,80,80,80,80,80,80,80,80,80,80,80,80,80,80,80,80,80,80,80,80,80,80,80,80,80,80,80,80,80,80,80,80,80,80,80,80,80,80,80,80,80,80],"relics":["Burning Blood","NeowsBlessing","Bloody Idol","Lantern","Sundial","Mercury Hourglass","Velvet Choker","Darkstone Periapt","Toxic Egg 2","Bottled Tornado","Juzu Bracelet","Astrolabe","Red Mask","Gambling Chip"],"card_choices":[{"not_picked":["Iron Wave","Burning Pact"],"picked":"True Grit","floor":1},{"not_picked":["Clash","Havoc"],"picked":"Perfected Strike","floor":5},{"not_picked":["Wild Strike","Iron Wave"],"picked":"Flex","floor":12},{"not_picked":["Combust","Fire Breathing"],"picked":"Disarm","floor":13},{"not_picked":["Heavy Blade","Body Slam"],"picked":"Exhume","floor":14},{"not_picked":["Fiend Fire","Juggernaut"],"picked":"Demon Form","floor":16},{"not_picked":["Spot Weakness","Intimidate"],"picked":"Heavy Blade","floor":18},{"not_picked":["Flex","Spot Weakness"],"picked":"Twin Strike","floor":23},{"not_picked":["Shrug It Off","Battle Trance"],"picked":"Perfected Strike","floor":24},{"not_picked":["Anger","Headbutt"],"picked":"Clash","floor":30},{"not_picked":["Dark Embrace","Impervious"],"picked":"Fiend Fire","floor":33},{"not_picked":["Power Through","Twin Strike"],"picked":"Perfected Strike","floor":35},{"not_picked":["Spot Weakness","Heavy Blade"],"picked":"Reaper","floor":41},{"not_picked":["Sword Boomerang","Shockwave"],"picked":"Shrug It Off","floor":48}],"player_experience":339228,"potions_floor_usage":[16,33,50,50,50],"damage_taken":[{"damage":0,"enemies":"Cultist","floor":1,"turns":1},{"damage":0,"enemies":"2 Louse","floor":5,"turns":1},{"damage":0,"enemies":"3 Sentries","floor":7,"turns":2},{"damage":50,"enemies":"Lagavulin","floor":12,"turns":6},{"damage":5,"enemies":"Jaw Worm","floor":13,"turns":3},{"damage":0,"enemies":"Looter","floor":14,"turns":1},{"damage":30,"enemies":"Hexaghost","floor":16,"turns":11},{"damage":6,"enemies":"Shell Parasite","floor":18,"turns":6},{"damage":52,"enemies":"Gremlin Leader","floor":23,"turns":7},{"damage":0,"enemies":"3 Byrds","floor":24,"turns":4},{"damage":31,"enemies":"Centurion and Healer","floor":30,"turns":4},{"damage":0,"enemies":"Snake Plant","floor":31,"turns":4},{"damage":74,"enemies":"Collector","floor":33,"turns":8},{"damage":25,"enemies":"3 Shapes","floor":35,"turns":5},{"damage":23,"enemies":"Orb Walker","floor":36,"turns":3},{"damage":46,"enemies":"3 Darklings","floor":41,"turns":4},{"damage":33,"enemies":"Maw","floor":48,"turns":5},{"damage":104,"enemies":"Time Eater","floor":50,"turns":6}],"event_choices":[{"event_name":"Golden Idol","player_choice":"Take Damage","floor":2,"damage_taken":0},{"event_name":"Liars Game","player_choice":"disagreed","floor":4,"damage_taken":0},{"event_name":"The Woman in Blue","player_choice":"Bought 0 Potions","floor":10,"damage_taken":0},{"event_name":"Back to Basics","player_choice":"Simplicity","floor":19,"damage_taken":0},{"event_name":"Forgotten Altar","player_choice":"Gave Idol","floor":21,"damage_taken":0},{"event_name":"Beggar","player_choice":"Ignored","floor":27,"damage_taken":0},{"event_name":"Vampires","player_choice":"Ignored","floor":29,"damage_taken":0},{"event_name":"Tomb of Lord Red Mask","player_choice":"Paid","floor":38,"damage_taken":0},{"event_name":"Golden Shrine","player_choice":"Pray","floor":39,"damage_taken":0},{"event_name":"The Lab","player_choice":"Got Potions","floor":44,"damage_taken":0},{"event_name":"Wheel of Change","player_choice":"Card Removal","floor":45,"damage_taken":0}],"boss_relics":[{"not_picked":["White Beast Statue","Runic Dome"],"picked":"Velvet Choker"},{"not_picked":["Sozu","Runic Pyramid"],"picked":"Astrolabe"}],"potions_floor_spawned":[5,12,14,30,33,36],"seed_played":"7065070146608360408","killed_by":"Time Eater","ascension_level":7,"is_trial":false}